4762 5918
186 1587 282 1684 DE
309 1585 678 1686 SCANDALIS
707 1588 953 1690 QUIBUS
980 1589 1202 1686 HODIE
1230 1556 1573 1691 PLERIQUE
1601 1589 2149 1706 ABSTERRENTUR

245 1883 248 1887 1
297 1721 647 1897 NONNULLI
673 1722 888 1820 ΕΊῚΑΜ
914 1722 1353 1958 Alffltgrplilffg}
1380 1725 1425 1821 A
1452 1724 1633 1821 PURA
1662 1724 2036 1923 EVANcuLss

253 2067 326 2141 [pag.
345 2067 376 2140 5]
397 2063 473 2126 Non
497 2062 555 2127 abs
577 2083 614 2126 ro
635 2063 807 2141 Dominus,
830 2071 1004 2147 postquam
1026 2047 1143 2128 multis
1196 2063 1409 2139 necessariae,
1432 2063 1552 2144 partim
1574 2072 1741 2145 maguaot
1758 2062 1851 2127 varia
1874 2063 2015 2145 negotia,
2039 2071 2091 2127 sat
2112 2063 2175 2130 hoo
2219 2112 2221 2117 -
2262 2100 2267 2110 ·

64 2186 69 2193 -
124 2149 367 2231 -argumentis
385 2169 463 2213 eum
476 2167 511 2212 se
533 2168 604 2212 esse
627 2149 879 2230 comprobasset,
902 2149 958 2230 qui
983 2155 1142 2214 venturus
1196 2147 1259 2212 cito
1282 2147 1354 2224 erit,
1376 2148 1402 2211 si
1427 2154 1479 2212 sat
1500 2146 1592 2212 bene.

159 2240 233 2298 erat
261 2234 446 2315 inpiorum
481 2232 637 2312 salutem,
677 2234 763 2299 hanc
795 2233 928 2298 tandem
961 2233 1143 2298 clausulam
1281 2234 1386 2298 Porro
1409 2237 1589 2313 antequam
1602 2233 1635 2296 in
1660 2252 1728 2297 rem
1752 2233 1859 2315 ipsam
1881 2232 2103 2317 ingredimur,
2125 2235 2175 2298 vi·
2241 2281 2246 2293 .

159 2317 327 2383 adiunxit:
342 2368 345 2375 .
362 2319 487 2383 Beatus
520 2318 576 2400 qui
610 2339 678 2383 nou
711 2320 812 2383 fuerit
843 2320 989 2384 offensus
1020 2320 1056 2383 in
1088 2340 1142 2383 me
1195 2317 1339 2382 dandum
1362 2325 1420 2397 est,
1444 2318 1500 2399 qui
1512 2319 1688 2383 conveniat
1709 2318 1827 2383 titulus
1846 2319 1899 2382 hic
1911 2317 2056 2397 Ohristo,
2077 2341 2176 2401 quem

158 2404 298 2488 (Matth.
313 2409 370 2484 ll,
392 2410 425 2485 63
447 2405 529 2469 Luc.
551 2409 579 2482 7,
599 2406 664 2484 23).
712 2405 847 2470 Scilicet
864 2426 931 2468 non
954 2412 1083 2491 tautum
1106 2405 1142 2468 in
1195 2411 1324 2468 constat
1345 2412 1497 2470 aeternae
1517 2403 1607 2468 vitae
1625 2424 1697 2469 esse
1715 2406 1907 2483 ostium,.ut
1917 2405 1960 2469 sit
1970 2404 2053 2487 lapis
2071 2406 2175 2469 offen·

159 2489 326 2572 evangelii
353 2491 407 2555 sui
437 2489 639 2572 professione
667 2491 775 2554 multa
802 2496 942 2555 noverat
969 2491 1140 2567 contineri,
1195 2490 1296 2553 sionis
1322 2498 1355 2553 et
1378 2496 1472 2572 petra
1489 2487 1636 2553 scandali
1654 2493 1684 2571 (1
1700 2490 1789 2553 Petr.
1811 2495 1839 2567 2,
1860 2492 1909 2570 e):
1933 2491 1989 2572 qui
2006 2492 2066 2555 fiat
2083 2491 2175 2554 simi-

159 2597 181 2640 a
210 2575 333 2658 quibus
365 2575 547 2640 humanum
580 2577 750 2659 ingenium
785 2572 917 2658 penitus
950 2575 1140 2641 abhorreat:
1194 2574 1279 2652 liter,
1300 2584 1337 2639 ut
1359 2574 1521 2658 evangelii
1546 2572 1702 2653 doctrina,
1726 2597 1808 2657 quae
1828 2577 1926 2640 unica
1937 2584 1988 2639 est
2009 2576 2064 2639 via
2086 2576 2174 2640 salu'-
2202 2606 2203 2609 ¹

158 2660 219 2725 sed
241 2661 535 2726 etiamexoritura
554 2683 645 2736 mox,
674 2659 820 2725 Satanae
847 2662 1002 2738 artifici0,
1033 2662 1140 2742 provi·
1194 2660 1248 2739 tis,
1270 2669 1429 2744 perpetuo
1450 2665 1523 2724 cum
1536 2669 1603 2736 tam
1616 2661 1729 2724 multis
1741 2659 1903 2725 scandalis
1924 2662 1967 2724 sit
1989 2661 2173 2725 coniuncta.

159 2744 259 2811 debat
279 2767 377 2811 omne
397 2767 502 2830 genus
524 2747 705 2824 obstacula,
725 2767 809 2829 quae
829 2747 918 2812 illam
942 2745 1066 2810 mundo
1090 2746 1142 2809 vel
1194 2745 1325 2810 Clarius
1348 2747 1410 2810 hoc
1431 2748 1497 2833 fiet,
1526 2746 1554 2809 si
1577 2768 1596 2809 a
1621 2745 1765 2810 scandali
1788 2747 1978 2810 definitione
2001 2743 2174 2811 exordium

125 2851 127 2853 ·
158 2853 295 2907 exosam
318 2829 501 2908 redderent,
524 2832 579 2896 vel
601 2839 797 2914 suspectam.
841 2833 888 2896 Et
910 2853 989 2897 sane
1010 2832 1142 2916 impleri
1194 2853 1372 2915 sumamus.
1417 2829 1530 2913 Quum
1559 2832 1641 2895 ratio
1669 2831 1802 2897 vivendi
1825 2830 1921 2916 nobis
1940 2853 1963 2896 a
1984 2830 2056 2896 Deo
2079 2853 2174 2914 prae·

20 2938 54 2974 ω
157 2936 295 2983 necesse
315 2926 374 2995 est,
398 2917 483 3001 quod
506 2917 546 2981 de
563 2918 875 3000 ipsopronunciavit
891 2918 1028 3000 spiritus
1046 2938 1141 2982 sanc·
1195 2917 1327 2999 scripta,
1351 2919 1390 2993 ei,
1413 2938 1512 2999 quam
1535 2918 1626 2999 sequi
1649 2939 1709 2982 nos
1732 2925 1869 3000 oportet,
1892 2919 1967 2983 viae
1989 2925 2048 2982 aut
2066 2918 2173 2983 stadio

95 3052 99 3056 -
159 3011 231 3080 tus,
266 3003 506 3089 lapidemtfore
538 3004 728 3068 offensionis
755 3011 789 3067 et
815 3012 944 3086 petram
977 3003 1140 3068 scandali:
1194 3013 1408 3085 comparetur,
1433 3003 1511 3066 hinc
1528 3013 1605 3066 nata
1623 3012 1675 3067 est
1691 3003 1794 3067 altera
1804 3002 2061 3086 metaphora,·ut
2078 3025 2173 3069 scan-

158 3109 229 3153 non
251 3090 325 3171 quia
344 3089 468 3153 iustam
489 3091 559 3170 ipso
586 3088 778 3153 offensionis
807 3109 939 3154 causam
967 3089 1001 3152 in
1025 3109 1060 3153 se
1083 3088 1141 3152 ha·
1194 3088 1268 3152 dala
1289 3097 1446 3154 vocentur
1467 3088 1712 3171 impedimenta,
1735 3084 1948 3171 quaecunque
1966 3089 2019 3154 vel
2041 3110 2062 3153 a
2083 3098 2172 3154 recto

159 3174 248 3252 beat,
271 3174 367 3240 sicuti
390 3195 468 3238 mox
491 3172 683 3239 videbimus.
721 3172 788 3238 Sed
802 3174 879 3256 quid
893 3173 1015 3240 refert?
1048 3174 1141 3240 Haec
1194 3194 1293 3239 cursu
1315 3194 1376 3239 nos
1399 3173 1574 3254 abducunt,
1598 3175 1651 3239 vel
1673 3175 1800 3240 obiectu
1823 3196 1882 3240 suo
1907 3196 1967 3239 nos
1989 3176 2170 3253 retardant,

159 3259 294 3343 quidem
315 3259 365 3324 illi
378 3260 472 3342 quasi
485 3259 593 3324 fatalis
616 3269 667 3324 ost
680 3259 836 3324 conditio:
854 3264 877 3340 ¹)
901 3268 939 3325 ut
956 3260 1084 3342 quoties
1106 3281 1141 3325 se
1193 3259 1247 3325 vel
1269 3281 1365 3324 casus
1388 3261 1589 3328 occasionem
1611 3260 1776 3342 praebent.
1822 3261 1953 3325 Horum
1976 3269 2065 3338 certe
2087 3262 2172 3324 nihil

160 3345 260 3410 offert
279 3344 478 3424 hominibus,
501 3346 537 3409 iu
560 3366 636 3411 eum
658 3344 743 3410 bona
765 3367 842 3428 pars
859 3346 1031 3429 impingat.
1067 3346 1141 3410 Hoc
1193 3346 1228 3409 in
1252 3346 1432 3424 Christum,
1461 3366 1568 3427 neque
1590 3346 1626 3410 in
1647 3347 1751 3428 ipsius
1776 3346 1986 3493 evangelium
2007 3348 2169 3433 competit.

161 3430 195 3495 si
222 3429 349 3512 quando
375 3431 456 3495 alias
480 3453 542 3496 usu
570 3432 678 3508 venit,
703 3419 803 3496 hodie
819 3432 1012 3497 innumeris
1041 3452 1141 3514 prope
1194 3430 1349 3496 Officium
1381 3430 1508 3495 Ohristi
1535 3439 1599 3509 est,
1631 3442 1721 3496 recta
1749 3443 1863 3496 nos'a
1911 3439 2039 3511 patrem
2068 3451 2171 3494 manu

161 3515 325 3596 exemplis
346 3537 461 3581 vorum
483 3538 562 3584 esse
578 3517 775 3599 experimur.
821 3516 896 3597 Quo
918 3518 1023 3600 magis
1046 3537 1141 3598 supe·
1194 3514 1330 3581 ducere:
1354 3516 1432 3597 quin
1443 3516 1542 3579 etiam
1554 3516 1612 3579 lox
1634 3525 1684 3580 est
1694 3516 1810 3579 mundi
1821 3537 1885 3597 qua
1896 3513 1974 3579 illuc
1985 3513 2169 3599 dirigimur,
2246 3590 2251 3599 ι

161 3601 289 3665 riorem
322 3602 391 3665 eius
427 3601 683 3667 admonitionem
717 3602 856 3667 subinde
892 3623 953 3666 nos
984 3605 1142 3666 memoria
1194 3601 1250 3666 via
1271 3622 1337 3682 qua
1359 3602 1580 3682 pervenimus,
1604 3602 1726 3665 ostium
1749 3622 1811 3683 quo
1832 3603 2005 3665 intramus.
2044 3601 2173 3673 Natura

160 3693 314 3769 repetere
335 3687 500 3763 convenit,
523 3708 588 3769 quo
610 3690 742 3771 ponitus
765 3689 1015 3754 animisnostris
1038 3689 1142 3751 infira
1194 3686 1354 3770 evangelii
1378 3697 1438 3761 est,
1459 3686 1595 3759 sublatis
1606 3687 1757 3773 omuibus
1768 3686 2022 3770 impedimentis,
2045 3686 2174 3751 facilem

108 3841 116 3850 ,
161 3773 312 3837 haereat:
341 3795 382 3837 ne
401 3772 663 3853 impedimentis,
691 3794 774 3855 quae
798 3773 902 3857 Satan
929 3772 1072 3849 obiiciat,
1100 3773 1141 3838 ab
1194 3773 1288 3836 nobis
1309 3770 1436 3835 aditum
1458 3771 1641 3855 patefacere
1663 3772 1698 3835 in
1720 3793 1860 3856 regnum
1883 3773 1956 3837 Dei.
2001 3771 2094 3835 Nihil
2111 3774 2174 3856 igi-

159 3857 221 3922 illo
244 3858 365 3933 aversi,
395 3858 460 3922 ista
481 3860 580 3922 etiam
603 3880 703 3940 quam
731 3859 799 3923 suis
816 3859 980 3941 promittit
1000 3858 1140 3923 beatitu·
1193 3856 1485 3936 turvelaChristo,
1498 3857 1551 3923 vel
1563 3858 1604 3921 ab
1615 3858 1898 3941 evangeliomagis
1910 3857 2063 3937 alienum,
2075 3879 2173 3939 quam

160 3943 241 4008 dine
268 3944 447 4026 privemur.
492 3944 540 4008 At
569 3964 667 4026 quam
698 3946 795 4026 pauci
822 3951 900 4008 sunt
933 3945 1051 4026 quibus
1078 3943 1140 4008 hoc
1166 3906 1169 4041 l
1194 3964 1312 4007 nomen
1323 3943 1478 4008 scandali.
1492 3940 1637 4008 Omnino
1649 3965 1766 4007 verum
1777 3953 1836 4020 est,
1850 3944 1970 4008 siinse
1982 3945 2174 4009 aestimetur

159 4029 275 4095 veniat
296 4030 331 4093 in
352 4029 519 4094 mentem?
555 4028 681 4094 Contra
699 4051 785 4117 vere,
809 4052 907 4113 quam
929 4029 1026 4093 multi
1048 4050 1140 4112 repe·
1193 4027 1357 4108 Christus,
1378 4028 1463 4093 nihil
1484 4030 1555 4094 eius
1577 4037 1716 4095 naturae
1738 4031 1844 4111 magis
1866 4048 2052 4111 repugnare
2074 4051 2172 4111 quam

160 4116 304 4191 riantur,
326 4115 383 4196 qui
404 4114 632 4180 scandalorum
645 4122 827 4197 praetextu,
851 4123 910 4180 aut
931 4115 1141 4198 evangelium
1194 4113 1393 4180 scandalum.
1438 4115 1493 4179 Ita
1525 4125 1558 4197 et
1592 4113 1633 4178 do
1666 4115 1838 4197 evangelio
1869 4115 2080 4179 sentiendum
2112 4125 2170 4181 est.

160 4220 230 4263 non
249 4219 341 4264 secus
364 4221 402 4264 ac
424 4200 593 4281 scopulum
612 4201 752 4282 aliquem
772 4202 955 4285 refugiunt:
979 4211 1038 4265 aut
1058 4201 1140 4265 illud
1193 4200 1325 4265 Accidit
1346 4208 1457 4264 autem
1479 4200 1541 4263 hoc
1563 4199 1732 4264 hominum
1746 4200 1920 4282 pravitate,
1943 4210 1981 4263 ut
1999 4201 2098 4265 simul
2122 4211 2173 4265 at-

160 4285 315 4367 amplexi,
345 4287 430 4350 facto
453 4287 551 4349 etiam
573 4286 682 4368 aliquo
711 4308 900 4371 progressu,
930 4308 1062 4352 cursum
1085 4285 1140 4351 de·
1193 4307 1255 4368 que
1288 4287 1418 4350 eminus
1449 4293 1587 4368 apparet
1619 4285 1787 4362 Christus,
1827 4285 1974 4368 undique
2008 4286 2171 4351 scandalis

160 4369 240 4436 inde
262 4370 458 4436 reflectunt?
504 4372 633 4454 Itaque,
663 4394 765 4454 quum
788 4373 916 4437 nullum
938 4379 1039 4448 esset,
1068 4393 1140 4436 meo
1192 4373 1409 4456 impetantur:
1432 4371 1486 4436 vel
1508 4373 1543 4457 in
1566 4391 1604 4435 ea
1626 4373 1735 4453 potius
1755 4371 1819 4454 ipsi
1841 4373 2021 4436 incurrant.
2067 4372 2171 4455 Lapis

160 4453 295 4537 iudicio,
323 4465 558 4540 argumentum
578 4458 615 4521 in
636 4479 699 4540 quo
721 4456 891 4525 tractando
919 4457 1034 4523 utilius
1055 4457 1141 4522 loca-
1193 4478 1271 4540 ergo
1294 4455 1439 4521 scandali
1461 4468 1607 4531 estnon
1630 4458 1707 4539 quia
1729 4456 1785 4521 det
1803 4457 1874 4539 ipse
1896 4479 2027 4523 causam
2051 4458 2172 4542 impin·

160 4561 236 4604 rem
257 4563 404 4625 operam,
434 4564 501 4606 non
529 4543 655 4608 invitus
683 4542 745 4609 hoo
765 4544 974 4610 tractandum
996 4543 1139 4625 suscepi:
1193 4542 1306 4628 gandi:
1346 4540 1403 4607 sed
1437 4544 1514 4626 quia
1544 4543 1581 4605 in
1613 4543 1815 4608 occasionem
1848 4544 2008 4608 trahatur.
2064 4542 2172 4609 Sicuti

162 4630 242 4704 [pag.
267 4632 298 4706 c]
331 4629 525 4710 praesertim
553 4626 654 4711 quum
682 4629 781 4694 fidem
808 4632 843 4694 in
876 4630 938 4694 hac
967 4650 1004 4694 re
1032 4650 1141 4693 meam
1193 4628 1418 4712 evangelium,
1457 4632 1535 4707 [pag.
1566 4634 1598 4707 7]
1630 4650 1732 4709 quum
1760 4628 1910 4694 doctrina
1942 4630 1985 4693 sit
2015 4630 2104 4712 pacis
2139 4636 2187 4713 et⁴

160 4712 257 4777 honis
291 4713 485 4795 quibusdam
518 4714 601 4780 viris
628 4713 872 4780 obstrinxerim:
906 4717 963 4798 qui
990 4715 1140 4798 flagitare
1192 4711 1400 4793 concordiae,
1429 4714 1615 4797 ingentium
1645 4722 1757 4779 tamen
1783 4723 1935 4779 motuum
1958 4724 2009 4779 est
2030 4716 2169 4780 occasio:

72 4879 77 4884 .
158 4799 257 4882 quasi
279 4797 436 4877 debitum,
459 4800 544 4882 quod
568 4801 712 4882 promisi,
735 4801 803 4865 nou
823 4801 986 4865 desinunt.
1032 4799 1141 4866 Oitius
1192 4799 1278 4882 quod
1300 4800 1378 4864 inde
1399 4798 1625 4865 tumultuandi
1636 4821 1751 4865 ansam
1763 4801 1854 4885 impii
1867 4802 2037 4883 arripiunt
2072 4796 2171 4878 Quod

156 4885 312 4950 fortassis
324 4885 536 4951 fieridebuit:
561 4884 619 4950 sed
641 4908 743 4969 quum
766 4887 926 4953 hactenus
944 4893 1139 4969 occupatum
1193 4892 1304 4950 autem
1332 4884 1465 4951 aliunde
1493 4894 1557 4966 est,
1592 4884 1627 4951 id
1655 4895 1811 4969 tanquam
1838 4888 2006 4969 proprium
2034 4883 2170 4948 Christo

155 4990 213 5034 me
241 4971 412 5051 tenuerint
438 4973 560 5054 partim
590 4971 672 5037 aliae
702 4974 894 5056 scriptiones
927 4993 995 5037 non
1027 4973 1138 5038 minus
1191 4972 1370 5056 assignare,
1394 4981 1433 5036 ut
1453 4972 1585 5055 culpam
1606 4971 1677 5054 ipse
1698 4972 1888 5055 crimenque
1902 4970 2071 5047 sustineat,
2094 4991 2170 5052 per-

159 5089 163 5095 ,
1191 5078 1290 5139 quam
1311 5058 1461 5141 iniquum
1489 5058 1580 5122 foret.
1625 5058 1736 5141 Atque
1762 5057 1797 5123 id
1824 5065 1874 5123 est
1895 5053 1982 5138 quod
2003 5054 2084 5121 dicit
2104 5056 2170 5122 Pe-

1191 5152 1278 5209 trus:
1300 5144 1532 5210 Aedificemini
1552 5144 1588 5208 in
1609 5144 1743 5209 domum
1765 5141 1980 5224 spiritualem,
2011 5142 2067 5224 qui
2086 5141 2171 5226 lapis

27 5259 40 5272 ·
149 5288 152 5294 .
230 5241 261 5310 1)
281 5243 341 5297 cela
357 5243 402 5315 luy
420 5252 462 5300 est
480 5245 651 5301 constanter.
1191 5241 1242 5295 est
1262 5230 1374 5296 vivus:
1402 5229 1445 5296 ab
1466 5229 1654 5295 hominibus
1675 5226 1807 5311 quidem
1829 5226 2032 5310 reprobatus,
2056 5250 2076 5311 a
2096 5227 2170 5294 Deo
