<?xml version="1.0" encoding="UTF-8"?>
<!DOCTYPE html PUBLIC "-//W3C//DTD XHTML 1.0 Transitional//EN"
    "http://www.w3.org/TR/xhtml1/DTD/xhtml1-transitional.dtd">
<html xmlns="http://www.w3.org/1999/xhtml" xml:lang="en" lang="en">
 <head>
  <title>
</title>
<meta http-equiv="Content-Type" content="text/html;charset=utf-8" />
  <meta name='ocr-system' content='tesseract 3.04.00' />
  <meta name='ocr-capabilities' content='ocr_page ocr_carea ocr_par ocr_line ocrx_word'/>
</head>
<body>
  <div class='ocr_page' id='page_1' title='image "./ioanniscalvinio02reusgoog_0455.png"; bbox 0 0 4680 5918; ppageno 0'>
   <div class='ocr_carea' id='block_1_1' title="bbox 1050 478 1331 548">
    <p class='ocr_par' dir='ltr' id='par_1_1' title="bbox 1050 478 1331 548">
     <span class='ocr_line' id='line_1_1' title="bbox 1050 478 1331 548; baseline 0.004 -2"><span class='ocrx_word' id='word_1_1' title='bbox 1050 480 1114 547; x_wconf 78' lang='lat' dir='ltr'><strong>Dli</strong></span> <span class='ocrx_word' id='word_1_2' title='bbox 1138 478 1331 548; x_wconf 78' lang='lat' dir='ltr'><strong>SERVE&#39;P.</strong></span> 
     </span>
    </p>
   </div>
   <div class='ocr_carea' id='block_1_2' title="bbox 186 483 2204 548">
    <p class='ocr_par' dir='ltr' id='par_1_2' title="bbox 186 483 2204 548">
     <span class='ocr_line' id='line_1_2' title="bbox 186 483 2204 548; baseline -0 0"><span class='ocrx_word' id='word_1_3' title='bbox 186 483 249 548; x_wconf 79' lang='lat'><strong>853</strong></span> <span class='ocrx_word' id='word_1_4' title='bbox 2136 483 2204 547; x_wconf 78' lang='lat' dir='ltr'><strong>est</strong></span> 
     </span>
    </p>
   </div>
   <div class='ocr_carea' id='block_1_3' title="bbox 181 666 2205 1265">
    <p class='ocr_par' dir='ltr' id='par_1_3' title="bbox 181 666 2205 1265">
     <span class='ocr_line' id='line_1_3' title="bbox 185 666 2205 754; baseline 0.001 -22"><span class='ocrx_word' id='word_1_5' title='bbox 185 667 227 733; x_wconf 88' lang='lat' dir='ltr'><strong>de</strong></span> <span class='ocrx_word' id='word_1_6' title='bbox 244 688 359 734; x_wconf 89' lang='lat' dir='ltr'><strong>mense</strong></span> <span class='ocrx_word' id='word_1_7' title='bbox 381 668 506 754; x_wconf 80' lang='lat' dir='ltr'><strong>Aprilis</strong></span> <span class='ocrx_word' id='word_1_8' title='bbox 526 689 632 752; x_wconf 82' lang='lat' dir='ltr'><strong>nuper</strong></span> <span class='ocrx_word' id='word_1_9' title='bbox 653 666 766 733; x_wconf 84' lang='lat' dir='ltr'><strong>effluxi</strong></span> <span class='ocrx_word' id='word_1_10' title='bbox 787 668 897 748; x_wconf 85' lang='lat' dir='ltr'><strong>factis,</strong></span> <span class='ocrx_word' id='word_1_11' title='bbox 925 688 985 752; x_wconf 93' lang='lat' dir='ltr'><strong>per</strong></span> <span class='ocrx_word' id='word_1_12' title='bbox 1011 688 1092 752; x_wconf 90' lang='lat' dir='ltr'><strong>quas</strong></span> <span class='ocrx_word' id='word_1_13' title='bbox 1113 689 1166 734; x_wconf 91' lang='lat' dir='ltr'><strong>re·</strong></span> <span class='ocrx_word' id='word_1_14' title='bbox 1304 667 1396 734; x_wconf 91' lang='lat' dir='ltr'><strong>Visis</strong></span> <span class='ocrx_word' id='word_1_15' title='bbox 1416 667 1553 752; x_wconf 90' lang='lat' dir='ltr'><strong>insuper</strong></span> <span class='ocrx_word' id='word_1_16' title='bbox 1574 666 1838 734; x_wconf 88' lang='lat' dir='ltr'><strong>attestationibus</strong></span> <span class='ocrx_word' id='word_1_17' title='bbox 1858 668 1896 732; x_wconf 94' lang='lat' dir='ltr'><strong>in</strong></span> <span class='ocrx_word' id='word_1_18' title='bbox 1915 686 2070 751; x_wconf 85' lang='lat' dir='ltr'><strong>processu</strong></span> <span class='ocrx_word' id='word_1_19' title='bbox 2087 676 2205 735; x_wconf 88' lang='lat' dir='ltr'><strong>contra</strong></span> 
     </span>
     <span class='ocr_line' id='line_1_4' title="bbox 186 752 2203 839; baseline 0 -20"><span class='ocrx_word' id='word_1_20' title='bbox 186 756 344 839; x_wconf 85' lang='lat' dir='ltr'><strong>cognovit</strong></span> <span class='ocrx_word' id='word_1_21' title='bbox 370 761 403 819; x_wconf 94' lang='grc' dir='ltr'><strong>ιι</strong></span> <span class='ocrx_word' id='word_1_22' title='bbox 437 755 605 820; x_wconf 78' lang='lat' dir='ltr'><strong>conscensu</strong></span> <span class='ocrx_word' id='word_1_23' title='bbox 629 754 691 818; x_wconf 83' lang='lat' dir='ltr'><strong>fuit</strong></span> <span class='ocrx_word' id='word_1_24' title='bbox 704 753 728 837; x_wconf 91' lang='lat'><strong>¹)</strong></span> <span class='ocrx_word' id='word_1_25' title='bbox 762 755 893 820; x_wconf 91' lang='lat' dir='ltr'><strong>easdem</strong></span> <span class='ocrx_word' id='word_1_26' title='bbox 920 753 1105 820; x_wconf 81' lang='lat' dir='ltr'><strong>additiones</strong></span> <span class='ocrx_word' id='word_1_27' title='bbox 1133 762 1167 819; x_wconf 94' lang='lat' dir='ltr'><strong>et</strong></span> <span class='ocrx_word' id='word_1_28' title='bbox 1217 752 1476 819; x_wconf 89' lang='lat' dir='ltr'><strong>Balthasardnm</strong></span> <span class='ocrx_word' id='word_1_29' title='bbox 1516 752 1709 818; x_wconf 87' lang='lat' dir='ltr'><strong>Arnonllet·</strong></span> <span class='ocrx_word' id='word_1_30' title='bbox 1731 774 1831 837; x_wconf 92' lang='lat' dir='ltr'><strong>super</strong></span> <span class='ocrx_word' id='word_1_31' title='bbox 1868 754 2083 836; x_wconf 79' lang='lat' dir='ltr'>impressione</span> <span class='ocrx_word' id='word_1_32' title='bbox 2121 753 2203 821; x_wconf 89' lang='lat' dir='ltr'><strong>dieti</strong></span> 
     </span>
     <span class='ocr_line' id='line_1_5' title="bbox 186 839 2203 924; baseline 0 -19"><span class='ocrx_word' id='word_1_33' title='bbox 186 840 353 924; x_wconf 83' lang='lat' dir='ltr'><strong>Epistolas</strong></span> <span class='ocrx_word' id='word_1_34' title='bbox 382 841 551 923; x_wconf 89' lang='lat' dir='ltr'><strong>scripsisse</strong></span> <span class='ocrx_word' id='word_1_35' title='bbox 558 864 565 919; x_wconf 95' lang='lat'>;</span> <span class='ocrx_word' id='word_1_36' title='bbox 598 839 814 921; x_wconf 87' lang='lat' dir='ltr'><strong>Inquisitione</strong></span> <span class='ocrx_word' id='word_1_37' title='bbox 843 849 876 904; x_wconf 90' lang='grc' dir='ltr'><strong>ιι</strong></span> <span class='ocrx_word' id='word_1_38' title='bbox 903 841 1166 919; x_wconf 88' lang='lat' dir='ltr'><strong>attestationibus</strong></span> <span class='ocrx_word' id='word_1_39' title='bbox 1218 839 1316 904; x_wconf 86' lang='lat' dir='ltr'><strong>Libri</strong></span> <span class='ocrx_word' id='word_1_40' title='bbox 1355 847 1389 904; x_wconf 91' lang='lat' dir='ltr'><strong>et</strong></span> <span class='ocrx_word' id='word_1_41' title='bbox 1427 840 1464 904; x_wconf 91' lang='lat' dir='ltr'><strong>in</strong></span> <span class='ocrx_word' id='word_1_42' title='bbox 1494 844 1650 923; x_wconf 88' lang='lat' dir='ltr'><strong>processu</strong></span> <span class='ocrx_word' id='word_1_43' title='bbox 1683 839 1762 905; x_wconf 91' lang='lat' dir='ltr'><strong>dicti</strong></span> <span class='ocrx_word' id='word_1_44' title='bbox 1793 839 2010 904; x_wconf 89' lang='lat' dir='ltr'><strong>Villanovaui</strong></span> <span class='ocrx_word' id='word_1_45' title='bbox 2043 840 2203 923; x_wconf 89' lang='lat' dir='ltr'><strong>repetitis,</strong></span> 
     </span>
     <span class='ocr_line' id='line_1_6' title="bbox 181 923 2204 1008; baseline 0 -19"><span class='ocrx_word' id='word_1_46' title='bbox 181 925 305 1008; x_wconf 89' lang='lat' dir='ltr'><strong>quibus</strong></span> <span class='ocrx_word' id='word_1_47' title='bbox 330 933 459 990; x_wconf 92' lang='lat' dir='ltr'><strong>constat</strong></span> <span class='ocrx_word' id='word_1_48' title='bbox 486 924 626 990; x_wconf 89' lang='lat' dir='ltr'><strong>eundem</strong></span> <span class='ocrx_word' id='word_1_49' title='bbox 656 925 915 991; x_wconf 89' lang='lat' dir='ltr'><strong>Villanovanum</strong></span> <span class='ocrx_word' id='word_1_50' title='bbox 941 926 1166 992; x_wconf 84' lang='lat' dir='ltr'><strong>scarceribus</strong></span> <span class='ocrx_word' id='word_1_51' title='bbox 1219 923 1338 1008; x_wconf 91' lang='lat' dir='ltr'><strong>quibus</strong></span> <span class='ocrx_word' id='word_1_52' title='bbox 1356 932 1484 990; x_wconf 88' lang='lat' dir='ltr'><strong>constat</strong></span> <span class='ocrx_word' id='word_1_53' title='bbox 1505 926 1615 1008; x_wconf 90' lang='lat' dir='ltr'><strong>ipsum</strong></span> <span class='ocrx_word' id='word_1_54' title='bbox 1634 924 1896 990; x_wconf 89' lang='lat' dir='ltr'><strong>Villanovanum</strong></span> <span class='ocrx_word' id='word_1_55' title='bbox 1920 923 2045 990; x_wconf 91' lang='lat' dir='ltr'><strong>dictum</strong></span> <span class='ocrx_word' id='word_1_56' title='bbox 2061 926 2204 991; x_wconf 89' lang='lat' dir='ltr'><strong>Librum</strong></span> 
     </span>
     <span class='ocr_line' id='line_1_7' title="bbox 184 1010 2204 1095; baseline 0 -20"><span class='ocrx_word' id='word_1_57' title='bbox 184 1011 320 1075; x_wconf 87' lang='lat' dir='ltr'><strong>Pallatii</strong></span> <span class='ocrx_word' id='word_1_58' title='bbox 341 1010 549 1095; x_wconf 89' lang='lat' dir='ltr'><strong>Delphinalis</strong></span> <span class='ocrx_word' id='word_1_59' title='bbox 566 1011 728 1092; x_wconf 88' lang='lat' dir='ltr'><strong>presentis</strong></span> <span class='ocrx_word' id='word_1_60' title='bbox 751 1011 894 1076; x_wconf 87' lang='lat' dir='ltr'><strong>civitatis</strong></span> <span class='ocrx_word' id='word_1_61' title='bbox 911 1012 1071 1090; x_wconf 77' lang='lat' dir='ltr'><strong>Viennae,</strong></span> <span class='ocrx_word' id='word_1_62' title='bbox 1094 1011 1166 1093; x_wconf 91' lang='lat' dir='ltr'><strong>qui·</strong></span> <span class='ocrx_word' id='word_1_63' title='bbox 1219 1012 1440 1094; x_wconf 88' lang='lat' dir='ltr'><strong>composuisse</strong></span> <span class='ocrx_word' id='word_1_64' title='bbox 1458 1019 1572 1094; x_wconf 59' lang='lat' dir='ltr'><strong>*atque</strong></span> <span class='ocrx_word' id='word_1_65' title='bbox 1606 1011 1674 1075; x_wconf 87' lang='lat' dir='ltr'><strong>suis</strong></span> <span class='ocrx_word' id='word_1_66' title='bbox 1713 1010 1899 1093; x_wconf 81' lang='lat' dir='ltr'><strong>sumptibus</strong></span> <span class='ocrx_word' id='word_1_67' title='bbox 1933 1018 1967 1075; x_wconf 91' lang='grc' dir='ltr'><strong>ιι</strong></span> <span class='ocrx_word' id='word_1_68' title='bbox 1998 1010 2155 1076; x_wconf 89' lang='lat' dir='ltr'><strong>mandato</strong></span> <span class='ocrx_word' id='word_1_69' title='bbox 2182 1032 2204 1076; x_wconf 90' lang='lat' dir='ltr'><strong>a</strong></span> 
     </span>
     <span class='ocr_line' id='line_1_8' title="bbox 185 1094 2203 1180; baseline 0 -21"><span class='ocrx_word' id='word_1_70' title='bbox 185 1095 247 1162; x_wconf 85' lang='lat' dir='ltr'><strong>bus</strong></span> <span class='ocrx_word' id='word_1_71' title='bbox 268 1095 310 1161; x_wconf 94' lang='lat' dir='ltr'><strong>ob</strong></span> <span class='ocrx_word' id='word_1_72' title='bbox 329 1097 454 1161; x_wconf 84' lang='lat' dir='ltr'><strong>crimen</strong></span> <span class='ocrx_word' id='word_1_73' title='bbox 476 1096 580 1162; x_wconf 89' lang='lat' dir='ltr'><strong>diotae</strong></span> <span class='ocrx_word' id='word_1_74' title='bbox 601 1095 727 1161; x_wconf 87' lang='lat' dir='ltr'><strong>heresis</strong></span> <span class='ocrx_word' id='word_1_75' title='bbox 750 1096 972 1172; x_wconf 74' lang='lat' dir='ltr'><strong>detinebatur,</strong></span> <span class='ocrx_word' id='word_1_76' title='bbox 1001 1097 1168 1180; x_wconf 85' lang='lat' dir='ltr'><strong>obfugisse</strong></span> <span class='ocrx_word' id='word_1_77' title='bbox 1219 1094 1306 1161; x_wconf 91' lang='lat' dir='ltr'><strong>dioto</strong></span> <span class='ocrx_word' id='word_1_78' title='bbox 1326 1095 1504 1161; x_wconf 89' lang='lat' dir='ltr'><strong>Arnoullct</strong></span> <span class='ocrx_word' id='word_1_79' title='bbox 1523 1103 1557 1162; x_wconf 89' lang='lat' dir='ltr'><strong>et</strong></span> <span class='ocrx_word' id='word_1_80' title='bbox 1578 1096 1646 1161; x_wconf 91' lang='lat' dir='ltr'><strong>suis</strong></span> <span class='ocrx_word' id='word_1_81' title='bbox 1668 1095 1884 1161; x_wconf 78' lang='lat' dir='ltr'><strong>servitoribus</strong></span> <span class='ocrx_word' id='word_1_82' title='bbox 1905 1116 2063 1161; x_wconf 85' lang='lat' dir='ltr'><strong>excusum</strong></span> <span class='ocrx_word' id='word_1_83' title='bbox 2085 1102 2119 1160; x_wconf 91' lang='lat' dir='ltr'><strong>et</strong></span> <span class='ocrx_word' id='word_1_84' title='bbox 2140 1097 2203 1161; x_wconf 93' lang='lat' dir='ltr'><strong>im-</strong></span> 
     </span>
     <span class='ocr_line' id='line_1_9' title="bbox 186 1180 2204 1265; baseline -0.001 -18"><span class='ocrx_word' id='word_1_85' title='bbox 186 1182 240 1247; x_wconf 86' lang='lat' dir='ltr'><strong>die</strong></span> <span class='ocrx_word' id='word_1_86' title='bbox 261 1183 402 1265; x_wconf 90' lang='lat' dir='ltr'><strong>septima</strong></span> <span class='ocrx_word' id='word_1_87' title='bbox 423 1181 570 1246; x_wconf 88' lang='lat' dir='ltr'><strong>eiusdem</strong></span> <span class='ocrx_word' id='word_1_88' title='bbox 592 1182 732 1260; x_wconf 88' lang='lat' dir='ltr'><strong>mensis,</strong></span> <span class='ocrx_word' id='word_1_89' title='bbox 760 1183 863 1248; x_wconf 86' lang='lat' dir='ltr'><strong>ternis</strong></span> <span class='ocrx_word' id='word_1_90' title='bbox 884 1182 988 1248; x_wconf 89' lang='lat' dir='ltr'><strong>literis</strong></span> <span class='ocrx_word' id='word_1_91' title='bbox 1009 1182 1168 1248; x_wconf 75' lang='lat' dir='ltr'><strong>citatoriis</strong></span> <span class='ocrx_word' id='word_1_92' title='bbox 1217 1201 1369 1264; x_wconf 90' lang='lat' dir='ltr'><strong>pressum</strong></span> <span class='ocrx_word' id='word_1_93' title='bbox 1391 1182 1494 1246; x_wconf 85' lang='lat' dir='ltr'><strong>fuisse</strong></span> <span class='ocrx_word' id='word_1_94' title='bbox 1516 1204 1555 1246; x_wconf 92' lang='lat' dir='ltr'><strong>us</strong></span> <span class='ocrx_word' id='word_1_95' title='bbox 1578 1202 1619 1246; x_wconf 92' lang='lat' dir='ltr'><strong>ue</strong></span> <span class='ocrx_word' id='word_1_96' title='bbox 1639 1180 1680 1245; x_wconf 89' lang='lat' dir='ltr'><strong>ad</strong></span> <span class='ocrx_word' id='word_1_97' title='bbox 1702 1183 1891 1265; x_wconf 87' lang='lat' dir='ltr'><strong>octingenta</strong></span> <span class='ocrx_word' id='word_1_98' title='bbox 1907 1181 2088 1260; x_wconf 82' lang='lat' dir='ltr'><strong>volumina,</strong></span> <span class='ocrx_word' id='word_1_99' title='bbox 2111 1184 2204 1246; x_wconf 91' lang='lat' dir='ltr'><strong>etin</strong></span> 
     </span>
    </p>
   </div>
   <div class='ocr_carea' id='block_1_4' title="bbox 185 1265 2204 1351">
    <p class='ocr_par' dir='ltr' id='par_1_4' title="bbox 185 1265 2204 1351">
     <span class='ocr_line' id='line_1_10' title="bbox 185 1265 2204 1351; baseline -0 -19"><span class='ocrx_word' id='word_1_100' title='bbox 185 1276 220 1332; x_wconf 89' lang='lat' dir='ltr'><strong>ct</strong></span> <span class='ocrx_word' id='word_1_101' title='bbox 241 1267 581 1334; x_wconf 85' lang='lat' dir='ltr'><strong>excommunicatoriis</strong></span> <span class='ocrx_word' id='word_1_102' title='bbox 607 1266 827 1350; x_wconf 84' lang='lat' dir='ltr'><strong>pereundam</strong></span> <span class='ocrx_word' id='word_1_103' title='bbox 849 1267 890 1332; x_wconf 91' lang='lat' dir='ltr'><strong>R.</strong></span> <span class='ocrx_word' id='word_1_104' title='bbox 908 1267 1090 1333; x_wconf 90' lang='lat' dir='ltr'><strong>Dominum</strong></span> <span class='ocrx_word' id='word_1_105' title='bbox 1108 1268 1166 1332; x_wconf 93' lang='lat' dir='ltr'><strong>In·</strong></span> <span class='ocrx_word' id='word_1_106' title='bbox 1218 1265 1332 1334; x_wconf 90' lang='lat' dir='ltr'><strong>eodem</strong></span> <span class='ocrx_word' id='word_1_107' title='bbox 1353 1267 1457 1332; x_wconf 91' lang='lat' dir='ltr'><strong>Libro</strong></span> <span class='ocrx_word' id='word_1_108' title='bbox 1475 1287 1553 1351; x_wconf 89' lang='lat' dir='ltr'><strong>prae</strong></span> <span class='ocrx_word' id='word_1_109' title='bbox 1578 1268 1659 1332; x_wconf 84' lang='lat' dir='ltr'><strong>‘otas</strong></span> <span class='ocrx_word' id='word_1_110' title='bbox 1686 1265 1799 1332; x_wconf 87' lang='lat' dir='ltr'><strong>decom</strong></span> <span class='ocrx_word' id='word_1_111' title='bbox 1827 1275 1861 1332; x_wconf 93' lang='lat' dir='ltr'><strong>et</strong></span> <span class='ocrx_word' id='word_1_112' title='bbox 1888 1274 2014 1350; x_wconf 85' lang='lat' dir='ltr'><strong>septem</strong></span> <span class='ocrx_word' id='word_1_113' title='bbox 2035 1266 2204 1350; x_wconf 81' lang='lat' dir='ltr'><strong>Epistolas</strong></span> 
     </span>
    </p>
   </div>
   <div class='ocr_carea' id='block_1_5' title="bbox 185 1352 1169 2719">
    <p class='ocr_par' dir='ltr' id='par_1_5' title="bbox 185 1352 1169 2719">
     <span class='ocr_line' id='line_1_11' title="bbox 185 1352 1167 1437; baseline -0.002 -19"><span class='ocrx_word' id='word_1_114' title='bbox 185 1353 378 1435; x_wconf 90' lang='lat' dir='ltr'><strong>quisitorem</strong></span> <span class='ocrx_word' id='word_1_115' title='bbox 399 1362 432 1418; x_wconf 93' lang='lat' dir='ltr'><strong>et</strong></span> <span class='ocrx_word' id='word_1_116' title='bbox 453 1374 514 1418; x_wconf 92' lang='lat' dir='ltr'><strong>nos</strong></span> <span class='ocrx_word' id='word_1_117' title='bbox 537 1352 708 1417; x_wconf 91' lang='lat' dir='ltr'><strong>Vicarium</strong></span> <span class='ocrx_word' id='word_1_118' title='bbox 730 1353 933 1437; x_wconf 80' lang='lat' dir='ltr'><strong>generalem,</strong></span> <span class='ocrx_word' id='word_1_119' title='bbox 961 1363 995 1418; x_wconf 98' lang='grc' dir='ltr'><strong>ιι</strong></span> <span class='ocrx_word' id='word_1_120' title='bbox 1016 1353 1088 1418; x_wconf 91' lang='lat' dir='ltr'><strong>aliis</strong></span> <span class='ocrx_word' id='word_1_121' title='bbox 1108 1373 1167 1437; x_wconf 91' lang='lat' dir='ltr'><strong>per</strong></span> 
     </span>
     <span class='ocr_line' id='line_1_12' title="bbox 185 1437 1167 1522; baseline 0 -19"><span class='ocrx_word' id='word_1_122' title='bbox 185 1438 369 1521; x_wconf 84' lang='lat' dir='ltr'><strong>praefatum</strong></span> <span class='ocrx_word' id='word_1_123' title='bbox 393 1438 604 1522; x_wconf 77' lang='lat' dir='ltr'><strong>spectabilem</strong></span> <span class='ocrx_word' id='word_1_124' title='bbox 626 1437 808 1503; x_wconf 91' lang='lat' dir='ltr'><strong>Dominum</strong></span> <span class='ocrx_word' id='word_1_125' title='bbox 830 1439 1085 1504; x_wconf 91' lang='lat' dir='ltr'><strong>Vicebaillivum</strong></span> <span class='ocrx_word' id='word_1_126' title='bbox 1106 1459 1167 1522; x_wconf 87' lang='lat' dir='ltr'><strong>pro</strong></span> 
     </span>
     <span class='ocr_line' id='line_1_13' title="bbox 186 1523 1166 1604; baseline 0.001 -17"><span class='ocrx_word' id='word_1_127' title='bbox 186 1523 292 1588; x_wconf 90' lang='lat' dir='ltr'><strong>tribus</strong></span> <span class='ocrx_word' id='word_1_128' title='bbox 314 1524 429 1590; x_wconf 91' lang='lat' dir='ltr'><strong>edictis</strong></span> <span class='ocrx_word' id='word_1_129' title='bbox 451 1524 613 1590; x_wconf 85' lang='lat' dir='ltr'><strong>concessis</strong></span> <span class='ocrx_word' id='word_1_130' title='bbox 636 1532 669 1588; x_wconf 90' lang='lat' dir='ltr'><strong>ct</strong></span> <span class='ocrx_word' id='word_1_131' title='bbox 687 1523 794 1589; x_wconf 89' lang='lat' dir='ltr'><strong>debite</strong></span> <span class='ocrx_word' id='word_1_132' title='bbox 813 1526 972 1604; x_wconf 83' lang='lat' dir='ltr'><strong>executis;</strong></span> <span class='ocrx_word' id='word_1_133' title='bbox 995 1526 1098 1591; x_wconf 89' lang='lat' dir='ltr'><strong>Libro</strong></span> <span class='ocrx_word' id='word_1_134' title='bbox 1116 1526 1166 1588; x_wconf 93' lang='lat' dir='ltr'><strong>in·</strong></span> 
     </span>
     <span class='ocr_line' id='line_1_14' title="bbox 185 1609 1166 1694; baseline 0.002 -21"><span class='ocrx_word' id='word_1_135' title='bbox 185 1609 328 1687; x_wconf 88' lang='lat' dir='ltr'><strong>titulato,</strong></span> <span class='ocrx_word' id='word_1_136' title='bbox 351 1610 597 1675; x_wconf 81' lang='lat' dir='ltr'><strong>Christianismi</strong></span> <span class='ocrx_word' id='word_1_137' title='bbox 614 1610 802 1687; x_wconf 88' lang='lat' dir='ltr'><strong>Restitutio,</strong></span> <span class='ocrx_word' id='word_1_138' title='bbox 825 1612 861 1675; x_wconf 94' lang='lat' dir='ltr'><strong>in</strong></span> <span class='ocrx_word' id='word_1_139' title='bbox 879 1631 942 1694; x_wconf 93' lang='lat' dir='ltr'><strong>quo</strong></span> <span class='ocrx_word' id='word_1_140' title='bbox 958 1611 1073 1694; x_wconf 89' lang='lat' dir='ltr'><strong>plures</strong></span> <span class='ocrx_word' id='word_1_141' title='bbox 1090 1631 1166 1675; x_wconf 93' lang='lat' dir='ltr'><strong>con·</strong></span> 
     </span>
     <span class='ocr_line' id='line_1_15' title="bbox 187 1694 1165 1774; baseline 0.002 -17"><span class='ocrx_word' id='word_1_142' title='bbox 187 1695 337 1758; x_wconf 87' lang='lat' dir='ltr'><strong>tinentur</strong></span> <span class='ocrx_word' id='word_1_143' title='bbox 364 1696 553 1774; x_wconf 83' lang='lat' dir='ltr'><strong>Tractatus,</strong></span> <span class='ocrx_word' id='word_1_144' title='bbox 588 1695 742 1760; x_wconf 87' lang='lat' dir='ltr'><strong>videlieet</strong></span> <span class='ocrx_word' id='word_1_145' title='bbox 772 1694 814 1760; x_wconf 87' lang='lat' dir='ltr'><strong>de</strong></span> <span class='ocrx_word' id='word_1_146' title='bbox 849 1696 1012 1760; x_wconf 72' lang='lat' dir='ltr'><strong>Trinitate</strong></span> <span class='ocrx_word' id='word_1_147' title='bbox 1043 1695 1165 1773; x_wconf 87' lang='lat' dir='ltr'><strong>divina,</strong></span> 
     </span>
     <span class='ocr_line' id='line_1_16' title="bbox 187 1779 1166 1864; baseline 0 -20"><span class='ocrx_word' id='word_1_148' title='bbox 187 1779 273 1862; x_wconf 91' lang='lat' dir='ltr'><strong>quod</strong></span> <span class='ocrx_word' id='word_1_149' title='bbox 295 1781 330 1844; x_wconf 93' lang='lat' dir='ltr'><strong>in</strong></span> <span class='ocrx_word' id='word_1_150' title='bbox 353 1802 392 1845; x_wconf 92' lang='lat' dir='ltr'><strong>ea</strong></span> <span class='ocrx_word' id='word_1_151' title='bbox 413 1800 479 1845; x_wconf 95' lang='lat' dir='ltr'><strong>non</strong></span> <span class='ocrx_word' id='word_1_152' title='bbox 502 1782 546 1845; x_wconf 92' lang='lat' dir='ltr'><strong>sit</strong></span> <span class='ocrx_word' id='word_1_153' title='bbox 567 1781 784 1846; x_wconf 83' lang='lat' dir='ltr'><strong>invisibilium</strong></span> <span class='ocrx_word' id='word_1_154' title='bbox 801 1782 903 1846; x_wconf 90' lang='lat' dir='ltr'><strong>trium</strong></span> <span class='ocrx_word' id='word_1_155' title='bbox 920 1781 1069 1864; x_wconf 76' lang='lat' dir='ltr'><strong>rerum2)</strong></span> <span class='ocrx_word' id='word_1_156' title='bbox 1090 1781 1166 1845; x_wconf 91' lang='lat' dir='ltr'><strong>illu·</strong></span> 
     </span>
     <span class='ocr_line' id='line_1_17' title="bbox 187 1864 1167 1949; baseline 0 -20"><span class='ocrx_word' id='word_1_157' title='bbox 187 1865 251 1942; x_wconf 88' lang='lat' dir='ltr'><strong>sio,</strong></span> <span class='ocrx_word' id='word_1_158' title='bbox 281 1864 414 1949; x_wconf 87' lang='lat' dir='ltr'><strong>Dialogi</strong></span> <span class='ocrx_word' id='word_1_159' title='bbox 442 1866 483 1930; x_wconf 92' lang='lat' dir='ltr'><strong>de</strong></span> <span class='ocrx_word' id='word_1_160' title='bbox 509 1865 623 1931; x_wconf 91' lang='lat' dir='ltr'><strong>eadem</strong></span> <span class='ocrx_word' id='word_1_161' title='bbox 652 1867 815 1931; x_wconf 72' lang='lat' dir='ltr'><strong>Trinitate</strong></span> <span class='ocrx_word' id='word_1_162' title='bbox 848 1867 923 1944; x_wconf 89' lang='lat' dir='ltr'><strong>duo,</strong></span> <span class='ocrx_word' id='word_1_163' title='bbox 956 1867 997 1931; x_wconf 90' lang='lat' dir='ltr'><strong>dc</strong></span> <span class='ocrx_word' id='word_1_164' title='bbox 1017 1866 1101 1931; x_wconf 79' lang='lat' dir='ltr'><strong>Pide</strong></span> <span class='ocrx_word' id='word_1_165' title='bbox 1132 1873 1167 1929; x_wconf 89' lang='lat' dir='ltr'><strong>et</strong></span> 
     </span>
     <span class='ocr_line' id='line_1_18' title="bbox 186 1950 1167 2036; baseline 0.001 -22"><span class='ocrx_word' id='word_1_166' title='bbox 186 1950 319 2015; x_wconf 91' lang='lat' dir='ltr'><strong>Iustitia</strong></span> <span class='ocrx_word' id='word_1_167' title='bbox 347 1951 457 2035; x_wconf 86' lang='lat' dir='ltr'><strong>Regni</strong></span> <span class='ocrx_word' id='word_1_168' title='bbox 485 1951 608 2016; x_wconf 88' lang='lat' dir='ltr'><strong>Christi</strong></span> <span class='ocrx_word' id='word_1_169' title='bbox 619 1955 646 2027; x_wconf 71' lang='grc' dir='ltr'><strong>ι)</strong></span> <span class='ocrx_word' id='word_1_170' title='bbox 675 1951 757 2036; x_wconf 84' lang='lat' dir='ltr'><strong>legis</strong></span> <span class='ocrx_word' id='word_1_171' title='bbox 789 1952 950 2017; x_wconf 87' lang='lat' dir='ltr'><strong>iustitiam</strong></span> <span class='ocrx_word' id='word_1_172' title='bbox 980 1952 1167 2033; x_wconf 89' lang='lat' dir='ltr'><strong>superantis</strong></span> 
     </span>
     <span class='ocr_line' id='line_1_19' title="bbox 185 2034 1169 2120; baseline 0.002 -21"><span class='ocrx_word' id='word_1_173' title='bbox 185 2044 220 2099; x_wconf 91' lang='lat' dir='ltr'><strong>ot</strong></span> <span class='ocrx_word' id='word_1_174' title='bbox 247 2034 287 2100; x_wconf 91' lang='lat' dir='ltr'><strong>de</strong></span> <span class='ocrx_word' id='word_1_175' title='bbox 315 2035 487 2103; x_wconf 86' lang='lat' dir='ltr'><strong>Charitate</strong></span> <span class='ocrx_word' id='word_1_176' title='bbox 514 2036 611 2102; x_wconf 87' lang='lat' dir='ltr'><strong>Libri</strong></span> <span class='ocrx_word' id='word_1_177' title='bbox 632 2044 716 2116; x_wconf 84' lang='lat' dir='ltr'><strong>tres,</strong></span> <span class='ocrx_word' id='word_1_178' title='bbox 751 2038 803 2102; x_wconf 94' lang='lat' dir='ltr'><strong>De</strong></span> <span class='ocrx_word' id='word_1_179' title='bbox 822 2038 912 2112; x_wconf 28' lang='lat' dir='ltr'><strong>,orbis</strong></span> <span class='ocrx_word' id='word_1_180' title='bbox 930 2038 1112 2120; x_wconf 89' lang='lat' dir='ltr'><strong>perditione</strong></span> <span class='ocrx_word' id='word_1_181' title='bbox 1135 2044 1169 2101; x_wconf 93' lang='lat' dir='ltr'><strong>et</strong></span> 
     </span>
     <span class='ocr_line' id='line_1_20' title="bbox 185 2120 1166 2206; baseline -0.001 -20"><span class='ocrx_word' id='word_1_182' title='bbox 185 2120 312 2186; x_wconf 82' lang='lat' dir='ltr'><strong>Christi</strong></span> <span class='ocrx_word' id='word_1_183' title='bbox 335 2123 540 2205; x_wconf 84' lang='lat' dir='ltr'><strong>reparatione</strong></span> <span class='ocrx_word' id='word_1_184' title='bbox 562 2120 664 2186; x_wconf 88' lang='lat' dir='ltr'><strong>Liber</strong></span> <span class='ocrx_word' id='word_1_185' title='bbox 685 2123 820 2206; x_wconf 86' lang='lat' dir='ltr'><strong>primus,</strong></span> <span class='ocrx_word' id='word_1_186' title='bbox 846 2124 899 2188; x_wconf 91' lang='lat' dir='ltr'><strong>De</strong></span> <span class='ocrx_word' id='word_1_187' title='bbox 921 2123 1166 2188; x_wconf 89' lang='lat' dir='ltr'><strong>circumcisione</strong></span> 
     </span>
     <span class='ocr_line' id='line_1_21' title="bbox 187 2207 1167 2290; baseline 0.001 -20"><span class='ocrx_word' id='word_1_188' title='bbox 187 2227 267 2271; x_wconf 88' lang='lat' dir='ltr'><strong>vcra</strong></span> <span class='ocrx_word' id='word_1_189' title='bbox 290 2228 365 2271; x_wconf 93' lang='lat' dir='ltr'><strong>cum</strong></span> <span class='ocrx_word' id='word_1_190' title='bbox 393 2208 526 2290; x_wconf 87' lang='lat' dir='ltr'><strong>reliquis</strong></span> <span class='ocrx_word' id='word_1_191' title='bbox 549 2207 674 2272; x_wconf 80' lang='lat' dir='ltr'><strong>Christi</strong></span> <span class='ocrx_word' id='word_1_192' title='bbox 704 2217 737 2271; x_wconf 90' lang='grc' dir='ltr'><strong>ιι</strong></span> <span class='ocrx_word' id='word_1_193' title='bbox 759 2208 983 2273; x_wconf 90' lang='lat' dir='ltr'><strong>Anti-Christi</strong></span> <span class='ocrx_word' id='word_1_194' title='bbox 1011 2207 1167 2273; x_wconf 87' lang='lat' dir='ltr'><strong>misteriis</strong></span> 
     </span>
     <span class='ocr_line' id='line_1_22' title="bbox 185 2291 1167 2376; baseline 0.001 -21"><span class='ocrx_word' id='word_1_195' title='bbox 185 2291 339 2358; x_wconf 92' lang='lat' dir='ltr'><strong>omnibus</strong></span> <span class='ocrx_word' id='word_1_196' title='bbox 356 2294 423 2358; x_wconf 91' lang='lat' dir='ltr'><strong>iam</strong></span> <span class='ocrx_word' id='word_1_197' title='bbox 445 2293 614 2376; x_wconf 90' lang='lat' dir='ltr'><strong>completis</strong></span> <span class='ocrx_word' id='word_1_198' title='bbox 636 2293 738 2358; x_wconf 88' lang='lat' dir='ltr'><strong>Liber</strong></span> <span class='ocrx_word' id='word_1_199' title='bbox 758 2293 929 2374; x_wconf 87' lang='lat' dir='ltr'><strong>secundus,</strong></span> <span class='ocrx_word' id='word_1_200' title='bbox 950 2294 991 2358; x_wconf 91' lang='lat' dir='ltr'><strong>de</strong></span> <span class='ocrx_word' id='word_1_201' title='bbox 1008 2293 1167 2358; x_wconf 88' lang='lat' dir='ltr'><strong>Misteriis</strong></span> 
     </span>
     <span class='ocr_line' id='line_1_23' title="bbox 187 2377 1166 2456; baseline 0.001 -15"><span class='ocrx_word' id='word_1_202' title='bbox 187 2377 354 2443; x_wconf 82' lang='lat' dir='ltr'><strong>Ecclesiae</strong></span> <span class='ocrx_word' id='word_1_203' title='bbox 381 2378 507 2445; x_wconf 89' lang='lat' dir='ltr'><strong>Christi</strong></span> <span class='ocrx_word' id='word_1_204' title='bbox 540 2389 573 2443; x_wconf 90' lang='lat' dir='ltr'><strong>et</strong></span> <span class='ocrx_word' id='word_1_205' title='bbox 601 2400 713 2444; x_wconf 90' lang='lat' dir='ltr'><strong>eorum</strong></span> <span class='ocrx_word' id='word_1_206' title='bbox 745 2380 890 2445; x_wconf 87' lang='lat' dir='ltr'><strong>efficacia</strong></span> <span class='ocrx_word' id='word_1_207' title='bbox 910 2377 1012 2443; x_wconf 89' lang='lat' dir='ltr'><strong>Liber</strong></span> <span class='ocrx_word' id='word_1_208' title='bbox 1038 2380 1166 2456; x_wconf 90' lang='lat' dir='ltr'><strong>tertius,</strong></span> 
     </span>
     <span class='ocr_line' id='line_1_24' title="bbox 188 2462 1166 2548; baseline 0.001 -21"><span class='ocrx_word' id='word_1_209' title='bbox 188 2462 229 2527; x_wconf 89' lang='lat' dir='ltr'><strong>de</strong></span> <span class='ocrx_word' id='word_1_210' title='bbox 247 2462 373 2528; x_wconf 87' lang='lat' dir='ltr'><strong>Ordine</strong></span> <span class='ocrx_word' id='word_1_211' title='bbox 390 2465 612 2543; x_wconf 86' lang='lat' dir='ltr'><strong>misteriorum</strong></span> <span class='ocrx_word' id='word_1_212' title='bbox 630 2473 664 2528; x_wconf 92' lang='grc' dir='ltr'><strong>ιι</strong></span> <span class='ocrx_word' id='word_1_213' title='bbox 674 2465 937 2548; x_wconf 81' lang='lat' dir='ltr'><strong>Regencratione</strong></span> <span class='ocrx_word' id='word_1_214' title='bbox 948 2464 1051 2529; x_wconf 91' lang='lat' dir='ltr'><strong>Liber</strong></span> <span class='ocrx_word' id='word_1_215' title='bbox 1068 2485 1166 2547; x_wconf 89' lang='lat' dir='ltr'><strong>quar-</strong></span> 
     </span>
     <span class='ocr_line' id='line_1_25' title="bbox 188 2547 1166 2633; baseline 0.002 -23"><span class='ocrx_word' id='word_1_216' title='bbox 188 2559 251 2625; x_wconf 92' lang='lat' dir='ltr'><strong>tus,</strong></span> <span class='ocrx_word' id='word_1_217' title='bbox 274 2547 315 2612; x_wconf 91' lang='lat' dir='ltr'><strong>de</strong></span> <span class='ocrx_word' id='word_1_218' title='bbox 337 2550 486 2615; x_wconf 89' lang='lat' dir='ltr'><strong>Misterio</strong></span> <span class='ocrx_word' id='word_1_219' title='bbox 505 2551 677 2614; x_wconf 84' lang='lat' dir='ltr'><strong>Trinitatis</strong></span> <span class='ocrx_word' id='word_1_220' title='bbox 700 2559 734 2614; x_wconf 90' lang='grc' dir='ltr'><strong>ιι</strong></span> <span class='ocrx_word' id='word_1_221' title='bbox 753 2551 914 2615; x_wconf 89' lang='lat' dir='ltr'><strong>Veterum</strong></span> <span class='ocrx_word' id='word_1_222' title='bbox 932 2549 1103 2633; x_wconf 85' lang='lat' dir='ltr'><strong>disciplina</strong></span> <span class='ocrx_word' id='word_1_223' title='bbox 1125 2547 1166 2613; x_wconf 90' lang='lat' dir='ltr'><strong>ad</strong></span> 
     </span>
     <span class='ocr_line' id='line_1_26' title="bbox 186 2633 835 2719; baseline 0.006 -22"><span class='ocrx_word' id='word_1_224' title='bbox 186 2633 380 2717; x_wconf 91' lang='lat' dir='ltr'><strong>Philippum</strong></span> <span class='ocrx_word' id='word_1_225' title='bbox 402 2635 644 2702; x_wconf 89' lang='lat' dir='ltr'><strong>Melanotonem</strong></span> <span class='ocrx_word' id='word_1_226' title='bbox 667 2635 835 2719; x_wconf 78' lang='lat' dir='ltr'><strong>Apologia.</strong></span> 
     </span>
    </p>
   </div>
   <div class='ocr_carea' id='block_1_6' title="bbox 111 2916 1168 4919">
    <p class='ocr_par' dir='ltr' id='par_1_6' title="bbox 111 2916 1168 4291">
     <span class='ocr_line' id='line_1_27' title="bbox 187 2916 1166 2994; baseline 0.004 -19"><span class='ocrx_word' id='word_1_227' title='bbox 187 2916 253 2976; x_wconf 86' lang='lat' dir='ltr'><strong>ledit</strong></span> <span class='ocrx_word' id='word_1_228' title='bbox 271 2922 339 2977; x_wconf 89' lang='lat' dir='ltr'><strong>livre</strong></span> <span class='ocrx_word' id='word_1_229' title='bbox 358 2925 374 2978; x_wconf 73' lang='lat' dir='ltr'><strong>a</strong></span> <span class='ocrx_word' id='word_1_230' title='bbox 392 2919 557 2992; x_wconf 72' lang='lat' dir='ltr'><strong>ses&#39;depens</strong></span> <span class='ocrx_word' id='word_1_231' title='bbox 577 2931 604 2976; x_wconf 86' lang='lat' dir='ltr'><strong>et</strong></span> <span class='ocrx_word' id='word_1_232' title='bbox 623 2940 655 2977; x_wconf 90' lang='lat' dir='ltr'><strong>en</strong></span> <span class='ocrx_word' id='word_1_233' title='bbox 674 2925 748 2978; x_wconf 86' lang='lat' dir='ltr'><strong>avoit</strong></span> <span class='ocrx_word' id='word_1_234' title='bbox 766 2926 870 2994; x_wconf 77' lang='lat' dir='ltr'><strong>corrige</strong></span> <span class='ocrx_word' id='word_1_235' title='bbox 889 2926 929 2981; x_wconf 88' lang='lat' dir='ltr'><strong>lca</strong></span> <span class='ocrx_word' id='word_1_236' title='bbox 948 2927 963 2979; x_wconf 78' lang='lat' dir='ltr'><strong>e</strong></span> <span class='ocrx_word' id='word_1_237' title='bbox 983 2940 1094 2979; x_wconf 85' lang='lat' dir='ltr'><strong>reuves:</strong></span> <span class='ocrx_word' id='word_1_238' title='bbox 1114 2940 1166 2992; x_wconf 88' lang='lat' dir='ltr'><strong>que</strong></span> 
     </span>
     <span class='ocr_line' id='line_1_28' title="bbox 187 2942 1168 3063; baseline 0.001 -19"><span class='ocrx_word' id='word_1_239' title='bbox 187 3006 237 3059; x_wconf 90' lang='lat' dir='ltr'><strong>par</strong></span> <span class='ocrx_word' id='word_1_240' title='bbox 255 3007 305 3044; x_wconf 91' lang='lat' dir='ltr'><strong>son</strong></span> <span class='ocrx_word' id='word_1_241' title='bbox 334 2991 413 3046; x_wconf 88' lang='lat' dir='ltr'><strong>ordre</strong></span> <span class='ocrx_word' id='word_1_242' title='bbox 439 2991 477 3045; x_wconf 93' lang='lat' dir='ltr'><strong>lui</strong></span> <span class='ocrx_word' id='word_1_243' title='bbox 495 2990 604 3046; x_wconf 84' lang='lat' dir='ltr'><strong>Straton</strong></span> <span class='ocrx_word' id='word_1_244' title='bbox 631 3007 665 3045; x_wconf 94' lang='lat' dir='ltr'><strong>en</strong></span> <span class='ocrx_word' id='word_1_245' title='bbox 692 2994 765 3047; x_wconf 89' lang='lat' dir='ltr'><strong>avoit</strong></span> <span class='ocrx_word' id='word_1_246' title='bbox 787 2996 890 3063; x_wconf 76' lang='lat' dir='ltr'><strong>envoyc</strong></span> <span class='ocrx_word' id='word_1_247' title='bbox 914 2995 939 3047; x_wconf 90' lang='lat' dir='ltr'><strong>le</strong></span> <span class='ocrx_word' id='word_1_248' title='bbox 958 2942 992 3045; x_wconf 59' lang='lat' dir='ltr'><strong>dd</strong></span> <span class='ocrx_word' id='word_1_249' title='bbox 1010 2993 1043 3046; x_wconf 92' lang='lat' dir='ltr'><strong>de</strong></span> <span class='ocrx_word' id='word_1_250' title='bbox 1059 2994 1168 3061; x_wconf 88' lang='lat' dir='ltr'><strong>janvier</strong></span> 
     </span>
     <span class='ocr_line' id='line_1_29' title="bbox 187 3058 1167 3183; baseline 0.003 -71"><span class='ocrx_word' id='word_1_251' title='bbox 187 3059 248 3182; x_wconf 57' lang='lat' dir='ltr'><strong>{inlq</strong></span> <span class='ocrx_word' id='word_1_252' title='bbox 266 3058 616 3182; x_wconf 47' lang='grc' dir='ltr'><strong>ιιιιιιὲιέἰιῖιΐιιῡΜιπὶιίιί</strong></span> <span class='ocrx_word' id='word_1_253' title='bbox 630 3060 797 3183; x_wconf 51' lang='lat' dir='ltr'><strong>lppdefurmde</strong></span> <span class='ocrx_word' id='word_1_254' title='bbox 816 3064 984 3130; x_wconf 76' lang='lat' dir='ltr'><strong>caracteres,</strong></span> <span class='ocrx_word' id='word_1_255' title='bbox 1010 3061 1167 3116; x_wconf 88' lang='lat' dir='ltr'><strong>demeurant</strong></span> 
     </span>
     <span class='ocr_line' id='line_1_30' title="bbox 265 3144 1010 3183; baseline 0.004 -3"><span class='ocrx_word' id='word_1_256' title='bbox 265 3144 380 3182; x_wconf 92' lang='lat' dir='ltr'><strong>onrs</strong></span> <span class='ocrx_word' id='word_1_257' title='bbox 424 3144 737 3183; x_wconf 77' lang='lat' dir='ltr'><strong>oeemeeono</strong></span> <span class='ocrx_word' id='word_1_258' title='bbox 1008 3170 1010 3174; x_wconf 80' lang='grc'>.</span> 
     </span>
     <span class='ocr_line' id='line_1_31' title="bbox 245 3145 1165 3266; baseline 0.004 -19"><span class='ocrx_word' id='word_1_259' title='bbox 245 3145 424 3265; x_wconf 70' lang='lat' dir='ltr'><strong>yLespjuges,</strong></span> <span class='ocrx_word' id='word_1_260' title='bbox 452 3198 573 3251; x_wconf 76' lang='lat' dir='ltr'><strong>charmes</strong></span> <span class='ocrx_word' id='word_1_261' title='bbox 600 3197 633 3251; x_wconf 91' lang='lat' dir='ltr'><strong>de</strong></span> <span class='ocrx_word' id='word_1_262' title='bbox 659 3204 731 3252; x_wconf 87' lang='lat' dir='ltr'><strong>cette</strong></span> <span class='ocrx_word' id='word_1_263' title='bbox 749 3198 926 3266; x_wconf 76' lang='lat' dir='ltr'><strong>deconverte,</strong></span> <span class='ocrx_word' id='word_1_264' title='bbox 953 3198 1045 3253; x_wconf 82' lang='lat' dir='ltr'><strong>iurent</strong></span> <span class='ocrx_word' id='word_1_265' title='bbox 1071 3213 1117 3251; x_wconf 86' lang='lat' dir='ltr'><strong>sur</strong></span> <span class='ocrx_word' id='word_1_266' title='bbox 1140 3197 1165 3251; x_wconf 86' lang='lat' dir='ltr'><strong>le</strong></span> 
     </span>
     <span class='ocr_line' id='line_1_32' title="bbox 187 3262 1166 3335; baseline 0.003 -20"><span class='ocrx_word' id='word_1_267' title='bbox 187 3263 284 3329; x_wconf 88' lang='lat' dir='ltr'><strong>ehamp</strong></span> <span class='ocrx_word' id='word_1_268' title='bbox 309 3262 465 3318; x_wconf 86' lang='lat' dir='ltr'><strong>l’annoncer</strong></span> <span class='ocrx_word' id='word_1_269' title='bbox 488 3267 504 3320; x_wconf 75' lang='lat' dir='ltr'><strong>a</strong></span> <span class='ocrx_word' id='word_1_270' title='bbox 526 3265 714 3335; x_wconf 78' lang='lat' dir='ltr'><strong>l’archevsque</strong></span> <span class='ocrx_word' id='word_1_271' title='bbox 733 3265 766 3320; x_wconf 89' lang='lat' dir='ltr'><strong>do</strong></span> <span class='ocrx_word' id='word_1_272' title='bbox 784 3265 900 3335; x_wconf 83' lang='lat' dir='ltr'><strong>Vienna,</strong></span> <span class='ocrx_word' id='word_1_273' title='bbox 925 3273 953 3319; x_wconf 89' lang='lat' dir='ltr'><strong>et</strong></span> <span class='ocrx_word' id='word_1_274' title='bbox 975 3267 1001 3319; x_wconf 87' lang='lat' dir='ltr'><strong>le</strong></span> <span class='ocrx_word' id='word_1_275' title='bbox 1024 3266 1114 3334; x_wconf 78' lang='lat' dir='ltr'><strong>prelat</strong></span> <span class='ocrx_word' id='word_1_276' title='bbox 1132 3281 1166 3319; x_wconf 90' lang='lat' dir='ltr'><strong>en</strong></span> 
     </span>
     <span class='ocr_line' id='line_1_33' title="bbox 184 3331 1166 3402; baseline 0.003 -18"><span class='ocrx_word' id='word_1_277' title='bbox 184 3331 277 3384; x_wconf 91' lang='lat' dir='ltr'><strong>donna</strong></span> <span class='ocrx_word' id='word_1_278' title='bbox 295 3334 352 3386; x_wconf 87' lang='lat' dir='ltr'><strong>avis</strong></span> <span class='ocrx_word' id='word_1_279' title='bbox 376 3347 411 3386; x_wconf 87' lang='lat' dir='ltr'><strong>au</strong></span> <span class='ocrx_word' id='word_1_280' title='bbox 430 3333 556 3386; x_wconf 88' lang='lat' dir='ltr'><strong>Cardinal</strong></span> <span class='ocrx_word' id='word_1_281' title='bbox 579 3334 612 3387; x_wconf 90' lang='lat' dir='ltr'><strong>de</strong></span> <span class='ocrx_word' id='word_1_282' title='bbox 631 3334 768 3388; x_wconf 85' lang='lat' dir='ltr'><strong>Toumon.</strong></span> <span class='ocrx_word' id='word_1_283' title='bbox 804 3334 843 3387; x_wconf 85' lang='lat' dir='ltr'><strong>Le</strong></span> <span class='ocrx_word' id='word_1_284' title='bbox 867 3334 1017 3388; x_wconf 89' lang='lat' dir='ltr'><strong>lendemain</strong></span> <span class='ocrx_word' id='word_1_285' title='bbox 1039 3334 1166 3402; x_wconf 90' lang='lat' dir='ltr'><strong>l’inquisi·</strong></span> 
     </span>
     <span class='ocr_line' id='line_1_34' title="bbox 186 3400 1167 3471; baseline 0.002 -18"><span class='ocrx_word' id='word_1_286' title='bbox 186 3408 249 3453; x_wconf 86' lang='lat' dir='ltr'><strong>teur</strong></span> <span class='ocrx_word' id='word_1_287' title='bbox 266 3407 294 3454; x_wconf 89' lang='lat' dir='ltr'><strong>et</strong></span> <span class='ocrx_word' id='word_1_288' title='bbox 311 3400 336 3455; x_wconf 94' lang='lat' dir='ltr'><strong>le</strong></span> <span class='ocrx_word' id='word_1_289' title='bbox 356 3400 567 3455; x_wconf 83' lang='lat' dir='ltr'><strong>Graud-Vicaire</strong></span> <span class='ocrx_word' id='word_1_290' title='bbox 591 3404 724 3470; x_wconf 83' lang='lat' dir='ltr'><strong>partirent</strong></span> <span class='ocrx_word' id='word_1_291' title='bbox 767 3419 817 3456; x_wconf 90' lang='lat' dir='ltr'><strong>our</strong></span> <span class='ocrx_word' id='word_1_292' title='bbox 835 3403 919 3471; x_wconf 84' lang='lat' dir='ltr'><strong>hyon.</strong></span> <span class='ocrx_word' id='word_1_293' title='bbox 955 3403 1029 3456; x_wconf 88' lang='lat' dir='ltr'><strong>Leur</strong></span> <span class='ocrx_word' id='word_1_294' title='bbox 1050 3403 1167 3470; x_wconf 83' lang='lat' dir='ltr'><strong>premier</strong></span> 
     </span>
     <span class='ocr_line' id='line_1_35' title="bbox 186 3469 1165 3538; baseline 0.003 -16"><span class='ocrx_word' id='word_1_295' title='bbox 186 3471 245 3522; x_wconf 92' lang='lat' dir='ltr'><strong>soin</strong></span> <span class='ocrx_word' id='word_1_296' title='bbox 270 3469 312 3522; x_wconf 80' lang='lat' dir='ltr'><strong>fut</strong></span> <span class='ocrx_word' id='word_1_297' title='bbox 338 3469 434 3523; x_wconf 88' lang='lat' dir='ltr'><strong>d’allcr</strong></span> <span class='ocrx_word' id='word_1_298' title='bbox 457 3471 610 3538; x_wconf 82' lang='lat' dir='ltr'><strong>interroger</strong></span> <span class='ocrx_word' id='word_1_299' title='bbox 631 3471 724 3525; x_wconf 88' lang='lat' dir='ltr'><strong>Pierre</strong></span> <span class='ocrx_word' id='word_1_300' title='bbox 778 3473 856 3525; x_wconf 90' lang='lat' dir='ltr'><strong>errin.</strong></span> <span class='ocrx_word' id='word_1_301' title='bbox 891 3472 914 3524; x_wconf 96' lang='lat' dir='ltr'><strong>ll</strong></span> <span class='ocrx_word' id='word_1_302' title='bbox 941 3471 1001 3525; x_wconf 89' lang='lat' dir='ltr'><strong>leur</strong></span> <span class='ocrx_word' id='word_1_303' title='bbox 1027 3471 1073 3534; x_wconf 82' lang='lat' dir='ltr'><strong>dit,</strong></span> <span class='ocrx_word' id='word_1_304' title='bbox 1102 3486 1165 3525; x_wconf 90' lang='lat' dir='ltr'><strong>sans</strong></span> 
     </span>
     <span class='ocr_line' id='line_1_36' title="bbox 186 3537 1166 3608; baseline 0.002 -18"><span class='ocrx_word' id='word_1_305' title='bbox 186 3538 245 3591; x_wconf 85' lang='lat' dir='ltr'><strong>rien</strong></span> <span class='ocrx_word' id='word_1_306' title='bbox 263 3537 398 3605; x_wconf 75' lang='lat' dir='ltr'><strong>deguiscr‚</strong></span> <span class='ocrx_word' id='word_1_307' title='bbox 416 3537 480 3606; x_wconf 85' lang='lat' dir='ltr'><strong>qu&#39;il</strong></span> <span class='ocrx_word' id='word_1_308' title='bbox 498 3557 516 3608; x_wconf 82' lang='lat' dir='ltr'>y</span> <span class='ocrx_word' id='word_1_309' title='bbox 533 3540 607 3592; x_wconf 86' lang='lat' dir='ltr'><strong>avoit</strong></span> <span class='ocrx_word' id='word_1_310' title='bbox 624 3548 720 3607; x_wconf 91' lang='lat' dir='ltr'><strong>quatre</strong></span> <span class='ocrx_word' id='word_1_311' title='bbox 737 3541 805 3594; x_wconf 89' lang='lat' dir='ltr'><strong>mois</strong></span> <span class='ocrx_word' id='word_1_312' title='bbox 824 3555 859 3594; x_wconf 89' lang='lat' dir='ltr'><strong>eu</strong></span> <span class='ocrx_word' id='word_1_313' title='bbox 876 3540 997 3607; x_wconf 76' lang='lat' dir='ltr'><strong>environ,</strong></span> <span class='ocrx_word' id='word_1_314' title='bbox 1015 3537 1077 3607; x_wconf 90' lang='lat' dir='ltr'><strong>qu’il</strong></span> <span class='ocrx_word' id='word_1_315' title='bbox 1089 3546 1166 3606; x_wconf 81' lang='lat' dir='ltr'><strong>requt</strong></span> 
     </span>
     <span class='ocr_line' id='line_1_37' title="bbox 186 3605 1164 3741; baseline 0.003 -15.976"><span class='ocrx_word' id='word_1_316' title='bbox 186 3605 619 3741; x_wconf 61' lang='lat' dir='ltr'><strong>cousecratur</strong></span> <span class='ocrx_word' id='word_1_317' title='bbox 643 3608 689 3729; x_wconf 82' lang='grc' dir='ltr'><strong>ι</strong></span> <span class='ocrx_word' id='word_1_318' title='bbox 727 3608 814 3740; x_wconf 82' lang='grc' dir='ltr'><strong>ιι</strong></span> <span class='ocrx_word' id='word_1_319' title='bbox 837 3615 1000 3730; x_wconf 82' lang='grc' dir='ltr'><strong>ιιιι</strong></span> <span class='ocrx_word' id='word_1_320' title='bbox 1024 3607 1164 3728; x_wconf 77' lang='grc' dir='ltr'><strong>ιιι</strong></span> 
     </span>
     <span class='ocr_line' id='line_1_38' title="bbox 454 3691 1165 3730; baseline 0 -2"><span class='ocrx_word' id='word_1_321' title='bbox 454 3691 538 3728; x_wconf 82' lang='grc' dir='ltr'><strong>,ιι</strong></span> <span class='ocrx_word' id='word_1_322' title='bbox 618 3691 631 3728; x_wconf 81' lang='lat' dir='ltr'><strong>s</strong></span> <span class='ocrx_word' id='word_1_323' title='bbox 704 3691 818 3729; x_wconf 78' lang='lat' dir='ltr'><strong>curare</strong></span> <span class='ocrx_word' id='word_1_324' title='bbox 872 3693 887 3730; x_wconf 92' lang='lat' dir='ltr'><strong>o</strong></span> <span class='ocrx_word' id='word_1_325' title='bbox 947 3691 1055 3729; x_wconf 81' lang='lat' dir='ltr'><strong>ream</strong></span> <span class='ocrx_word' id='word_1_326' title='bbox 1106 3691 1165 3728; x_wconf 79' lang='lat' dir='ltr'><strong>cans</strong></span> 
     </span>
     <span class='ocr_line' id='line_1_39' title="bbox 185 3744 1165 3891; baseline 0.005 -28"><span class='ocrx_word' id='word_1_327' title='bbox 185 3744 1032 3891; x_wconf 59' lang='lat' dir='ltr'><strong>cattus?ttttstttu‘thdu‘rtttt</strong></span> <span class='ocrx_word' id='word_1_328' title='bbox 1046 3744 1165 3891; x_wconf 59' lang='lat' dir='ltr'><strong>{titt</strong></span> 
     </span>
     <span class='ocr_line' id='line_1_40' title="bbox 185 3879 1166 3957; baseline 0.002 -25"><span class='ocrx_word' id='word_1_329' title='bbox 185 3879 391 3957; x_wconf 77' lang='lat' dir='ltr'><strong>ecclesiastrque</strong></span> <span class='ocrx_word' id='word_1_330' title='bbox 419 3880 452 3934; x_wconf 89' lang='lat' dir='ltr'><strong>de</strong></span> <span class='ocrx_word' id='word_1_331' title='bbox 472 3880 572 3936; x_wconf 87' lang='lat' dir='ltr'><strong>Vienna</strong></span> <span class='ocrx_word' id='word_1_332' title='bbox 613 3883 720 3935; x_wconf 77' lang='lat' dir='ltr'><strong>nomme</strong></span> <span class='ocrx_word' id='word_1_333' title='bbox 737 3880 856 3948; x_wconf 86' lang='lat' dir='ltr'><strong>Jaoques</strong></span> <span class='ocrx_word' id='word_1_334' title='bbox 874 3880 1027 3945; x_wconf 78' lang='lat' dir='ltr'><strong>Charmier,</strong></span> <span class='ocrx_word' id='word_1_335' title='bbox 1053 3881 1091 3935; x_wconf 86' lang='lat' dir='ltr'><strong>lur</strong></span> <span class='ocrx_word' id='word_1_336' title='bbox 1108 3883 1166 3934; x_wconf 88' lang='lat' dir='ltr'><strong>vint</strong></span> 
     </span>
     <span class='ocr_line' id='line_1_41' title="bbox 185 3923 1165 4018; baseline 0.004 -19"><span class='ocrx_word' id='word_1_337' title='bbox 185 3946 242 4000; x_wconf 85' lang='lat' dir='ltr'><strong>due</strong></span> <span class='ocrx_word' id='word_1_338' title='bbox 262 3945 295 4000; x_wconf 91' lang='lat' dir='ltr'><strong>de</strong></span> <span class='ocrx_word' id='word_1_339' title='bbox 313 3947 340 4001; x_wconf 87' lang='lat' dir='ltr'><strong>la</strong></span> <span class='ocrx_word' id='word_1_340' title='bbox 357 3953 420 4015; x_wconf 87' lang='lat' dir='ltr'><strong>part</strong></span> <span class='ocrx_word' id='word_1_341' title='bbox 437 3948 513 4003; x_wconf 89' lang='lat' dir='ltr'><strong>dudit</strong></span> <span class='ocrx_word' id='word_1_342' title='bbox 529 3923 709 4017; x_wconf 83' lang='lat' dir='ltr'><strong>Villeneusve,</strong></span> <span class='ocrx_word' id='word_1_343' title='bbox 728 3949 761 4004; x_wconf 88' lang='lat' dir='ltr'><strong>de</strong></span> <span class='ocrx_word' id='word_1_344' title='bbox 779 3948 877 4018; x_wconf 80' lang='lat' dir='ltr'><strong>garder</strong></span> <span class='ocrx_word' id='word_1_345' title='bbox 895 3949 936 4003; x_wconf 91' lang='lat' dir='ltr'><strong>les</strong></span> <span class='ocrx_word' id='word_1_346' title='bbox 954 3949 1042 4003; x_wconf 87' lang='lat' dir='ltr'><strong>balles</strong></span> <span class='ocrx_word' id='word_1_347' title='bbox 1057 3948 1165 4018; x_wconf 78' lang='lat' dir='ltr'><strong>jusqu’h</strong></span> 
     </span>
     <span class='ocr_line' id='line_1_42' title="bbox 186 4014 1163 4086; baseline 0.004 -18"><span class='ocrx_word' id='word_1_348' title='bbox 186 4030 217 4068; x_wconf 89' lang='lat' dir='ltr'><strong>cc</strong></span> <span class='ocrx_word' id='word_1_349' title='bbox 235 4031 287 4083; x_wconf 91' lang='lat' dir='ltr'><strong>que</strong></span> <span class='ocrx_word' id='word_1_350' title='bbox 305 4014 360 4068; x_wconf 90' lang='lat' dir='ltr'><strong>l’on</strong></span> <span class='ocrx_word' id='word_1_351' title='bbox 378 4017 435 4069; x_wconf 82' lang='lat' dir='ltr'><strong>rint</strong></span> <span class='ocrx_word' id='word_1_352' title='bbox 454 4017 495 4071; x_wconf 88' lang='lat' dir='ltr'><strong>les</strong></span> <span class='ocrx_word' id='word_1_353' title='bbox 512 4018 620 4084; x_wconf 80' lang='lat' dir='ltr'><strong>retiret,</strong></span> <span class='ocrx_word' id='word_1_354' title='bbox 646 4022 673 4071; x_wconf 85' lang='lat' dir='ltr'><strong>et</strong></span> <span class='ocrx_word' id='word_1_355' title='bbox 689 4033 740 4086; x_wconf 77' lang='lat' dir='ltr'><strong>gae</strong></span> <span class='ocrx_word' id='word_1_356' title='bbox 761 4016 862 4071; x_wconf 78' lang='lat' dir='ltr'><strong>c’estoe‘t</strong></span> <span class='ocrx_word' id='word_1_357' title='bbox 876 4019 975 4086; x_wconf 76' lang='lat' dir='ltr'><strong>popter</strong></span> <span class='ocrx_word' id='word_1_358' title='bbox 992 4018 1084 4072; x_wconf 77' lang='lat' dir='ltr'><strong>blase:</strong></span> <span class='ocrx_word' id='word_1_359' title='bbox 1103 4033 1163 4086; x_wconf 63' lang='lat' dir='ltr'><strong>‚quc</strong></span> 
     </span>
     <span class='ocr_line' id='line_1_43' title="bbox 111 4083 1164 4154; baseline 0.004 -18"><span class='ocrx_word' id='word_1_360' title='bbox 111 4093 126 4101; x_wconf 87' lang='grc'><em>’</em></span> <span class='ocrx_word' id='word_1_361' title='bbox 185 4083 281 4151; x_wconf 86' lang='lat' dir='ltr'><strong>depuis</strong></span> <span class='ocrx_word' id='word_1_362' title='bbox 300 4099 330 4138; x_wconf 90' lang='lat' dir='ltr'><strong>ce</strong></span> <span class='ocrx_word' id='word_1_363' title='bbox 349 4085 458 4139; x_wconf 77' lang='lat' dir='ltr'><strong>tems-lt</strong></span> <span class='ocrx_word' id='word_1_364' title='bbox 474 4085 492 4138; x_wconf 89' lang='lat' dir='ltr'><strong>il</strong></span> <span class='ocrx_word' id='word_1_365' title='bbox 510 4085 555 4139; x_wconf 90' lang='lat' dir='ltr'><strong>n’a</strong></span> <span class='ocrx_word' id='word_1_366' title='bbox 572 4102 605 4140; x_wconf 91' lang='lat' dir='ltr'><strong>eu</strong></span> <span class='ocrx_word' id='word_1_367' title='bbox 622 4086 766 4140; x_wconf 86' lang='lat' dir='ltr'><strong>nouvelles</strong></span> <span class='ocrx_word' id='word_1_368' title='bbox 781 4086 858 4139; x_wconf 88' lang='lat' dir='ltr'><strong>dudit</strong></span> <span class='ocrx_word' id='word_1_369' title='bbox 875 4086 1058 4154; x_wconf 81' lang='lat' dir='ltr'><strong>Villeneuive‚</strong></span> <span class='ocrx_word' id='word_1_370' title='bbox 1085 4087 1111 4140; x_wconf 92' lang='lat' dir='ltr'><strong>ni</strong></span> <span class='ocrx_word' id='word_1_371' title='bbox 1129 4104 1164 4140; x_wconf 89' lang='lat' dir='ltr'><strong>vu</strong></span> 
     </span>
     <span class='ocr_line' id='line_1_44' title="bbox 185 4151 1163 4223; baseline 0.002 -17"><span class='ocrx_word' id='word_1_372' title='bbox 185 4167 320 4219; x_wconf 87' lang='lat' dir='ltr'><strong>personne</strong></span> <span class='ocrx_word' id='word_1_373' title='bbox 338 4151 372 4205; x_wconf 89' lang='lat' dir='ltr'><strong>de</strong></span> <span class='ocrx_word' id='word_1_374' title='bbox 391 4168 422 4206; x_wconf 87' lang='lat' dir='ltr'><strong>sa</strong></span> <span class='ocrx_word' id='word_1_375' title='bbox 439 4162 502 4221; x_wconf 88' lang='lat' dir='ltr'><strong>part</strong></span> <span class='ocrx_word' id='word_1_376' title='bbox 519 4171 589 4222; x_wconf 90' lang='lat' dir='ltr'><strong>pour</strong></span> <span class='ocrx_word' id='word_1_377' title='bbox 606 4156 703 4208; x_wconf 88' lang='lat' dir='ltr'><strong>retirer</strong></span> <span class='ocrx_word' id='word_1_378' title='bbox 719 4155 760 4208; x_wconf 87' lang='lat' dir='ltr'><strong>les</strong></span> <span class='ocrx_word' id='word_1_379' title='bbox 777 4155 871 4222; x_wconf 87' lang='lat' dir='ltr'><strong>balles,</strong></span> <span class='ocrx_word' id='word_1_380' title='bbox 890 4163 918 4208; x_wconf 88' lang='lat' dir='ltr'><strong>et</strong></span> <span class='ocrx_word' id='word_1_381' title='bbox 935 4153 1054 4223; x_wconf 89' lang='lat' dir='ltr'><strong>qu’iln&#39;a</strong></span> <span class='ocrx_word' id='word_1_382' title='bbox 1065 4155 1163 4222; x_wconf 89' lang='lat' dir='ltr'><strong>jamais</strong></span> 
     </span>
     <span class='ocr_line' id='line_1_45' title="bbox 185 4219 905 4291; baseline 0.001 -17"><span class='ocrx_word' id='word_1_383' title='bbox 185 4237 233 4289; x_wconf 84' lang='lat' dir='ltr'><strong>squ</strong></span> <span class='ocrx_word' id='word_1_384' title='bbox 251 4222 273 4275; x_wconf 90' lang='lat' dir='ltr'><strong>si</strong></span> <span class='ocrx_word' id='word_1_385' title='bbox 292 4219 383 4274; x_wconf 78' lang='lat' dir='ltr'><strong>c&#39;dtoit</strong></span> <span class='ocrx_word' id='word_1_386' title='bbox 399 4224 497 4290; x_wconf 88' lang='lat' dir='ltr'><strong>papier</strong></span> <span class='ocrx_word' id='word_1_387' title='bbox 513 4223 593 4276; x_wconf 91' lang='lat' dir='ltr'><strong>blanc</strong></span> <span class='ocrx_word' id='word_1_388' title='bbox 611 4239 646 4276; x_wconf 92' lang='lat' dir='ltr'><strong>ou</strong></span> <span class='ocrx_word' id='word_1_389' title='bbox 664 4221 744 4276; x_wconf 84' lang='lat' dir='ltr'><strong>livres</strong></span> <span class='ocrx_word' id='word_1_390' title='bbox 761 4223 905 4291; x_wconf 72' lang='lat' dir='ltr'><strong>imprimes.</strong></span> 
     </span>
    </p>

    <p class='ocr_par' dir='ltr' id='par_1_7' title="bbox 184 4289 1164 4919">
     <span class='ocr_line' id='line_1_46' title="bbox 254 4289 1163 4360; baseline 0.003 -19"><span class='ocrx_word' id='word_1_391' title='bbox 254 4290 343 4357; x_wconf 73' lang='lat' dir='ltr'><strong>Apros</strong></span> <span class='ocrx_word' id='word_1_392' title='bbox 361 4290 438 4343; x_wconf 87' lang='lat' dir='ltr'><strong>avoir</strong></span> <span class='ocrx_word' id='word_1_393' title='bbox 456 4290 512 4358; x_wconf 87' lang='lat' dir='ltr'><strong>pris</strong></span> <span class='ocrx_word' id='word_1_394' title='bbox 536 4306 566 4345; x_wconf 91' lang='lat' dir='ltr'><strong>sa</strong></span> <span class='ocrx_word' id='word_1_395' title='bbox 590 4289 744 4360; x_wconf 77' lang='lat' dir='ltr'><strong>deposition</strong></span> <span class='ocrx_word' id='word_1_396' title='bbox 766 4290 944 4359; x_wconf 89' lang='lat' dir='ltr'><strong>l’inquisiteur</strong></span> <span class='ocrx_word' id='word_1_397' title='bbox 967 4298 994 4345; x_wconf 85' lang='lat' dir='ltr'><strong>et</strong></span> <span class='ocrx_word' id='word_1_398' title='bbox 1017 4290 1042 4344; x_wconf 89' lang='lat' dir='ltr'><strong>le</strong></span> <span class='ocrx_word' id='word_1_399' title='bbox 1061 4289 1163 4344; x_wconf 86' lang='lat' dir='ltr'><strong>Grand-</strong></span> 
     </span>
     <span class='ocr_line' id='line_1_47' title="bbox 185 4356 1163 4427; baseline 0.005 -20"><span class='ocrx_word' id='word_1_400' title='bbox 185 4356 290 4410; x_wconf 87' lang='lat' dir='ltr'><strong>Vieaire</strong></span> <span class='ocrx_word' id='word_1_401' title='bbox 309 4356 390 4410; x_wconf 85' lang='lat' dir='ltr'><strong>iirent</strong></span> <span class='ocrx_word' id='word_1_402' title='bbox 408 4358 519 4412; x_wconf 88' lang='lat' dir='ltr'><strong>cnlever</strong></span> <span class='ocrx_word' id='word_1_403' title='bbox 537 4359 577 4413; x_wconf 88' lang='lat' dir='ltr'><strong>les</strong></span> <span class='ocrx_word' id='word_1_404' title='bbox 596 4360 656 4427; x_wconf 87' lang='lat' dir='ltr'><strong>cinq</strong></span> <span class='ocrx_word' id='word_1_405' title='bbox 675 4359 760 4412; x_wconf 90' lang='lat' dir='ltr'><strong>balles</strong></span> <span class='ocrx_word' id='word_1_406' title='bbox 778 4366 805 4412; x_wconf 86' lang='lat' dir='ltr'><strong>et</strong></span> <span class='ocrx_word' id='word_1_407' title='bbox 822 4360 959 4413; x_wconf 87' lang='lat' dir='ltr'><strong>revinrent</strong></span> <span class='ocrx_word' id='word_1_408' title='bbox 973 4358 1110 4424; x_wconf 76' lang='lat' dir='ltr'><strong>Avienus,</strong></span> <span class='ocrx_word' id='word_1_409' title='bbox 1129 4362 1163 4412; x_wconf 87' lang='lat' dir='ltr'><strong>oh</strong></span> 
     </span>
     <span class='ocr_line' id='line_1_48' title="bbox 186 4424 1164 4482; baseline 0.003 -5"><span class='ocrx_word' id='word_1_410' title='bbox 186 4424 253 4478; x_wconf 87' lang='lat' dir='ltr'><strong>elles</strong></span> <span class='ocrx_word' id='word_1_411' title='bbox 281 4425 373 4479; x_wconf 78' lang='lat' dir='ltr'><strong>fiuent</strong></span> <span class='ocrx_word' id='word_1_412' title='bbox 395 4428 476 4482; x_wconf 90' lang='lat' dir='ltr'><strong>mises</strong></span> <span class='ocrx_word' id='word_1_413' title='bbox 503 4427 571 4481; x_wconf 87' lang='lat' dir='ltr'><strong>dans</strong></span> <span class='ocrx_word' id='word_1_414' title='bbox 593 4444 646 4481; x_wconf 88' lang='lat' dir='ltr'><strong>une</strong></span> <span class='ocrx_word' id='word_1_415' title='bbox 676 4427 725 4480; x_wconf 89' lang='lat' dir='ltr'><strong>des</strong></span> <span class='ocrx_word' id='word_1_416' title='bbox 749 4427 889 4481; x_wconf 88' lang='lat' dir='ltr'><strong>chambres</strong></span> <span class='ocrx_word' id='word_1_417' title='bbox 913 4426 947 4479; x_wconf 91' lang='lat' dir='ltr'><strong>de</strong></span> <span class='ocrx_word' id='word_1_418' title='bbox 969 4427 1164 4482; x_wconf 77' lang='lat' dir='ltr'><strong>l’archcvdchd.</strong></span> 
     </span>
     <span class='ocr_line' id='line_1_49' title="bbox 184 4491 1164 4561; baseline 0.004 -17"><span class='ocrx_word' id='word_1_419' title='bbox 184 4491 304 4558; x_wconf 84' lang='lat' dir='ltr'><strong>Jaeques</strong></span> <span class='ocrx_word' id='word_1_420' title='bbox 322 4494 461 4548; x_wconf 86' lang='lat' dir='ltr'><strong>Charmier</strong></span> <span class='ocrx_word' id='word_1_421' title='bbox 484 4496 526 4548; x_wconf 81' lang='lat' dir='ltr'><strong>tut</strong></span> <span class='ocrx_word' id='word_1_422' title='bbox 549 4498 654 4550; x_wconf 86' lang='lat' dir='ltr'><strong>ensuite</strong></span> <span class='ocrx_word' id='word_1_423' title='bbox 677 4497 823 4561; x_wconf 76' lang='lat' dir='ltr'><strong>interrege.</strong></span> <span class='ocrx_word' id='word_1_424' title='bbox 858 4495 883 4548; x_wconf 95' lang='lat' dir='ltr'><strong>ll</strong></span> <span class='ocrx_word' id='word_1_425' title='bbox 905 4497 951 4549; x_wconf 90' lang='lat' dir='ltr'><strong>nia</strong></span> <span class='ocrx_word' id='word_1_426' title='bbox 969 4504 1164 4550; x_wconf 87' lang='lat' dir='ltr'><strong>constamment</strong></span> 
     </span>
     <span class='ocr_line' id='line_1_50' title="bbox 186 4559 1163 4632; baseline 0.006 -20"><span class='ocrx_word' id='word_1_427' title='bbox 186 4559 288 4612; x_wconf 86' lang='lat' dir='ltr'><strong>d&#39;avoir</strong></span> <span class='ocrx_word' id='word_1_428' title='bbox 303 4561 401 4627; x_wconf 61' lang='lat' dir='ltr'><strong>,tanais</strong></span> <span class='ocrx_word' id='word_1_429' title='bbox 420 4580 467 4630; x_wconf 78' lang='lat' dir='ltr'><strong>squ</strong></span> <span class='ocrx_word' id='word_1_430' title='bbox 485 4580 515 4618; x_wconf 87' lang='lat' dir='ltr'><strong>ce</strong></span> <span class='ocrx_word' id='word_1_431' title='bbox 535 4581 586 4632; x_wconf 93' lang='lat' dir='ltr'><strong>que</strong></span> <span class='ocrx_word' id='word_1_432' title='bbox 606 4565 778 4619; x_wconf 87' lang='lat' dir='ltr'><strong>contenoient</strong></span> <span class='ocrx_word' id='word_1_433' title='bbox 795 4563 836 4616; x_wconf 88' lang='lat' dir='ltr'><strong>les</strong></span> <span class='ocrx_word' id='word_1_434' title='bbox 853 4564 940 4618; x_wconf 89' lang='lat' dir='ltr'><strong>balles</strong></span> <span class='ocrx_word' id='word_1_435' title='bbox 952 4564 1016 4632; x_wconf 80' lang='lat' dir='ltr'><strong>qu&#39;il</strong></span> <span class='ocrx_word' id='word_1_436' title='bbox 1028 4566 1096 4618; x_wconf 74' lang='lat' dir='ltr'><strong>etoit</strong></span> <span class='ocrx_word' id='word_1_437' title='bbox 1109 4564 1163 4618; x_wconf 70' lang='lat' dir='ltr'><strong>alle</strong></span> 
     </span>
     <span class='ocr_line' id='line_1_51' title="bbox 185 4627 1164 4701; baseline 0.003 -20"><span class='ocrx_word' id='word_1_438' title='bbox 185 4627 389 4681; x_wconf 87' lang='lat' dir='ltr'><strong>recommauder</strong></span> <span class='ocrx_word' id='word_1_439' title='bbox 407 4632 424 4683; x_wconf 77' lang='lat' dir='ltr'><strong>a</strong></span> <span class='ocrx_word' id='word_1_440' title='bbox 441 4630 532 4684; x_wconf 88' lang='lat' dir='ltr'><strong>Pierre</strong></span> <span class='ocrx_word' id='word_1_441' title='bbox 551 4633 667 4701; x_wconf 81' lang='lat' dir='ltr'><strong>Merrin3</strong></span> <span class='ocrx_word' id='word_1_442' title='bbox 686 4633 753 4686; x_wconf 87' lang='lat' dir='ltr'><strong>mais</strong></span> <span class='ocrx_word' id='word_1_443' title='bbox 772 4646 816 4685; x_wconf 88' lang='lat' dir='ltr'><strong>ses</strong></span> <span class='ocrx_word' id='word_1_444' title='bbox 834 4631 950 4699; x_wconf 62' lang='lat' dir='ltr'><strong>mandes</strong></span> <span class='ocrx_word' id='word_1_445' title='bbox 969 4633 1079 4687; x_wconf 87' lang='lat' dir='ltr'><strong>liaisons</strong></span> <span class='ocrx_word' id='word_1_446' title='bbox 1098 4648 1164 4686; x_wconf 85' lang='lat' dir='ltr'><strong>avec</strong></span> 
     </span>
     <span class='ocr_line' id='line_1_52' title="bbox 185 4694 1164 4781; baseline 0.005 -33"><span class='ocrx_word' id='word_1_447' title='bbox 185 4694 286 4749; x_wconf 85' lang='lat' dir='ltr'><strong>Micbel</strong></span> <span class='ocrx_word' id='word_1_448' title='bbox 303 4695 337 4748; x_wconf 90' lang='lat' dir='ltr'><strong>de</strong></span> <span class='ocrx_word' id='word_1_449' title='bbox 351 4696 520 4780; x_wconf 78' lang='lat' dir='ltr'><strong>Villeneuive</strong></span> <span class='ocrx_word' id='word_1_450' title='bbox 538 4700 564 4753; x_wconf 89' lang='lat' dir='ltr'><strong>le</strong></span> <span class='ocrx_word' id='word_1_451' title='bbox 582 4700 697 4781; x_wconf 73' lang='lat' dir='ltr'><strong>rendunt</strong></span> <span class='ocrx_word' id='word_1_452' title='bbox 713 4701 902 4780; x_wconf 74' lang='lat' dir='ltr'><strong>tres-suspect,</strong></span> <span class='ocrx_word' id='word_1_453' title='bbox 922 4717 956 4754; x_wconf 89' lang='lat' dir='ltr'><strong>on</strong></span> <span class='ocrx_word' id='word_1_454' title='bbox 974 4701 999 4755; x_wconf 92' lang='lat' dir='ltr'><strong>le</strong></span> <span class='ocrx_word' id='word_1_455' title='bbox 1015 4701 1164 4754; x_wconf 83' lang='lat' dir='ltr'><strong>condamus</strong></span> 
     </span>
     <span class='ocr_line' id='line_1_53' title="bbox 184 4764 1163 4919; baseline 0.006 -33"><span class='ocrx_word' id='word_1_456' title='bbox 184 4764 300 4886; x_wconf 61' lang='lat' dir='ltr'><strong>q¹¹⁰¹l¹¹5</strong></span> <span class='ocrx_word' id='word_1_457' title='bbox 313 4768 487 4887; x_wconf 58' lang='lat' dir='ltr'><strong>limitati?</strong></span> <span class='ocrx_word' id='word_1_458' title='bbox 500 4771 731 4903; x_wconf 63' lang='lat' dir='ltr'><strong>rtttttttltt</strong></span> <span class='ocrx_word' id='word_1_459' title='bbox 746 4768 906 4891; x_wconf 58' lang='lat' dir='ltr'><strong>illitu</strong></span> <span class='ocrx_word' id='word_1_460' title='bbox 927 4837 976 4892; x_wconf 70' lang='lat' dir='ltr'><strong>ss</strong></span> <span class='ocrx_word' id='word_1_461' title='bbox 999 4837 1163 4919; x_wconf 57' lang='lat' dir='ltr'><strong>pressus</strong></span> 
     </span>
    </p>
   </div>
   <div class='ocr_carea' id='block_1_7' title="bbox 186 4900 1224 4974">
    <p class='ocr_par' dir='ltr' id='par_1_8' title="bbox 186 4900 1224 4974">
     <span class='ocr_line' id='line_1_54' title="bbox 186 4900 1224 4974; baseline 0.006 -20"><span class='ocrx_word' id='word_1_462' title='bbox 186 4915 292 4955; x_wconf 89' lang='lat' dir='ltr'><strong>erreurs</strong></span> <span class='ocrx_word' id='word_1_463' title='bbox 310 4900 346 4954; x_wconf 89' lang='lat' dir='ltr'><strong>du</strong></span> <span class='ocrx_word' id='word_1_464' title='bbox 356 4900 549 4956; x_wconf 87' lang='lat' dir='ltr'><strong>Christianismi</strong></span> <span class='ocrx_word' id='word_1_465' title='bbox 566 4902 711 4959; x_wconf 84' lang='lat' dir='ltr'><strong>Restitutio</strong></span> <span class='ocrx_word' id='word_1_466' title='bbox 727 4921 800 4972; x_wconf 81' lang='lat' dir='ltr'><strong>pour</strong></span> <span class='ocrx_word' id='word_1_467' title='bbox 817 4921 852 4959; x_wconf 82' lang='lat' dir='ltr'><strong>ea</strong></span> <span class='ocrx_word' id='word_1_468' title='bbox 866 4905 941 4972; x_wconf 75' lang='lat' dir='ltr'><strong>scire</strong></span> <span class='ocrx_word' id='word_1_469' title='bbox 956 4906 1019 4974; x_wconf 80' lang='lat' dir='ltr'><strong>plus</strong></span> <span class='ocrx_word' id='word_1_470' title='bbox 1033 4912 1165 4960; x_wconf 71' lang='lat' dir='ltr'><strong>carmem</strong></span> <span class='ocrx_word' id='word_1_471' title='bbox 1217 4946 1224 4959; x_wconf 86' lang='lat'><strong>.</strong></span> 
     </span>
    </p>
   </div>
   <div class='ocr_carea' id='block_1_8' title="bbox 184 4970 638 5038">
    <p class='ocr_par' dir='ltr' id='par_1_9' title="bbox 184 4970 638 5038">
     <span class='ocr_line' id='line_1_55' title="bbox 184 4970 638 5038; baseline 0.007 -16"><span class='ocrx_word' id='word_1_472' title='bbox 184 4970 257 5022; x_wconf 78' lang='lat' dir='ltr'><strong>telles</strong></span> <span class='ocrx_word' id='word_1_473' title='bbox 273 4984 399 5023; x_wconf 72' lang='lat' dir='ltr'><strong>maures</strong></span> <span class='ocrx_word' id='word_1_474' title='bbox 416 4985 467 5038; x_wconf 80' lang='lat' dir='ltr'><strong>quc</strong></span> <span class='ocrx_word' id='word_1_475' title='bbox 484 4970 518 5024; x_wconf 81' lang='lat' dir='ltr'><strong>de</strong></span> <span class='ocrx_word' id='word_1_476' title='bbox 533 4972 638 5025; x_wconf 80' lang='lat' dir='ltr'><strong>raison.</strong></span> 
     </span>
    </p>
   </div>
   <div class='ocr_carea' id='block_1_9' title="bbox 253 5037 1183 5108">
    <p class='ocr_par' dir='ltr' id='par_1_10' title="bbox 253 5037 1183 5108">
     <span class='ocr_line' id='line_1_56' title="bbox 253 5037 1183 5108; baseline 0.012 -18"><span class='ocrx_word' id='word_1_477' title='bbox 253 5038 296 5092; x_wconf 86' lang='lat' dir='ltr'><strong>Au</strong></span> <span class='ocrx_word' id='word_1_478' title='bbox 313 5039 381 5092; x_wconf 91' lang='lat' dir='ltr'><strong>mois</strong></span> <span class='ocrx_word' id='word_1_479' title='bbox 398 5037 432 5091; x_wconf 87' lang='lat' dir='ltr'><strong>dc</strong></span> <span class='ocrx_word' id='word_1_480' title='bbox 447 5039 518 5108; x_wconf 83' lang='lat' dir='ltr'><strong>juin.</strong></span> <span class='ocrx_word' id='word_1_481' title='bbox 544 5039 570 5094; x_wconf 89' lang='lat' dir='ltr'><strong>le</strong></span> <span class='ocrx_word' id='word_1_482' title='bbox 588 5042 686 5108; x_wconf 74' lang='lat' dir='ltr'><strong>proces</strong></span> <span class='ocrx_word' id='word_1_483' title='bbox 710 5040 743 5094; x_wconf 90' lang='lat' dir='ltr'><strong>de</strong></span> <span class='ocrx_word' id='word_1_484' title='bbox 762 5041 858 5095; x_wconf 82' lang='lat' dir='ltr'><strong>Serret</strong></span> <span class='ocrx_word' id='word_1_485' title='bbox 877 5044 951 5096; x_wconf 79' lang='lat' dir='ltr'><strong>cunt</strong></span> <span class='ocrx_word' id='word_1_486' title='bbox 967 5041 1183 5101; x_wconf 81' lang='lat' dir='ltr'><strong>cusiisamment.</strong></span> 
     </span>
    </p>
   </div>
   <div class='ocr_carea' id='block_1_10' title="bbox 184 5106 1163 5176">
    <p class='ocr_par' dir='ltr' id='par_1_11' title="bbox 184 5106 1163 5176">
     <span class='ocr_line' id='line_1_57' title="bbox 184 5106 1163 5176; baseline 0.007 -18"><span class='ocrx_word' id='word_1_487' title='bbox 184 5106 305 5173; x_wconf 70' lang='lat' dir='ltr'><strong>insunt,</strong></span> <span class='ocrx_word' id='word_1_488' title='bbox 331 5107 356 5159; x_wconf 92' lang='lat' dir='ltr'><strong>le</strong></span> <span class='ocrx_word' id='word_1_489' title='bbox 376 5106 498 5161; x_wconf 83' lang='lat' dir='ltr'><strong>vibsillit</strong></span> <span class='ocrx_word' id='word_1_490' title='bbox 512 5123 652 5176; x_wconf 81' lang='lat' dir='ltr'><strong>prononqa</strong></span> <span class='ocrx_word' id='word_1_491' title='bbox 675 5123 705 5162; x_wconf 89' lang='lat' dir='ltr'><strong>sa</strong></span> <span class='ocrx_word' id='word_1_492' title='bbox 727 5116 855 5163; x_wconf 89' lang='lat' dir='ltr'><strong>sentence</strong></span> <span class='ocrx_word' id='word_1_493' title='bbox 879 5111 1093 5166; x_wconf 71' lang='lat' dir='ltr'><strong>conterminent</strong></span> <span class='ocrx_word' id='word_1_494' title='bbox 1109 5127 1163 5165; x_wconf 88' lang='lat' dir='ltr'><strong>aux</strong></span> 
     </span>
    </p>
   </div>
   <div class='ocr_carea' id='block_1_11' title="bbox 93 5174 705 5231">
    <p class='ocr_par' dir='ltr' id='par_1_12' title="bbox 93 5174 705 5231">
     <span class='ocr_line' id='line_1_58' title="bbox 93 5174 705 5231; baseline 0.008 -6"><span class='ocrx_word' id='word_1_495' title='bbox 93 5206 97 5214; x_wconf 88' lang='lat'><em>-</em></span> <span class='ocrx_word' id='word_1_496' title='bbox 182 5175 358 5228; x_wconf 83' lang='lat' dir='ltr'><strong>conclusione</strong></span> <span class='ocrx_word' id='word_1_497' title='bbox 376 5174 411 5228; x_wconf 91' lang='lat' dir='ltr'><strong>du</strong></span> <span class='ocrx_word' id='word_1_498' title='bbox 430 5175 583 5231; x_wconf 90' lang='lat' dir='ltr'><strong>Procureur</strong></span> <span class='ocrx_word' id='word_1_499' title='bbox 601 5177 637 5230; x_wconf 90' lang='lat' dir='ltr'><strong>du</strong></span> <span class='ocrx_word' id='word_1_500' title='bbox 656 5179 705 5231; x_wconf 90' lang='lat' dir='ltr'><strong>roi.</strong></span> 
     </span>
    </p>
   </div>
   <div class='ocr_carea' id='block_1_12' title="bbox 253 5242 713 5451">
    <p class='ocr_par' dir='ltr' id='par_1_13' title="bbox 253 5242 713 5451">
     <span class='ocr_line' id='line_1_59' title="bbox 254 5242 574 5326; baseline 0.022 -32"><span class='ocrx_word' id='word_1_501' title='bbox 254 5242 284 5310; x_wconf 90' lang='lat'><strong>1)</strong></span> <span class='ocrx_word' id='word_1_502' title='bbox 304 5242 530 5326; x_wconf 35' lang='lat' dir='ltr'><strong>Moabcisasest..</strong></span> <span class='ocrx_word' id='word_1_503' title='bbox 567 5313 574 5325; x_wconf 93' lang='lat'><strong>.</strong></span> 
     </span>
     <span class='ocr_line' id='line_1_60' title="bbox 253 5310 713 5451; baseline 0.013 -20"><span class='ocrx_word' id='word_1_504' title='bbox 253 5310 713 5451; x_wconf 60' lang='lat' dir='ltr'><strong>ill3t113tltr,¹⁰tts¹⁶¹⁰¹⁰·</strong></span> 
     </span>
    </p>
   </div>
   <div class='ocr_carea' id='block_1_13' title="bbox 1217 1351 2280 2633">
    <p class='ocr_par' dir='ltr' id='par_1_14' title="bbox 1217 1351 2280 2633">
     <span class='ocr_line' id='line_1_61' title="bbox 1218 1351 2203 1435; baseline 0.002 -19"><span class='ocrx_word' id='word_1_505' title='bbox 1218 1351 1260 1416; x_wconf 92' lang='lat' dir='ltr'><strong>ad</strong></span> <span class='ocrx_word' id='word_1_506' title='bbox 1281 1352 1465 1418; x_wconf 87' lang='lat' dir='ltr'><strong>Iohannem</strong></span> <span class='ocrx_word' id='word_1_507' title='bbox 1483 1352 1661 1418; x_wconf 84' lang='lat' dir='ltr'><strong>Calvinum</strong></span> <span class='ocrx_word' id='word_1_508' title='bbox 1681 1351 1863 1435; x_wconf 89' lang='lat' dir='ltr'><strong>descriptas</strong></span> <span class='ocrx_word' id='word_1_509' title='bbox 1893 1371 1969 1416; x_wconf 93' lang='lat' dir='ltr'><strong>cum</strong></span> <span class='ocrx_word' id='word_1_510' title='bbox 1996 1352 2070 1417; x_wconf 91' lang='lat' dir='ltr'><strong>aliis</strong></span> <span class='ocrx_word' id='word_1_511' title='bbox 2099 1373 2203 1435; x_wconf 90' lang='lat' dir='ltr'><strong>usque</strong></span> 
     </span>
     <span class='ocr_line' id='line_1_62' title="bbox 1218 1436 2205 1521; baseline 0 -19"><span class='ocrx_word' id='word_1_512' title='bbox 1218 1436 1457 1502; x_wconf 88' lang='lat' dir='ltr'><strong>adnumerum</strong></span> <span class='ocrx_word' id='word_1_513' title='bbox 1485 1439 1622 1521; x_wconf 88' lang='lat' dir='ltr'><strong>triginta</strong></span> <span class='ocrx_word' id='word_1_514' title='bbox 1649 1458 1720 1503; x_wconf 92' lang='lat' dir='ltr'><strong>esse</strong></span> <span class='ocrx_word' id='word_1_515' title='bbox 1746 1439 1902 1517; x_wconf 64' lang='lat' dir='ltr'><strong>insertam</strong></span> <span class='ocrx_word' id='word_1_516' title='bbox 1933 1439 2042 1521; x_wconf 86' lang='lat' dir='ltr'><strong>Atque</strong></span> <span class='ocrx_word' id='word_1_517' title='bbox 2063 1458 2205 1503; x_wconf 85' lang='lat' dir='ltr'><strong>censura</strong></span> 
     </span>
     <span class='ocr_line' id='line_1_63' title="bbox 1218 1523 2204 1607; baseline 0 -19"><span class='ocrx_word' id='word_1_518' title='bbox 1218 1524 1304 1588; x_wconf 86' lang='lat' dir='ltr'><strong>facta</strong></span> <span class='ocrx_word' id='word_1_519' title='bbox 1325 1544 1384 1607; x_wconf 88' lang='lat' dir='ltr'><strong>per</strong></span> <span class='ocrx_word' id='word_1_520' title='bbox 1404 1523 1608 1606; x_wconf 89' lang='lat' dir='ltr'><strong>praedictum</strong></span> <span class='ocrx_word' id='word_1_521' title='bbox 1625 1523 1806 1589; x_wconf 91' lang='lat' dir='ltr'><strong>Dominum</strong></span> <span class='ocrx_word' id='word_1_522' title='bbox 1824 1523 2057 1606; x_wconf 70' lang='lat' dir='ltr'><strong>Inquisitorem</strong></span> <span class='ocrx_word' id='word_1_523' title='bbox 2074 1524 2204 1607; x_wconf 85' lang='lat' dir='ltr'><strong>subsig-</strong></span> 
     </span>
     <span class='ocr_line' id='line_1_64' title="bbox 1218 1608 2203 1692; baseline 0.001 -19"><span class='ocrx_word' id='word_1_524' title='bbox 1218 1616 1297 1674; x_wconf 88' lang='lat' dir='ltr'><strong>nata</strong></span> <span class='ocrx_word' id='word_1_525' title='bbox 1319 1608 1359 1673; x_wconf 88' lang='lat' dir='ltr'><strong>de</strong></span> <span class='ocrx_word' id='word_1_526' title='bbox 1381 1609 1531 1692; x_wconf 89' lang='lat' dir='ltr'><strong>pluribus</strong></span> <span class='ocrx_word' id='word_1_527' title='bbox 1553 1609 1720 1674; x_wconf 87' lang='lat' dir='ltr'><strong>erroribus</strong></span> <span class='ocrx_word' id='word_1_528' title='bbox 1741 1611 1776 1673; x_wconf 94' lang='lat' dir='ltr'><strong>in</strong></span> <span class='ocrx_word' id='word_1_529' title='bbox 1794 1609 1909 1674; x_wconf 91' lang='lat' dir='ltr'><strong>eodem</strong></span> <span class='ocrx_word' id='word_1_530' title='bbox 1932 1608 2035 1674; x_wconf 91' lang='lat' dir='ltr'><strong>Libro</strong></span> <span class='ocrx_word' id='word_1_531' title='bbox 2057 1610 2203 1688; x_wconf 90' lang='lat' dir='ltr'><strong>assertis,</strong></span> 
     </span>
     <span class='ocr_line' id='line_1_65' title="bbox 1218 1693 2204 1779; baseline 0.002 -22"><span class='ocrx_word' id='word_1_532' title='bbox 1218 1694 1347 1777; x_wconf 90' lang='lat' dir='ltr'><strong>aliaque</strong></span> <span class='ocrx_word' id='word_1_533' title='bbox 1368 1715 1507 1759; x_wconf 89' lang='lat' dir='ltr'><strong>censura</strong></span> <span class='ocrx_word' id='word_1_534' title='bbox 1535 1716 1594 1779; x_wconf 89' lang='lat' dir='ltr'><strong>per</strong></span> <span class='ocrx_word' id='word_1_535' title='bbox 1615 1693 1831 1759; x_wconf 89' lang='lat' dir='ltr'><strong>Venerabiles</strong></span> <span class='ocrx_word' id='word_1_536' title='bbox 1853 1702 1887 1759; x_wconf 90' lang='lat' dir='ltr'><strong>et</strong></span> <span class='ocrx_word' id='word_1_537' title='bbox 1907 1694 2093 1778; x_wconf 83' lang='lat' dir='ltr'><strong>Religiosos</strong></span> <span class='ocrx_word' id='word_1_538' title='bbox 2114 1696 2204 1760; x_wconf 88' lang='lat' dir='ltr'><strong>viros</strong></span> 
     </span>
     <span class='ocr_line' id='line_1_66' title="bbox 1218 1779 2205 1859; baseline -0.001 -14"><span class='ocrx_word' id='word_1_539' title='bbox 1218 1800 1278 1845; x_wconf 92' lang='lat' dir='ltr'><strong>nos</strong></span> <span class='ocrx_word' id='word_1_540' title='bbox 1310 1780 1530 1845; x_wconf 89' lang='lat' dir='ltr'><strong>Laurentium</strong></span> <span class='ocrx_word' id='word_1_541' title='bbox 1563 1780 1715 1859; x_wconf 82' lang='lat' dir='ltr'><strong>Molaris,</strong></span> <span class='ocrx_word' id='word_1_542' title='bbox 1749 1779 1901 1845; x_wconf 90' lang='lat' dir='ltr'><strong>Priorem</strong></span> <span class='ocrx_word' id='word_1_543' title='bbox 1933 1779 2205 1845; x_wconf 87' lang='lat' dir='ltr'><strong>Praedicatorum</strong></span> 
     </span>
     <span class='ocr_line' id='line_1_67' title="bbox 1218 1864 2204 1948; baseline 0 -20"><span class='ocrx_word' id='word_1_544' title='bbox 1218 1866 1369 1930; x_wconf 85' lang='lat' dir='ltr'><strong>Viennae</strong></span> <span class='ocrx_word' id='word_1_545' title='bbox 1397 1873 1430 1931; x_wconf 90' lang='grc' dir='ltr'><strong>ιι</strong></span> <span class='ocrx_word' id='word_1_546' title='bbox 1456 1865 1629 1931; x_wconf 90' lang='lat' dir='ltr'><strong>Vicarium</strong></span> <span class='ocrx_word' id='word_1_547' title='bbox 1686 1866 1801 1930; x_wconf 83' lang='lat' dir='ltr'><strong>raefati</strong></span> <span class='ocrx_word' id='word_1_548' title='bbox 1830 1866 1870 1930; x_wconf 91' lang='lat' dir='ltr'><strong>R.</strong></span> <span class='ocrx_word' id='word_1_549' title='bbox 1894 1864 2031 1929; x_wconf 92' lang='lat' dir='ltr'><strong>Domini</strong></span> <span class='ocrx_word' id='word_1_550' title='bbox 2058 1865 2204 1948; x_wconf 91' lang='lat' dir='ltr'><strong>Inquisi-</strong></span> 
     </span>
     <span class='ocr_line' id='line_1_68' title="bbox 1219 1949 2204 2034; baseline 0 -20"><span class='ocrx_word' id='word_1_551' title='bbox 1219 1951 1310 2026; x_wconf 87' lang='lat' dir='ltr'><strong>toris‚</strong></span> <span class='ocrx_word' id='word_1_552' title='bbox 1333 1951 1496 2016; x_wconf 80' lang='lat' dir='ltr'><strong>Thomam</strong></span> <span class='ocrx_word' id='word_1_553' title='bbox 1514 1951 1649 2016; x_wconf 91' lang='lat' dir='ltr'><strong>Hochar</strong></span> <span class='ocrx_word' id='word_1_554' title='bbox 1693 1952 1844 2015; x_wconf 90' lang='lat' dir='ltr'><strong>Priorem</strong></span> <span class='ocrx_word' id='word_1_555' title='bbox 1860 1950 1885 2034; x_wconf 85' lang='lat'><strong>¹)</strong></span> <span class='ocrx_word' id='word_1_556' title='bbox 1908 1950 2102 2015; x_wconf 88' lang='lat' dir='ltr'><strong>Conventus</strong></span> <span class='ocrx_word' id='word_1_557' title='bbox 2120 1949 2204 2016; x_wconf 90' lang='lat' dir='ltr'><strong>Car-</strong></span> 
     </span>
     <span class='ocr_line' id='line_1_69' title="bbox 1218 2034 2203 2119; baseline 0.001 -19"><span class='ocrx_word' id='word_1_558' title='bbox 1218 2035 1406 2100; x_wconf 90' lang='lat' dir='ltr'><strong>melitarum</strong></span> <span class='ocrx_word' id='word_1_559' title='bbox 1438 2035 1605 2114; x_wconf 88' lang='lat' dir='ltr'><strong>Viennae,</strong></span> <span class='ocrx_word' id='word_1_560' title='bbox 1644 2034 1767 2102; x_wconf 81' lang='lat' dir='ltr'><strong>Sacrae</strong></span> <span class='ocrx_word' id='word_1_561' title='bbox 1798 2035 1997 2119; x_wconf 78' lang='lat' dir='ltr'><strong>Theologiae</strong></span> <span class='ocrx_word' id='word_1_562' title='bbox 2032 2037 2203 2115; x_wconf 89' lang='lat' dir='ltr'><strong>Doctores,</strong></span> 
     </span>
     <span class='ocr_line' id='line_1_70' title="bbox 1218 2121 2204 2198; baseline 0 -12"><span class='ocrx_word' id='word_1_563' title='bbox 1218 2121 1404 2186; x_wconf 91' lang='lat' dir='ltr'><strong>Iohannem</strong></span> <span class='ocrx_word' id='word_1_564' title='bbox 1422 2121 1609 2198; x_wconf 81' lang='lat' dir='ltr'><strong>Ferretum,</strong></span> <span class='ocrx_word' id='word_1_565' title='bbox 1638 2121 1798 2185; x_wconf 79' lang='lat' dir='ltr'><strong>Fratrum</strong></span> <span class='ocrx_word' id='word_1_566' title='bbox 1819 2122 1988 2186; x_wconf 88' lang='lat' dir='ltr'><strong>Minorum</strong></span> <span class='ocrx_word' id='word_1_567' title='bbox 2010 2121 2204 2186; x_wconf 88' lang='lat' dir='ltr'><strong>Conventus</strong></span> 
     </span>
     <span class='ocr_line' id='line_1_71' title="bbox 1219 2205 2202 2289; baseline 0 -19"><span class='ocrx_word' id='word_1_568' title='bbox 1219 2205 1362 2271; x_wconf 81' lang='lat' dir='ltr'><strong>Sanctae</strong></span> <span class='ocrx_word' id='word_1_569' title='bbox 1385 2206 1564 2272; x_wconf 90' lang='lat' dir='ltr'><strong>Columbae</strong></span> <span class='ocrx_word' id='word_1_570' title='bbox 1587 2205 1826 2283; x_wconf 82' lang='lat' dir='ltr'><strong>Guardianum,</strong></span> <span class='ocrx_word' id='word_1_571' title='bbox 1854 2227 1914 2289; x_wconf 91' lang='lat' dir='ltr'><strong>per</strong></span> <span class='ocrx_word' id='word_1_572' title='bbox 1935 2227 2034 2287; x_wconf 86' lang='lat' dir='ltr'><strong>quam</strong></span> <span class='ocrx_word' id='word_1_573' title='bbox 2056 2207 2090 2270; x_wconf 93' lang='lat' dir='ltr'><strong>in</strong></span> <span class='ocrx_word' id='word_1_574' title='bbox 2113 2207 2202 2271; x_wconf 85' lang='lat' dir='ltr'><strong>Con·</strong></span> 
     </span>
     <span class='ocr_line' id='line_1_72' title="bbox 1219 2290 2203 2375; baseline 0 -19"><span class='ocrx_word' id='word_1_575' title='bbox 1219 2292 1292 2356; x_wconf 91' lang='lat' dir='ltr'><strong>silio</strong></span> <span class='ocrx_word' id='word_1_576' title='bbox 1331 2292 1470 2375; x_wconf 82' lang='lat' dir='ltr'><strong>praelati</strong></span> <span class='ocrx_word' id='word_1_577' title='bbox 1507 2290 1790 2357; x_wconf 87' lang='lat' dir='ltr'><strong>Reverendissimi</strong></span> <span class='ocrx_word' id='word_1_578' title='bbox 1829 2291 1967 2355; x_wconf 90' lang='lat' dir='ltr'><strong>Domini</strong></span> <span class='ocrx_word' id='word_1_579' title='bbox 2000 2292 2203 2357; x_wconf 91' lang='lat' dir='ltr'><strong>Viennensis</strong></span> 
     </span>
     <span class='ocr_line' id='line_1_73' title="bbox 1217 2377 2203 2461; baseline -0.001 -19"><span class='ocrx_word' id='word_1_580' title='bbox 1217 2378 1463 2461; x_wconf 90' lang='lat' dir='ltr'><strong>Archiepiseopi</strong></span> <span class='ocrx_word' id='word_1_581' title='bbox 1492 2378 1598 2442; x_wconf 88' lang='lat' dir='ltr'><strong>vocati</strong></span> <span class='ocrx_word' id='word_1_582' title='bbox 1626 2383 1828 2443; x_wconf 89' lang='lat' dir='ltr'><strong>censuerunt</strong></span> <span class='ocrx_word' id='word_1_583' title='bbox 1851 2377 1962 2459; x_wconf 88' lang='lat' dir='ltr'><strong>plures</strong></span> <span class='ocrx_word' id='word_1_584' title='bbox 1979 2377 2203 2460; x_wconf 89' lang='lat' dir='ltr'><strong>blasphemias</strong></span> 
     </span>
     <span class='ocr_line' id='line_1_74' title="bbox 1219 2460 2205 2547; baseline -0.002 -19"><span class='ocrx_word' id='word_1_585' title='bbox 1219 2471 1252 2528; x_wconf 92' lang='lat' dir='ltr'><strong>et</strong></span> <span class='ocrx_word' id='word_1_586' title='bbox 1274 2462 1406 2528; x_wconf 89' lang='lat' dir='ltr'><strong>hereses</strong></span> <span class='ocrx_word' id='word_1_587' title='bbox 1428 2464 1623 2547; x_wconf 85' lang='lat' dir='ltr'><strong>pracsertim</strong></span> <span class='ocrx_word' id='word_1_588' title='bbox 1651 2464 1687 2527; x_wconf 92' lang='lat' dir='ltr'><strong>in</strong></span> <span class='ocrx_word' id='word_1_589' title='bbox 1708 2462 1853 2546; x_wconf 91' lang='lat' dir='ltr'><strong>quinque</strong></span> <span class='ocrx_word' id='word_1_590' title='bbox 1875 2462 1989 2527; x_wconf 92' lang='lat' dir='ltr'><strong>Libris</strong></span> <span class='ocrx_word' id='word_1_591' title='bbox 2016 2471 2049 2527; x_wconf 90' lang='lat' dir='ltr'><strong>et</strong></span> <span class='ocrx_word' id='word_1_592' title='bbox 2076 2460 2205 2528; x_wconf 90' lang='lat' dir='ltr'><strong>duobus</strong></span> 
     </span>
     <span class='ocr_line' id='line_1_75' title="bbox 1218 2548 2280 2633; baseline -0.001 -20"><span class='ocrx_word' id='word_1_593' title='bbox 1218 2548 1369 2632; x_wconf 88' lang='lat' dir='ltr'><strong>Dialogis</strong></span> <span class='ocrx_word' id='word_1_594' title='bbox 1391 2549 1431 2614; x_wconf 89' lang='lat' dir='ltr'><strong>de</strong></span> <span class='ocrx_word' id='word_1_595' title='bbox 1453 2549 1616 2613; x_wconf 72' lang='lat' dir='ltr'><strong>Trinitate</strong></span> <span class='ocrx_word' id='word_1_596' title='bbox 1641 2548 1734 2612; x_wconf 92' lang='lat' dir='ltr'><strong>etin</strong></span> <span class='ocrx_word' id='word_1_597' title='bbox 1762 2548 1907 2613; x_wconf 91' lang='lat' dir='ltr'><strong>secunda</strong></span> <span class='ocrx_word' id='word_1_598' title='bbox 1935 2555 1969 2612; x_wconf 92' lang='lat' dir='ltr'><strong>et</strong></span> <span class='ocrx_word' id='word_1_599' title='bbox 1994 2548 2094 2613; x_wconf 87' lang='lat' dir='ltr'><strong>tertia</strong></span> <span class='ocrx_word' id='word_1_600' title='bbox 2119 2549 2203 2633; x_wconf 84' lang='lat' dir='ltr'><strong>Epi·</strong></span> <span class='ocrx_word' id='word_1_601' title='bbox 2267 2582 2280 2603; x_wconf 62' lang='grc' dir='ltr'><strong>ι</strong></span> 
     </span>
    </p>
   </div>
   <div class='ocr_carea' id='block_1_14' title="bbox 1200 2633 2206 2717">
    <p class='ocr_par' dir='ltr' id='par_1_15' title="bbox 1200 2633 2206 2717">
     <span class='ocr_line' id='line_1_76' title="bbox 1200 2633 2206 2717; baseline 0.003 -22"><span class='ocrx_word' id='word_1_602' title='bbox 1200 2634 1312 2699; x_wconf 83' lang='lat' dir='ltr'><strong>stolis</strong></span> <span class='ocrx_word' id='word_1_603' title='bbox 1335 2634 1509 2717; x_wconf 87' lang='lat' dir='ltr'><strong>praedictis</strong></span> <span class='ocrx_word' id='word_1_604' title='bbox 1531 2643 1565 2699; x_wconf 90' lang='lat' dir='ltr'><strong>st</strong></span> <span class='ocrx_word' id='word_1_605' title='bbox 1584 2634 1746 2716; x_wconf 82' lang='lat' dir='ltr'><strong>Apologia</strong></span> <span class='ocrx_word' id='word_1_606' title='bbox 1767 2633 1809 2698; x_wconf 91' lang='lat' dir='ltr'><strong>ad</strong></span> <span class='ocrx_word' id='word_1_607' title='bbox 1827 2633 2070 2698; x_wconf 88' lang='lat' dir='ltr'><strong>Melanotonem</strong></span> <span class='ocrx_word' id='word_1_608' title='bbox 2087 2640 2206 2699; x_wconf 90' lang='lat' dir='ltr'><strong>contra</strong></span> 
     </span>
    </p>
   </div>
   <div class='ocr_carea' id='block_1_15' title="bbox 1216 2718 2205 4174">
    <p class='ocr_par' dir='ltr' id='par_1_16' title="bbox 1216 2718 2205 3811">
     <span class='ocr_line' id='line_1_77' title="bbox 1219 2718 2203 2792; baseline -0.001 -8"><span class='ocrx_word' id='word_1_609' title='bbox 1219 2719 1365 2784; x_wconf 89' lang='lat' dir='ltr'><strong>divinam</strong></span> <span class='ocrx_word' id='word_1_610' title='bbox 1400 2728 1435 2784; x_wconf 91' lang='lat' dir='ltr'><strong>ct</strong></span> <span class='ocrx_word' id='word_1_611' title='bbox 1467 2718 1624 2792; x_wconf 85' lang='lat' dir='ltr'><strong>Sanctam</strong></span> <span class='ocrx_word' id='word_1_612' title='bbox 1655 2719 1853 2784; x_wconf 73' lang='lat' dir='ltr'><strong>Trinitatem</strong></span> <span class='ocrx_word' id='word_1_613' title='bbox 1883 2726 1916 2783; x_wconf 92' lang='lat' dir='ltr'><strong>et</strong></span> <span class='ocrx_word' id='word_1_614' title='bbox 1949 2719 1983 2782; x_wconf 89' lang='lat' dir='ltr'><strong>iu</strong></span> <span class='ocrx_word' id='word_1_615' title='bbox 2019 2718 2130 2783; x_wconf 88' lang='lat' dir='ltr'><strong>Libris</strong></span> <span class='ocrx_word' id='word_1_616' title='bbox 2162 2719 2203 2783; x_wconf 93' lang='lat' dir='ltr'><strong>de</strong></span> 
     </span>
     <span class='ocr_line' id='line_1_78' title="bbox 1219 2804 2204 2887; baseline 0 -18"><span class='ocrx_word' id='word_1_617' title='bbox 1219 2804 1380 2870; x_wconf 88' lang='lat' dir='ltr'><strong>Misteriis</strong></span> <span class='ocrx_word' id='word_1_618' title='bbox 1413 2805 1478 2870; x_wconf 90' lang='lat' dir='ltr'><strong>tria</strong></span> <span class='ocrx_word' id='word_1_619' title='bbox 1510 2804 1685 2870; x_wconf 83' lang='lat' dir='ltr'><strong>dumtaxat</strong></span> <span class='ocrx_word' id='word_1_620' title='bbox 1716 2825 1788 2870; x_wconf 91' lang='lat' dir='ltr'><strong>esse</strong></span> <span class='ocrx_word' id='word_1_621' title='bbox 1815 2804 2028 2887; x_wconf 90' lang='lat' dir='ltr'><strong>Apostolatus</strong></span> <span class='ocrx_word' id='word_1_622' title='bbox 2060 2805 2204 2877; x_wconf 85' lang='lat' dir='ltr'><strong>efficacia</strong></span> 
     </span>
     <span class='ocr_line' id='line_1_79' title="bbox 1219 2889 2203 2973; baseline 0.001 -19"><span class='ocrx_word' id='word_1_623' title='bbox 1219 2891 1375 2969; x_wconf 86' lang='lat' dir='ltr'><strong>misteria,</strong></span> <span class='ocrx_word' id='word_1_624' title='bbox 1404 2900 1437 2955; x_wconf 89' lang='lat' dir='ltr'><strong>et</strong></span> <span class='ocrx_word' id='word_1_625' title='bbox 1457 2891 1492 2955; x_wconf 94' lang='lat' dir='ltr'><strong>in</strong></span> <span class='ocrx_word' id='word_1_626' title='bbox 1520 2890 1623 2956; x_wconf 91' lang='lat' dir='ltr'><strong>Libro</strong></span> <span class='ocrx_word' id='word_1_627' title='bbox 1647 2891 1754 2973; x_wconf 90' lang='lat' dir='ltr'><strong>primo</strong></span> <span class='ocrx_word' id='word_1_628' title='bbox 1781 2890 1991 2972; x_wconf 88' lang='lat' dir='ltr'><strong>Baptismum</strong></span> <span class='ocrx_word' id='word_1_629' title='bbox 2020 2889 2203 2955; x_wconf 86' lang='lat' dir='ltr'><strong>infantibus</strong></span> 
     </span>
     <span class='ocr_line' id='line_1_80' title="bbox 1219 2974 2203 3060; baseline 0 -20"><span class='ocrx_word' id='word_1_630' title='bbox 1219 2985 1252 3040; x_wconf 92' lang='lat' dir='ltr'><strong>et</strong></span> <span class='ocrx_word' id='word_1_631' title='bbox 1274 2977 1385 3059; x_wconf 91' lang='lat' dir='ltr'><strong>pueris</strong></span> <span class='ocrx_word' id='word_1_632' title='bbox 1407 2997 1474 3041; x_wconf 93' lang='lat' dir='ltr'><strong>non</strong></span> <span class='ocrx_word' id='word_1_633' title='bbox 1492 2975 1647 3060; x_wconf 88' lang='lat' dir='ltr'><strong>prodesse</strong></span> <span class='ocrx_word' id='word_1_634' title='bbox 1672 2974 1814 3041; x_wconf 90' lang='lat' dir='ltr'><strong>eundem</strong></span> <span class='ocrx_word' id='word_1_635' title='bbox 1838 2975 2095 3039; x_wconf 85' lang='lat' dir='ltr'><strong>Villanovanum</strong></span> <span class='ocrx_word' id='word_1_636' title='bbox 2114 2995 2203 3040; x_wconf 88' lang='lat' dir='ltr'><strong>asse-</strong></span> 
     </span>
     <span class='ocr_line' id='line_1_81' title="bbox 1220 3061 2205 3127; baseline 0.002 -2"><span class='ocrx_word' id='word_1_637' title='bbox 1220 3062 1326 3127; x_wconf 89' lang='lat' dir='ltr'><strong>ruisse</strong></span> <span class='ocrx_word' id='word_1_638' title='bbox 1349 3083 1387 3126; x_wconf 91' lang='lat' dir='ltr'><strong>ac</strong></span> <span class='ocrx_word' id='word_1_639' title='bbox 1409 3063 1637 3127; x_wconf 86' lang='lat' dir='ltr'><strong>auctoritatem</strong></span> <span class='ocrx_word' id='word_1_640' title='bbox 1648 3063 1768 3126; x_wconf 92' lang='lat' dir='ltr'><strong>summi</strong></span> <span class='ocrx_word' id='word_1_641' title='bbox 1787 3061 1958 3125; x_wconf 92' lang='lat' dir='ltr'><strong>Pontificis</strong></span> <span class='ocrx_word' id='word_1_642' title='bbox 1969 3069 2003 3124; x_wconf 93' lang='lat' dir='ltr'><strong>ct</strong></span> <span class='ocrx_word' id='word_1_643' title='bbox 2020 3061 2121 3124; x_wconf 88' lang='lat' dir='ltr'><strong>totius</strong></span> <span class='ocrx_word' id='word_1_644' title='bbox 2138 3061 2205 3127; x_wconf 83' lang='lat' dir='ltr'><strong>Ec·</strong></span> 
     </span>
     <span class='ocr_line' id='line_1_82' title="bbox 1218 3145 2203 3226; baseline -0.003 -13"><span class='ocrx_word' id='word_1_645' title='bbox 1218 3148 1336 3213; x_wconf 86' lang='lat' dir='ltr'><strong>clasiae</strong></span> <span class='ocrx_word' id='word_1_646' title='bbox 1364 3147 1554 3226; x_wconf 88' lang='lat' dir='ltr'><strong>damnasse,</strong></span> <span class='ocrx_word' id='word_1_647' title='bbox 1586 3156 1621 3212; x_wconf 90' lang='lat' dir='ltr'><strong>et</strong></span> <span class='ocrx_word' id='word_1_648' title='bbox 1647 3148 1684 3212; x_wconf 93' lang='lat' dir='ltr'><strong>in</strong></span> <span class='ocrx_word' id='word_1_649' title='bbox 1712 3147 1815 3211; x_wconf 90' lang='lat' dir='ltr'><strong>Libro</strong></span> <span class='ocrx_word' id='word_1_650' title='bbox 1846 3147 1943 3210; x_wconf 91' lang='lat' dir='ltr'><strong>tertio</strong></span> <span class='ocrx_word' id='word_1_651' title='bbox 1973 3145 2013 3210; x_wconf 92' lang='lat' dir='ltr'><strong>de</strong></span> <span class='ocrx_word' id='word_1_652' title='bbox 2041 3146 2203 3211; x_wconf 87' lang='lat' dir='ltr'><strong>Misteriis</strong></span> 
     </span>
     <span class='ocr_line' id='line_1_83' title="bbox 1218 3231 2203 3314; baseline -0.002 -18"><span class='ocrx_word' id='word_1_653' title='bbox 1218 3233 1324 3297; x_wconf 86' lang='lat' dir='ltr'><strong>multa</strong></span> <span class='ocrx_word' id='word_1_654' title='bbox 1346 3231 1488 3298; x_wconf 79' lang='lat' dir='ltr'><strong>nefanda</strong></span> <span class='ocrx_word' id='word_1_655' title='bbox 1515 3233 1555 3298; x_wconf 90' lang='lat' dir='ltr'><strong>de</strong></span> <span class='ocrx_word' id='word_1_656' title='bbox 1578 3233 1682 3297; x_wconf 87' lang='lat' dir='ltr'><strong>Missa</strong></span> <span class='ocrx_word' id='word_1_657' title='bbox 1710 3241 1744 3298; x_wconf 88' lang='lat' dir='ltr'><strong>et</strong></span> <span class='ocrx_word' id='word_1_658' title='bbox 1772 3232 1899 3297; x_wconf 87' lang='lat' dir='ltr'><strong>Altaria</strong></span> <span class='ocrx_word' id='word_1_659' title='bbox 1921 3231 2072 3295; x_wconf 87' lang='lat' dir='ltr'><strong>Misterio</strong></span> <span class='ocrx_word' id='word_1_660' title='bbox 2099 3233 2203 3314; x_wconf 83' lang='lat' dir='ltr'><strong>scrip·</strong></span> 
     </span>
     <span class='ocr_line' id='line_1_84' title="bbox 1218 3317 2204 3402; baseline -0.003 -19"><span class='ocrx_word' id='word_1_661' title='bbox 1218 3319 1299 3384; x_wconf 90' lang='lat' dir='ltr'><strong>sisse</strong></span> <span class='ocrx_word' id='word_1_662' title='bbox 1322 3329 1420 3402; x_wconf 88' lang='lat' dir='ltr'><strong>atque</strong></span> <span class='ocrx_word' id='word_1_663' title='bbox 1449 3339 1565 3383; x_wconf 89' lang='lat' dir='ltr'><strong>omues</strong></span> <span class='ocrx_word' id='word_1_664' title='bbox 1585 3318 1834 3384; x_wconf 80' lang='lat' dir='ltr'><strong>Ecclesiastieos</strong></span> <span class='ocrx_word' id='word_1_665' title='bbox 1862 3319 1946 3382; x_wconf 91' lang='lat' dir='ltr'><strong>ritus</strong></span> <span class='ocrx_word' id='word_1_666' title='bbox 1968 3317 2204 3399; x_wconf 86' lang='lat' dir='ltr'><strong>contempsisse</strong></span> 
     </span>
     <span class='ocr_line' id='line_1_85' title="bbox 1218 3403 2204 3487; baseline -0.003 -19"><span class='ocrx_word' id='word_1_667' title='bbox 1218 3413 1252 3468; x_wconf 87' lang='lat' dir='ltr'><strong>et</strong></span> <span class='ocrx_word' id='word_1_668' title='bbox 1273 3404 1414 3487; x_wconf 89' lang='lat' dir='ltr'><strong>denique</strong></span> <span class='ocrx_word' id='word_1_669' title='bbox 1436 3404 1589 3470; x_wconf 92' lang='lat' dir='ltr'><strong>omnibus</strong></span> <span class='ocrx_word' id='word_1_670' title='bbox 1610 3405 1679 3469; x_wconf 91' lang='lat' dir='ltr'><strong>suis</strong></span> <span class='ocrx_word' id='word_1_671' title='bbox 1701 3403 1794 3468; x_wconf 93' lang='lat' dir='ltr'><strong>libris</strong></span> <span class='ocrx_word' id='word_1_672' title='bbox 1817 3410 1918 3485; x_wconf 88' lang='lat' dir='ltr'><strong>supra</strong></span> <span class='ocrx_word' id='word_1_673' title='bbox 1940 3403 2072 3483; x_wconf 89' lang='lat' dir='ltr'><strong>scriptis</strong></span> <span class='ocrx_word' id='word_1_674' title='bbox 2089 3423 2204 3484; x_wconf 87' lang='lat' dir='ltr'><strong>quam·</strong></span> 
     </span>
     <span class='ocr_line' id='line_1_86' title="bbox 1217 3486 2204 3572; baseline -0.001 -19"><span class='ocrx_word' id='word_1_675' title='bbox 1217 3489 1360 3572; x_wconf 87' lang='lat' dir='ltr'><strong>plurima</strong></span> <span class='ocrx_word' id='word_1_676' title='bbox 1382 3497 1517 3555; x_wconf 89' lang='lat' dir='ltr'><strong>narrata</strong></span> <span class='ocrx_word' id='word_1_677' title='bbox 1538 3497 1572 3554; x_wconf 90' lang='grc' dir='ltr'><strong>ιι</strong></span> <span class='ocrx_word' id='word_1_678' title='bbox 1593 3499 1717 3555; x_wconf 87' lang='lat' dir='ltr'><strong>asserta</strong></span> <span class='ocrx_word' id='word_1_679' title='bbox 1740 3508 1886 3562; x_wconf 89' lang='lat' dir='ltr'><strong>erronea,</strong></span> <span class='ocrx_word' id='word_1_680' title='bbox 1914 3486 2067 3565; x_wconf 82' lang='lat' dir='ltr'><strong>nefanda,</strong></span> <span class='ocrx_word' id='word_1_681' title='bbox 2091 3487 2204 3571; x_wconf 87' lang='lat' dir='ltr'><strong>impia,</strong></span> 
     </span>
     <span class='ocr_line' id='line_1_87' title="bbox 1218 3573 2204 3659; baseline -0.004 -19"><span class='ocrx_word' id='word_1_682' title='bbox 1218 3575 1385 3659; x_wconf 84' lang='lat' dir='ltr'><strong>sacrilega,</strong></span> <span class='ocrx_word' id='word_1_683' title='bbox 1410 3582 1444 3640; x_wconf 92' lang='lat' dir='ltr'><strong>et</strong></span> <span class='ocrx_word' id='word_1_684' title='bbox 1465 3575 1640 3657; x_wconf 92' lang='lat' dir='ltr'><strong>plusquam</strong></span> <span class='ocrx_word' id='word_1_685' title='bbox 1663 3574 1807 3638; x_wconf 87' lang='lat' dir='ltr'><strong>heretica</strong></span> <span class='ocrx_word' id='word_1_686' title='bbox 1825 3573 1949 3656; x_wconf 87' lang='lat' dir='ltr'><strong>scripta</strong></span> <span class='ocrx_word' id='word_1_687' title='bbox 1965 3593 2047 3651; x_wconf 88' lang='lat' dir='ltr'><strong>esse,</strong></span> <span class='ocrx_word' id='word_1_688' title='bbox 2065 3594 2113 3652; x_wconf 59' lang='lat' dir='ltr'><strong>‚ex</strong></span> <span class='ocrx_word' id='word_1_689' title='bbox 2131 3575 2204 3655; x_wconf 92' lang='lat' dir='ltr'><strong>qui-</strong></span> 
     </span>
     <span class='ocr_line' id='line_1_88' title="bbox 1216 3659 2204 3726; baseline -0.001 -2"><span class='ocrx_word' id='word_1_690' title='bbox 1216 3659 1278 3725; x_wconf 91' lang='lat' dir='ltr'><strong>bus</strong></span> <span class='ocrx_word' id='word_1_691' title='bbox 1300 3670 1430 3726; x_wconf 87' lang='lat' dir='ltr'><strong>constat</strong></span> <span class='ocrx_word' id='word_1_692' title='bbox 1457 3659 1582 3725; x_wconf 89' lang='lat' dir='ltr'><strong>dictum</strong></span> <span class='ocrx_word' id='word_1_693' title='bbox 1609 3659 1868 3726; x_wconf 90' lang='lat' dir='ltr'><strong>Villanovanum</strong></span> <span class='ocrx_word' id='word_1_694' title='bbox 1893 3659 2076 3722; x_wconf 80' lang='lat' dir='ltr'><strong>maximum</strong></span> <span class='ocrx_word' id='word_1_695' title='bbox 2102 3659 2204 3724; x_wconf 88' lang='lat' dir='ltr'><strong>fuisse</strong></span> 
     </span>
     <span class='ocr_line' id='line_1_89' title="bbox 1217 3745 1408 3811; baseline 0.005 -1"><span class='ocrx_word' id='word_1_696' title='bbox 1217 3745 1408 3811; x_wconf 90' lang='lat' dir='ltr'><strong>hereticum.</strong></span> 
     </span>
    </p>

    <p class='ocr_par' dir='ltr' id='par_1_17' title="bbox 1216 3828 2205 4174">
     <span class='ocr_line' id='line_1_90' title="bbox 1302 3828 2204 3913; baseline -0.003 -17"><span class='ocrx_word' id='word_1_697' title='bbox 1302 3832 1395 3897; x_wconf 89' lang='lat' dir='ltr'><strong>Visis</strong></span> <span class='ocrx_word' id='word_1_698' title='bbox 1417 3831 1556 3913; x_wconf 91' lang='lat' dir='ltr'><strong>deniquo</strong></span> <span class='ocrx_word' id='word_1_699' title='bbox 1574 3830 1715 3913; x_wconf 83' lang='lat' dir='ltr'><strong>praefati</strong></span> <span class='ocrx_word' id='word_1_700' title='bbox 1725 3830 1951 3894; x_wconf 85' lang='lat' dir='ltr'><strong>Procuratoris</strong></span> <span class='ocrx_word' id='word_1_701' title='bbox 1963 3828 2103 3895; x_wconf 81' lang='lat' dir='ltr'><strong>Fiscalis</strong></span> <span class='ocrx_word' id='word_1_702' title='bbox 2125 3849 2204 3894; x_wconf 93' lang='lat' dir='ltr'><strong>con-</strong></span> 
     </span>
     <span class='ocr_line' id='line_1_91' title="bbox 1217 3915 2202 3984; baseline -0.005 0"><span class='ocrx_word' id='word_1_703' title='bbox 1217 3917 1417 3984; x_wconf 90' lang='lat' dir='ltr'><strong>clusionibus</strong></span> <span class='ocrx_word' id='word_1_704' title='bbox 1439 3917 1624 3982; x_wconf 83' lang='lat' dir='ltr'><strong>diffinitivis</strong></span> <span class='ocrx_word' id='word_1_705' title='bbox 1647 3924 1680 3980; x_wconf 92' lang='grc' dir='ltr'><strong>ιι</strong></span> <span class='ocrx_word' id='word_1_706' title='bbox 1701 3915 1774 3980; x_wconf 88' lang='lat' dir='ltr'><strong>aliis</strong></span> <span class='ocrx_word' id='word_1_707' title='bbox 1795 3916 1896 3979; x_wconf 90' lang='lat' dir='ltr'><strong>totius</strong></span> <span class='ocrx_word' id='word_1_708' title='bbox 1919 3934 2036 3980; x_wconf 86' lang='lat' dir='ltr'><strong>causae</strong></span> <span class='ocrx_word' id='word_1_709' title='bbox 2058 3915 2202 3980; x_wconf 89' lang='lat' dir='ltr'><strong>meritis:</strong></span> 
     </span>
     <span class='ocr_line' id='line_1_92' title="bbox 1216 4000 2205 4087; baseline -0.005 -19"><span class='ocrx_word' id='word_1_710' title='bbox 1216 4004 1325 4087; x_wconf 89' lang='lat' dir='ltr'><strong>Igitur</strong></span> <span class='ocrx_word' id='word_1_711' title='bbox 1353 4003 1393 4067; x_wconf 91' lang='lat' dir='ltr'><strong>de</strong></span> <span class='ocrx_word' id='word_1_712' title='bbox 1421 4003 1556 4069; x_wconf 93' lang='lat' dir='ltr'><strong>consilio</strong></span> <span class='ocrx_word' id='word_1_713' title='bbox 1583 4003 1703 4067; x_wconf 82' lang='lat' dir='ltr'><strong>Revcr.</strong></span> <span class='ocrx_word' id='word_1_714' title='bbox 1727 4001 1865 4066; x_wconf 92' lang='lat' dir='ltr'><strong>Domini</strong></span> <span class='ocrx_word' id='word_1_715' title='bbox 1890 4000 2139 4084; x_wconf 89' lang='lat' dir='ltr'><strong>Archiepiseopi</strong></span> <span class='ocrx_word' id='word_1_716' title='bbox 2169 4010 2205 4066; x_wconf 92' lang='lat' dir='ltr'><strong>et</strong></span> 
     </span>
     <span class='ocr_line' id='line_1_93' title="bbox 1216 4084 2203 4174; baseline -0.005 -20"><span class='ocrx_word' id='word_1_717' title='bbox 1216 4090 1439 4174; x_wconf 82' lang='lat' dir='ltr'><strong>Egregiorum</strong></span> <span class='ocrx_word' id='word_1_718' title='bbox 1479 4089 1639 4153; x_wconf 87' lang='lat' dir='ltr'><strong>Virorum</strong></span> <span class='ocrx_word' id='word_1_719' title='bbox 1675 4089 1890 4151; x_wconf 90' lang='lat' dir='ltr'><strong>Accessorum</strong></span> <span class='ocrx_word' id='word_1_720' title='bbox 1932 4084 2203 4170; x_wconf 91' lang='lat' dir='ltr'><strong>subscriptorum,</strong></span> 
     </span>
    </p>
   </div>
   <div class='ocr_carea' id='block_1_16' title="bbox 1216 4171 2332 4255">
    <p class='ocr_par' dir='ltr' id='par_1_18' title="bbox 1216 4171 2332 4255">
     <span class='ocr_line' id='line_1_94' title="bbox 1216 4171 2332 4255; baseline -0.002 -16"><span class='ocrx_word' id='word_1_721' title='bbox 1216 4182 1351 4240; x_wconf 90' lang='lat' dir='ltr'><strong>matura</strong></span> <span class='ocrx_word' id='word_1_722' title='bbox 1372 4175 1485 4240; x_wconf 89' lang='lat' dir='ltr'><strong>habita</strong></span> <span class='ocrx_word' id='word_1_723' title='bbox 1507 4173 1741 4238; x_wconf 89' lang='lat' dir='ltr'><strong>deliberatione</strong></span> <span class='ocrx_word' id='word_1_724' title='bbox 1757 4181 1792 4238; x_wconf 92' lang='grc' dir='ltr'><strong>ιι</strong></span> <span class='ocrx_word' id='word_1_725' title='bbox 1808 4171 1937 4237; x_wconf 92' lang='lat' dir='ltr'><strong>cunctis</strong></span> <span class='ocrx_word' id='word_1_726' title='bbox 1955 4172 2106 4237; x_wconf 90' lang='lat' dir='ltr'><strong>accurate</strong></span> <span class='ocrx_word' id='word_1_727' title='bbox 2128 4192 2222 4255; x_wconf 15' lang='lat' dir='ltr'><strong>per-p</strong></span> <span class='ocrx_word' id='word_1_728' title='bbox 2327 4207 2332 4220; x_wconf 90' lang='lat'><em>·</em></span> 
     </span>
    </p>
   </div>
   <div class='ocr_carea' id='block_1_17' title="bbox 1215 4256 2288 5112">
    <p class='ocr_par' dir='ltr' id='par_1_19' title="bbox 1215 4256 2288 5112">
     <span class='ocr_line' id='line_1_95' title="bbox 1216 4256 2200 4344; baseline -0.003 -19"><span class='ocrx_word' id='word_1_729' title='bbox 1216 4262 1331 4344; x_wconf 92' lang='lat' dir='ltr'><strong>pensis</strong></span> <span class='ocrx_word' id='word_1_730' title='bbox 1353 4281 1395 4325; x_wconf 84' lang='lat' dir='ltr'><strong>ex</strong></span> <span class='ocrx_word' id='word_1_731' title='bbox 1417 4259 1606 4344; x_wconf 90' lang='lat' dir='ltr'><strong>praemissis</strong></span> <span class='ocrx_word' id='word_1_732' title='bbox 1614 4261 1644 4343; x_wconf 75' lang='lat'><strong>²)</strong></span> <span class='ocrx_word' id='word_1_733' title='bbox 1671 4264 1705 4322; x_wconf 90' lang='lat' dir='ltr'><strong>et</strong></span> <span class='ocrx_word' id='word_1_734' title='bbox 1727 4256 1799 4322; x_wconf 89' lang='lat' dir='ltr'><strong>aliis</strong></span> <span class='ocrx_word' id='word_1_735' title='bbox 1821 4279 1864 4321; x_wconf 85' lang='lat' dir='ltr'><strong>ex</strong></span> <span class='ocrx_word' id='word_1_736' title='bbox 1887 4258 1969 4322; x_wconf 86' lang='lat' dir='ltr'><strong>actis</strong></span> <span class='ocrx_word' id='word_1_737' title='bbox 1991 4264 2025 4321; x_wconf 89' lang='lat' dir='ltr'><strong>et</strong></span> <span class='ocrx_word' id='word_1_738' title='bbox 2046 4277 2200 4339; x_wconf 90' lang='lat' dir='ltr'><strong>processu</strong></span> 
     </span>
     <span class='ocr_line' id='line_1_96' title="bbox 1216 4342 2206 4423; baseline -0.003 -15"><span class='ocrx_word' id='word_1_739' title='bbox 1216 4344 1461 4423; x_wconf 89' lang='lat' dir='ltr'><strong>resultantibus,</strong></span> <span class='ocrx_word' id='word_1_740' title='bbox 1490 4343 1614 4409; x_wconf 88' lang='lat' dir='ltr'><strong>dictum</strong></span> <span class='ocrx_word' id='word_1_741' title='bbox 1644 4343 1843 4408; x_wconf 87' lang='lat' dir='ltr'><strong>Michaelem</strong></span> <span class='ocrx_word' id='word_1_742' title='bbox 1864 4342 2122 4407; x_wconf 89' lang='lat' dir='ltr'><strong>Villanovanum</strong></span> <span class='ocrx_word' id='word_1_743' title='bbox 2145 4343 2206 4405; x_wconf 91' lang='lat' dir='ltr'><strong>he-</strong></span> 
     </span>
     <span class='ocr_line' id='line_1_97' title="bbox 1215 4427 2202 4514; baseline -0.002 -20"><span class='ocrx_word' id='word_1_744' title='bbox 1215 4431 1356 4497; x_wconf 90' lang='lat' dir='ltr'><strong>reticum</strong></span> <span class='ocrx_word' id='word_1_745' title='bbox 1377 4439 1474 4514; x_wconf 90' lang='lat' dir='ltr'><strong>atque</strong></span> <span class='ocrx_word' id='word_1_746' title='bbox 1496 4430 1583 4495; x_wconf 90' lang='lat' dir='ltr'><strong>bona</strong></span> <span class='ocrx_word' id='word_1_747' title='bbox 1604 4428 1751 4494; x_wconf 91' lang='lat' dir='ltr'><strong>eiusdem</strong></span> <span class='ocrx_word' id='word_1_748' title='bbox 1777 4429 1878 4493; x_wconf 79' lang='lat' dir='ltr'><strong>irrisae</strong></span> <span class='ocrx_word' id='word_1_749' title='bbox 1899 4434 1933 4492; x_wconf 92' lang='lat' dir='ltr'><strong>et</strong></span> <span class='ocrx_word' id='word_1_750' title='bbox 1954 4447 2026 4492; x_wconf 90' lang='lat' dir='ltr'><strong>esse</strong></span> <span class='ocrx_word' id='word_1_751' title='bbox 2048 4427 2202 4492; x_wconf 88' lang='lat' dir='ltr'><strong>Dominis</strong></span> 
     </span>
     <span class='ocr_line' id='line_1_98' title="bbox 1216 4511 2202 4582; baseline -0.007 0"><span class='ocrx_word' id='word_1_752' title='bbox 1216 4515 1400 4582; x_wconf 87' lang='lat' dir='ltr'><strong>Comitibus</strong></span> <span class='ocrx_word' id='word_1_753' title='bbox 1421 4516 1573 4581; x_wconf 88' lang='lat' dir='ltr'><strong>Viennae</strong></span> <span class='ocrx_word' id='word_1_754' title='bbox 1591 4517 1767 4581; x_wconf 85' lang='lat' dir='ltr'><strong>confiscata</strong></span> <span class='ocrx_word' id='word_1_755' title='bbox 1784 4512 2025 4580; x_wconf 86' lang='lat' dir='ltr'><strong>declaravimus</strong></span> <span class='ocrx_word' id='word_1_756' title='bbox 2042 4519 2076 4577; x_wconf 90' lang='lat' dir='ltr'><strong>et</strong></span> <span class='ocrx_word' id='word_1_757' title='bbox 2093 4511 2202 4578; x_wconf 88' lang='lat' dir='ltr'><strong>decla·</strong></span> 
     </span>
     <span class='ocr_line' id='line_1_99' title="bbox 1215 4597 2203 4683; baseline -0.005 -17"><span class='ocrx_word' id='word_1_758' title='bbox 1215 4623 1337 4680; x_wconf 88' lang='lat' dir='ltr'><strong>ramus,</strong></span> <span class='ocrx_word' id='word_1_759' title='bbox 1360 4600 1517 4668; x_wconf 86' lang='lat' dir='ltr'><strong>detractis</strong></span> <span class='ocrx_word' id='word_1_760' title='bbox 1538 4600 1744 4667; x_wconf 91' lang='lat' dir='ltr'><strong>iudicialibus</strong></span> <span class='ocrx_word' id='word_1_761' title='bbox 1766 4598 1921 4683; x_wconf 84' lang='lat' dir='ltr'><strong>expensis</strong></span> <span class='ocrx_word' id='word_1_762' title='bbox 1948 4597 2044 4663; x_wconf 83' lang='lat' dir='ltr'><strong>iactis</strong></span> <span class='ocrx_word' id='word_1_763' title='bbox 2066 4604 2100 4662; x_wconf 89' lang='lat' dir='ltr'><strong>et</strong></span> <span class='ocrx_word' id='word_1_764' title='bbox 2119 4599 2203 4663; x_wconf 87' lang='lat' dir='ltr'><strong>fien-</strong></span> 
     </span>
     <span class='ocr_line' id='line_1_100' title="bbox 1216 4683 2202 4771; baseline -0.003 -20"><span class='ocrx_word' id='word_1_765' title='bbox 1216 4687 1275 4764; x_wconf 91' lang='lat' dir='ltr'><strong>dis,</strong></span> <span class='ocrx_word' id='word_1_766' title='bbox 1297 4689 1333 4752; x_wconf 90' lang='lat' dir='ltr'><strong>in</strong></span> <span class='ocrx_word' id='word_1_767' title='bbox 1373 4688 1470 4754; x_wconf 90' lang='lat' dir='ltr'><strong>uibus</strong></span> <span class='ocrx_word' id='word_1_768' title='bbox 1487 4689 1596 4771; x_wconf 90' lang='lat' dir='ltr'><strong>ipsum</strong></span> <span class='ocrx_word' id='word_1_769' title='bbox 1615 4685 1873 4752; x_wconf 89' lang='lat' dir='ltr'><strong>condemnamus</strong></span> <span class='ocrx_word' id='word_1_770' title='bbox 1889 4690 1969 4749; x_wconf 87' lang='lat' dir='ltr'><strong>taxa</strong></span> <span class='ocrx_word' id='word_1_771' title='bbox 1987 4683 2081 4750; x_wconf 91' lang='lat' dir='ltr'><strong>nobis</strong></span> <span class='ocrx_word' id='word_1_772' title='bbox 2099 4683 2202 4761; x_wconf 86' lang='lat' dir='ltr'><strong>salva,</strong></span> 
     </span>
     <span class='ocr_line' id='line_1_101' title="bbox 1215 4708 2203 4857; baseline -0.003 -19"><span class='ocrx_word' id='word_1_773' title='bbox 1215 4708 1396 4838; x_wconf 69' lang='lat' dir='ltr'><strong>ordinando</strong></span> <span class='ocrx_word' id='word_1_774' title='bbox 1417 4774 1554 4857; x_wconf 90' lang='lat' dir='ltr'><strong>insuper</strong></span> <span class='ocrx_word' id='word_1_775' title='bbox 1574 4792 1688 4838; x_wconf 91' lang='lat' dir='ltr'><strong>omnes</strong></span> <span class='ocrx_word' id='word_1_776' title='bbox 1710 4777 1744 4834; x_wconf 89' lang='lat' dir='ltr'><strong>et</strong></span> <span class='ocrx_word' id='word_1_777' title='bbox 1760 4789 1971 4853; x_wconf 91' lang='lat' dir='ltr'><strong>quoscunque</strong></span> <span class='ocrx_word' id='word_1_778' title='bbox 1987 4768 2088 4834; x_wconf 90' lang='lat' dir='ltr'><strong>libros</strong></span> <span class='ocrx_word' id='word_1_779' title='bbox 2106 4791 2203 4852; x_wconf 90' lang='lat' dir='ltr'><strong>prae·</strong></span> 
     </span>
     <span class='ocr_line' id='line_1_102' title="bbox 1215 4855 2204 4942; baseline -0.001 -20"><span class='ocrx_word' id='word_1_780' title='bbox 1215 4858 1320 4924; x_wconf 90' lang='lat' dir='ltr'><strong>dictos</strong></span> <span class='ocrx_word' id='word_1_781' title='bbox 1349 4878 1408 4942; x_wconf 92' lang='lat' dir='ltr'><strong>per</strong></span> <span class='ocrx_word' id='word_1_782' title='bbox 1432 4859 1573 4924; x_wconf 92' lang='lat' dir='ltr'><strong>eundem</strong></span> <span class='ocrx_word' id='word_1_783' title='bbox 1601 4856 1859 4921; x_wconf 92' lang='lat' dir='ltr'><strong>Villanovanum</strong></span> <span class='ocrx_word' id='word_1_784' title='bbox 1887 4856 2084 4939; x_wconf 88' lang='lat' dir='ltr'><strong>compositos</strong></span> <span class='ocrx_word' id='word_1_785' title='bbox 2111 4855 2204 4921; x_wconf 89' lang='lat' dir='ltr'><strong>ultra</strong></span> 
     </span>
     <span class='ocr_line' id='line_1_103' title="bbox 1215 4941 2288 5025; baseline -0.001 -18"><span class='ocrx_word' id='word_1_786' title='bbox 1215 4966 1282 5009; x_wconf 88' lang='lat' dir='ltr'><strong>ram</strong></span> <span class='ocrx_word' id='word_1_787' title='bbox 1303 4945 1489 5010; x_wconf 90' lang='lat' dir='ltr'><strong>combustos</strong></span> <span class='ocrx_word' id='word_1_788' title='bbox 1512 4945 1580 5009; x_wconf 85' lang='lat' dir='ltr'><strong>lore</strong></span> <span class='ocrx_word' id='word_1_789' title='bbox 1602 4950 1636 5006; x_wconf 91' lang='lat' dir='ltr'><strong>et</strong></span> <span class='ocrx_word' id='word_1_790' title='bbox 1656 4963 1737 5020; x_wconf 90' lang='lat' dir='ltr'><strong>esse,</strong></span> <span class='ocrx_word' id='word_1_791' title='bbox 1759 4941 1949 5025; x_wconf 90' lang='lat' dir='ltr'><strong>ubicunque</strong></span> <span class='ocrx_word' id='word_1_792' title='bbox 1971 4941 2109 5025; x_wconf 88' lang='lat' dir='ltr'><strong>reperiri</strong></span> <span class='ocrx_word' id='word_1_793' title='bbox 2127 4963 2202 5023; x_wconf 90' lang='lat' dir='ltr'><strong>pes·</strong></span> <span class='ocrx_word' id='word_1_794' title='bbox 2284 5006 2288 5012; x_wconf 86' lang='grc'>,</span> 
     </span>
     <span class='ocr_line' id='line_1_104' title="bbox 1215 5026 2205 5112; baseline -0.005 -18"><span class='ocrx_word' id='word_1_795' title='bbox 1215 5031 1284 5094; x_wconf 90' lang='lat' dir='ltr'><strong>sint</strong></span> <span class='ocrx_word' id='word_1_796' title='bbox 1300 5026 1546 5107; x_wconf 87' lang='lat' dir='ltr'><strong>comburendos,</strong></span> <span class='ocrx_word' id='word_1_797' title='bbox 1567 5037 1665 5112; x_wconf 88' lang='lat' dir='ltr'><strong>atque</strong></span> <span class='ocrx_word' id='word_1_798' title='bbox 1683 5026 1830 5093; x_wconf 89' lang='lat' dir='ltr'><strong>eiusdem</strong></span> <span class='ocrx_word' id='word_1_799' title='bbox 1841 5027 2054 5092; x_wconf 85' lang='lat' dir='ltr'><strong>Villanovani</strong></span> <span class='ocrx_word' id='word_1_800' title='bbox 2071 5033 2105 5091; x_wconf 89' lang='lat' dir='ltr'><strong>et</strong></span> <span class='ocrx_word' id='word_1_801' title='bbox 2121 5026 2205 5091; x_wconf 90' lang='lat' dir='ltr'><strong>Bal-</strong></span> 
     </span>
    </p>
   </div>
   <div class='ocr_carea' id='block_1_18' title="bbox 1285 5316 1995 5523">
    <p class='ocr_par' dir='ltr' id='par_1_20' title="bbox 1285 5316 1995 5523">
     <span class='ocr_line' id='line_1_105' title="bbox 1286 5316 1740 5389; baseline -0.004 -17"><span class='ocrx_word' id='word_1_802' title='bbox 1286 5320 1316 5383; x_wconf 90' lang='lat'><strong>1)</strong></span> <span class='ocrx_word' id='word_1_803' title='bbox 1334 5317 1496 5389; x_wconf 74' lang='lat' dir='ltr'><strong>d&#39;Arts&#39;puy:</strong></span> <span class='ocrx_word' id='word_1_804' title='bbox 1514 5318 1641 5386; x_wconf 86' lang='lat' dir='ltr'><strong>Priorem,</strong></span> <span class='ocrx_word' id='word_1_805' title='bbox 1660 5316 1740 5372; x_wconf 78' lang='lat' dir='ltr'><strong>deest.</strong></span> 
     </span>
     <span class='ocr_line' id='line_1_106' title="bbox 1285 5385 1995 5523; baseline -0.001 -82"><span class='ocrx_word' id='word_1_806' title='bbox 1285 5389 1316 5455; x_wconf 82' lang='grc'><strong>2)</strong></span> <span class='ocrx_word' id='word_1_807' title='bbox 1336 5387 1443 5442; x_wconf 73' lang='lat' dir='ltr'><strong>Moab:</strong></span> <span class='ocrx_word' id='word_1_808' title='bbox 1461 5385 1778 5456; x_wconf 59' lang='lat' dir='ltr'><strong>expressissimae.</strong></span> <span class='ocrx_word' id='word_1_809' title='bbox 1941 5468 1995 5523; x_wconf 58' lang='lat' dir='ltr'><em>w</em></span> 
     </span>
    </p>
   </div>
   <div class='ocr_carea' id='block_1_19' title="bbox 0 0 2344 5908">
    <p class='ocr_par' dir='ltr' id='par_1_21' title="bbox 0 0 2344 5908">
     <span class='ocr_line' id='line_1_107' title="bbox 0 0 2344 5908; baseline 0 0"><span class='ocrx_word' id='word_1_810' title='bbox 0 0 2344 5908; x_wconf 95' lang='lat' dir='ltr'><strong> </strong></span> 
     </span>
    </p>
   </div>
  </div>
 </body>
</html>
