4702 5926
200 326 266 389 003
1110 315 1315 382 SERVETI
1712 377 1715 381 .
2158 313 2226 375 664

201 530 324 577 omnem
346 507 414 573 Dei
434 526 563 574 sensum
583 509 742 590 vapantes.
788 503 930 586 Simplex
951 503 1019 570 alia
1041 507 1085 568 est
1112 504 1193 568 oeri-
1253 501 1369 569 Iudaei
1391 508 1419 567 et
1443 504 1548 586 pentes
1575 500 1823 579 continebantur,
1849 501 1920 566 suis
1946 505 2119 582 temporum
2146 503 2229 567 arti·

205 598 282 662 tatis
302 595 367 672 nia,
390 612 453 658 eron
473 592 706 675 metaphysicis,
727 591 782 657 sed
804 590 912 657 idiotis
932 594 961 653 et
975 589 1193 672 piscatoribus
1243 589 1333 654 melis.
1388 587 1475 652 Hinc
1505 587 1690 670 mysterium
1722 588 1892 653 vocationis
1921 589 2062 669 pontium
2094 589 2130 653 in
2164 587 2225 655 boe

202 686 285 759 nota,
316 699 397 761 quae
426 678 582 744 bominem
614 676 698 741 docet
718 697 785 742 esse
803 675 909 756 filium
929 674 993 740 Dei
1015 694 1084 739 nere
1104 674 1191 757 peni-
1243 674 1329 739 oerbi
1350 674 1507 754 sapientia
1528 673 1638 736 merito
1661 671 1787 739 Paulus
1807 671 1967 738 concludit.
2012 672 2094 753 Ipsa
2114 695 2225 739 rerum

201 771 277 846 tum,
300 766 394 831 cuius
414 765 575 847 peroratio
595 764 632 829 in
649 760 764 827 Morio
781 767 826 827 est
842 780 911 825 aere
923 763 947 839 ¹)
970 763 1190 826 oortsummata.
1243 761 1280 824 in
1303 757 1428 824 Christo
1449 757 1600 840 diffinitio
1621 762 1690 822 erat
1714 759 1880 840 sapientia,
1913 763 1948 821 ut
2082 758 2226 826 Clemen-
2304 783 2308 787 ·

203 852 246 917 In
269 855 432 916 creatmas
464 844 667 914 sunt'reales
695 867 799 913 omnes
819 846 885 913 Dei
906 847 1049 911 actiones.
1096 843 1138 908 In
1159 864 1193 908 se
1243 849 1303 909 tem
1326 848 1355 908 et
1374 844 1410 906 in
1431 842 1564 923 epistola
1585 842 1670 907 docet
1693 842 1815 908 Petrus.
1843 842 1957 923 Ipsum
2000 847 2114 910 oannis
2136 844 2226 926 λόγον

201 938 273 1020 ipso
295 936 386 1002 Deus
407 933 467 1000 hac
487 936 613 999 ratione
635 931 674 998 ob
696 938 818 998 aeterno
835 932 904 1015 epil,
926 937 954 995 et
972 930 1088 1015 penult,
1109 929 1192 1011 quod
1245 931 1412 995 declarans
1433 927 1558 993 Paulus
1584 933 1658 1006 [pag.
1683 932 1759 1007 596]
1793 930 1836 994 ad
1860 927 1975 994 Coloss.
2002 935 2032 1007 1,
2054 931 2102 996 ait
2136 931 2226 1011 λόγον

202 1021 292 1103 apud
313 1040 347 1086 sc
367 1021 526 1085 meditans
543 1019 709 1085 constituit.
761 1017 896 1084 Verbum
912 1018 1065 1099 princeps
1081 1015 1193 1080 consti·
1241 1016 1344 1098 fuisse
1364 1016 1547 1097 mysterium
1570 1012 1689 1078 Christi
1709 1015 1911 1093 reconditum,
1939 1035 2022 1079 nmio
2041 1017 2226 1099 manifesta-

202 1108 264 1172 tuit
297 1111 324 1170 et
357 1107 508 1188 spiritum
525 1124 530 1128 ’
539 1105 722 1186 principem
752 1103 921 1181 constituit,
961 1103 1031 1168 sine
1050 1099 1192 1165 realibus
1243 1105 1310 1164 tum
1330 1099 1519 1183 clyentibus
1539 1100 1797 1164 conemunicatnm
1818 1102 1853 1163 in
1870 1100 1961 1164 cuius
1982 1102 2136 1184 imapinis
2157 1104 2227 1170 luce

201 1191 317 1257 cestris
338 1191 483 1256 motibus.
531 1190 636 1271 Atque
664 1190 712 1254 ita
740 1190 928 1255 constituens
954 1207 1016 1268 per
1038 1185 1191 1250 cosham
1243 1187 1350 1250 onmia
1382 1183 1588 1250 consistebant
1620 1189 1653 1249 et·
1681 1186 1860 1250 consistunt.
1909 1183 2022 1267 Ipsam
2044 1186 2228 1255 Salomonis

204 1276 359 1342 hominem
379 1277 494 1360 penuit.
550 1275 717 1340 Generatio
751 1279 822 1339 erat
854 1275 889 1338 in
916 1272 985 1338 Deo
1016 1271 1191 1336 coristitretio
1241 1272 1433 1353 septumum
1450 1271 1623 1347 declarans,
1644 1275 1673 1333 1.
1694 1269 1761 1335 Cor.
1779 1275 1813 1348 2,
1835 1271 1890 1349 ait,
1912 1273 2102 1352 sapientiam
2120 1275 2226 1355 illam,

201 1363 424 1447 perorationis,
442 1381 523 1443 quae
541 1361 585 1425 od
600 1361 832 1444 poneretionem
852 1358 999 1438 tendebat,
1021 1356 1190 1433 clarentio,
1243 1362 1314 1421 onte
1335 1355 1463 1422 saecula
1480 1356 1695 1438 praefinitam,
1731 1357 1764 1419 in
1791 1357 1937 1437 mysterio
1964 1359 2161 1438 reconditam,
2195 1365 2226 1425 et

203 1468 283 1530 quoe
304 1448 348 1513 ad
368 1448 562 1513 creationem.
570 1446 601 1530 ²)
1241 1461 1325 1506 nunc
1352 1440 1596 1521 manifestatam,
1611 1442 1636 1522 ¹)
1670 1461 1736 1505 esse
1766 1442 1872 1523 ipsum
1907 1441 2014 1508 Iesum
2051 1442 2226 1521 Christum,

1241 1528 1402 1593 dominum
1435 1526 1563 1608 plorioe.
1632 1525 1830 1608 Sapientiam
1862 1528 1967 1608 ipsam
1999 1528 2045 1594 ibi
2076 1532 2125 1597 ait
2156 1553 2227 1598 esse

330 1684 332 1687 ¹
1236 1611 1445 1692 praefinitam
1465 1611 1509 1677 ad
1527 1612 1663 1694 ploriom
1684 1612 1829 1677 hominis.
1881 1613 2025 1695 Undique
2050 1617 2137 1681 vides
2157 1637 2228 1682 esse

464 1698 700 1767 EPISTOLA
725 1697 924 1765 OCTAVA.
1242 1697 1405 1762 thesauros
1425 1698 1599 1777 sapientiae
1631 1718 1736 1762 omnes
1761 1703 1895 1779 propter
1923 1697 2091 1781 Christum,
2125 1708 2154 1766 et
2189 1705 2227 1768 in

1245 1781 1369 1848 Christo
1391 1784 1570 1848 reconditos.
1614 1782 1796 1849 Pertinacia
1834 1788 1890 1848 tua
1929 1789 1981 1863 est,
2020 1784 2071 1850 bic
2107 1789 2228 1871 hupere

205 1870 209 1873 ’
290 1876 365 1951 [pag.
405 1874 483 1950 595]
526 1870 630 1953 Quum
666 1891 705 1934 en
740 1868 840 1934 nullis
874 1869 1042 1949 scripturis
1075 1869 1191 1934 realem
1243 1869 1443 1947 sapientiam,
1471 1888 1538 1933 rem
1558 1869 1749 1948 distinctam,
1781 1869 1910 1934 realiter
1938 1872 2092 1953 penitam:
2127 1893 2227 1954 quum

200 1957 293 2023 ellam
333 1957 514 2037 incorporei
547 1955 611 2036 pne·
650 1955 790 2020 distincti
821 1955 1049 2038 pancrationem
1080 1956 1190 2036 possis
1237 1954 1428 2037 praesertim
1460 1955 1619 2034 sapientia
1647 1959 1751 2019 menta
1782 1955 1914 2035 dicatur,
1948 1962 1976 2020 et
2007 1958 2153 2038 formata,
2190 1965 2227 2023 ut

200 2043 367 2121 ostendere,
388 2042 432 2106 od
450 2041 648 2124 alleporicam
664 2039 803 2123 tipuram
820 2040 971 2124 consupis,
988 2043 1017 2104 ct
1033 2041 1191 2106 mordicus
1241 2038 1469 2120 sapientissimi
1506 2039 1621 2119 quique
1659 2041 1862 2121 artiqnorum
1904 2049 2120 2122 exposuerunt,
2161 2045 2227 2109 He

200 2129 326 2207 arripis
347 2128 478 2192 unicam
507 2127 545 2191 de
572 2127 732 2208 sapientia
747 2125 947 2208 parobolam,
983 2123 1133 2190 Proverb.
1159 2131 1189 2190 8.
1243 2124 1338 2203 broei,
1364 2124 1478 2190 Graeci
1499 2129 1528 2189 et
1547 2123 1668 2203 Latini,
1696 2127 1790 2189 ctiam
1813 2125 1905 2190 Iesus
1924 2127 2015 2207 filius
2038 2129 2163 2207 Sirach,
2197 2136 2227 2195 et

200 2213 353 2278 Demiror
375 2232 464 2292 sone,
498 2213 581 2294 quod
612 2213 702 2277 homo
727 2216 826 2276 mente
852 2211 925 2276 bene
946 2211 1124 2294 composita,
1156 2215 1192 2274 ut
1244 2214 1335 2275 cutm
1355 2209 1428 2274 libri
1451 2207 1643 2289 Sapientiae.
1680 2209 1851 2292 Utrumque
1871 2232 1942 2294 erpo
1959 2232 2020 2293 per
2040 2235 2073 2278 se
2095 2217 2227 2281 realiter

200 2298 277 2382 de³)
300 2299 412 2375 iactas,
448 2303 513 2362 tam
546 2298 631 2362 tenui
656 2298 737 2376 flatu
745 2297 773 2379 ⁴)
796 2296 830 2359 in
852 2302 917 2360 tom
938 2296 1039 2360 altum
1054 2295 1192 2380 pelopus
1242 2297 1372 2373 aanor,
1401 2295 1559 2376 sapientia
1579 2299 1691 2374 meato,
1727 2301 1756 2360 et
1773 2298 1887 2379 penita,
1909 2298 2007 2379 ¹quod
2038 2300 2227 2366 est-Arria·

201 2384 341 2466 apiteris,
375 2383 412 2448 in
446 2387 489 2447 tot
510 2383 688 2465 impinpens
708 2381 849 2462 scopulos
870 2387 898 2445 et
918 2386 1066 2447 monstra.
1113 2382 1192 2479 Plu?
1244 2401 1335 2445 num.-
1358 2386 1424 2478 ‘aut
1457 2385 1624 2478 utrumqne
1653 2380 1869 2480 ¹tipuraticess)
1904 2385 1985 2447 sicut
2011 2390 2055 2449 est
2084 2386 2228 2468 fipurota

199 2488 394 2620 tttttt
428 2467 1192 2636 hlllbllllnl‘llmthlmbistili
1244 2467 1565 2617 bttthtttt
1587 2467 2230 2649 ttttttttttttttb‘nttt

202 2639 307 2705 Prius
340 2644 443 2703 tamen
477 2639 590 2721 eopites
621 2640 725 2717 celim,
765 2638 844 2720 qnid
872 2638 1006 2718 proprie
1040 2637 1193 2721 sipnihcet
1240 2637 1477 2721 poneretionem,
1510 2636 1586 2702 baec
1613 2638 1670 2702 tibi
1696 2639 1835 2703 moninte
1856 2646 2026 2705 occurrunt.
2074 2639 2227 2707 Primum

200 2744 313 2802 sermo,
342 2724 422 2804 quid
444 2725 613 2805 sapientia,
633 2745 685 2789 ne
712 2728 748 2788 tu
769 2724 872 2788 saeris
893 2723 1017 2788 vocibus
1038 2723 1191 2787 abutaris.
1244 2729 1298 2801 est,
1327 2722 1409 2804 quod
1436 2721 1582 2787 hebraica
1614 2743 1675 2788 oon
1702 2724 1826 2809 *nbbtn
1841 2725 1870 2808 e)
1902 2724 2019 2804 hololti,
2058 2747 2141 2807 quae
2179 2727 2227 2791 ibi

204 2808 343 2889 Saepius
365 2809 432 2872 iam
454 2809 541 2873 dieta
560 2814 699 2890 repetam
720 2813 749 2873 et
771 2828 810 2872 en
834 2807 939 2873 Paulo
960 2809 1114 2888 quaedam
1136 2809 1191 2872 od·
1239 2809 1379 2889 ponitur,
1401 2828 1463 2873 non
1484 2807 1644 2891 sipnifieat
1661 2812 1902 2890 poneretionem.
1949 2811 2037 2877 Nam
2057 2818 2102 2877 est
2114 2813 2230 2894 passi·

202 2895 288 2971 dom,
321 2896 356 2957 ut
383 2893 431 2957 oet
459 2894 530 2973 ipso
550 2894 635 2973 duce,
657 2895 735 2975 quid
755 2892 853 2974 fuerit
874 2894 1038 2974 sapientia,
1067 2895 1191 2959 tandem
1243 2915 1324 2973 unm,
1352 2895 1443 2958 cuins
1465 2895 1611 2973 activum,
1642 2895 1673 2958 si
1695 2893 1775 2959 locos
1795 2915 1900 2961 ornnes
1920 2896 2076 2978 inponas,
2095 2902 2230 2981 proprie

201 2978 371 3062 intellipas.
422 2977 534 3043 Omnis
566 2998 678 3059 sermo,
707 2984 736 3042 et
763 2980 865 3043 omnis
885 2978 1045 3058 sapientia
1065 2979 1192 3060 aliquid
1244 2985 1272 3045 ct
1303 2980 1438 3057 univoce,
1471 2979 1621 3063 ubique⁴)
1656 2980 1815 3062 sipnifieat
1841 3001 1991 3063 premere.
2051 2983 2229 3050 Passionem

200 3064 394 3130 naturaliter
427 3068 647 3144 repraesentat,
679 3084 736 3129 seu
765 3068 812 3128 est
830 3064 990 3129 naturalis
1011 3064 1189 3130 relucentia.
1243 3086 1364 3148 quoque
1396 3065 1510 3146 ubique
1543 3070 1588 3130 est
1614 3066 1730 3148 premi,
1762 3067 1957 3147 expressione
1988 3068 2135 3150 tornioni,
2167 3090 2228 3134 seu

201 3149 291 3215 Haec
312 3150 387 3229 ipso
411 3155 456 3214 est
473 3148 637 3215 Salomoni
655 3151 731 3215 dota
753 3150 919 3230 sapientia,
932 3170 1048 3215 'rerum
1065 3150 1190 3215 dinina-
1236 3171 1393 3234 pressura
1425 3152 1564 3232 airadum
1590 3151 1760 3233 parturiri.
1821 3151 1892 3218 Hoc
1924 3154 2012 3237 lonpe
2043 3156 2137 3220 aliud
2170 3160 2227 3234 cst,

201 3254 274 3300 rum
306 3241 334 3299 et
366 3233 584 3299 humanarum
617 3234 796 3301 relucentia.
849 3234 1021 3319 Ioannis⁶)
1053 3256 1116 3300 non
1146 3241 1192 3300 est
1242 3257 1338 3319 quom
1350 3241 1489 3316 paterna
1504 3238 1671 3320 peneratio,
1691 3258 1786 3318 quam
1803 3258 1863 3302 noa
1879 3238 2227 3324 illonmeqnnmsipni·

201 3321 321 3388 abusus
335 3321 532 3401 proprietate
557 3320 706 3399 vocabuli,
739 3321 794 3385 sed
825 3321 966 3402 opposite
996 3321 1079 3387 dicit
1106 3321 1190 3401 λόγον
1240 3321 1322 3403 ficat,
1346 3324 1468 3388 tametsi
1488 3324 1532 3388 ad
1551 3322 1722 3403 femineam
1736 3344 1926 3404 pressuram
1942 3327 2136 3392 mandatur.
2158 3327 2226 3391 He-

200 3425 373 3472 sermonem
406 3406 598 3488 referentem.
664 3406 750 3470 Erat
783 3406 881 3490 ipitur
913 3426 1023 3485 sermo,
1062 3411 1089 3472 et
1121 3411 1190 3473 cred
1242 3409 1330 3473 braei
1347 3409 1394 3473 ita
1415 3410 1607 3488 sapientiam
1628 3409 1663 3472 in
1683 3414 1782 3473 mente
1802 3411 1973 3491 formatam
1993 3412 2108 3491 docent,
2137 3414 2227 3477 etin

199 3492 367 3574 sapientia,
389 3492 563 3556 relucentia
585 3511 654 3556 nere
675 3496 921 3573 repraesentans.
964 3492 1060 3557 Nune
1083 3490 1190 3557 Chris·
1242 3495 1353 3576 linpua
1374 3500 1483 3560 saneta
1501 3495 1592 3560 aliud
1608 3498 1653 3557 est
1664 3495 1827 3577 peculiare
1844 3496 1979 3576 ombum,
1997 3498 2079 3579 quod
2090 3500 2227 3580 proprie

200 3582 254 3642 tus
275 3578 352 3658 ipse,
376 3577 432 3658 qui
454 3575 501 3641 ibi
527 3578 680 3659 princeps
702 3576 1005 3658 repraesentabatur,
1038 3583 1082 3643 est
1113 3597 1190 3642 ocra
1243 3579 1358 3660 ubique
1378 3579 1538 3662 sipniftcat
1555 3599 1714 3662 penerare,
1743 3586 1772 3646 et
1791 3581 1859 3647 Deo
1879 3585 2041 3666 ponerenti
2061 3584 2225 3662 tribuitur,

200 3663 380 3739 relucentia,
402 3682 479 3726 aera
500 3663 668 3744 sapientia,
689 3682 810 3727 omnem
827 3663 925 3727 lucem
945 3663 981 3726 in
1001 3682 1034 3727 se
1051 3664 1191 3728 substan
1242 3666 1358 3730 seilicet
1385 3669 1472 3751 mim
1506 3665 1598 3730 holid·
1661 3664 1749 3731 Unde
1779 3672 1902 3747 constat,
1934 3689 1997 3733 non
2021 3671 2155 3749 proprie
2189 3670 2226 3735 in

203 3747 321 3811 tialitcr
343 3748 512 3810 continens.
559 3747 647 3812 Hinc
670 3747 774 3812 Paulo
801 3748 919 3813 dicdur
943 3747 1087 3814 Christus
1109 3749 1191 3814 relu-
1237 3750 1394 3834 parabola
1426 3752 1486 3817 illa
1512 3751 1577 3815 dici
1607 3753 1843 3834 poneretionem.
1901 3752 1940 3817 Si
1970 3756 2055 3818 enim
2086 3755 2226 3837 spiritus

202 3832 303 3896 centio
322 3831 457 3914 ploriae,
477 3836 507 3894 et
527 3832 749 3897 substantiolis
767 3834 882 3915 fipura,
903 3833 938 3896 in
955 3832 1023 3899 Deo
1041 3833 1191 3917 sperma,
1242 3843 1370 3902 sanctus
1402 3838 1534 3918 proprie
1566 3837 1606 3901 de
1641 3839 1838 3919 pancratione
1872 3839 1957 3920 loqui
1988 3839 2145 3919 uoluisset,
2186 3859 2224 3904 ea

203 3915 299 3981 Hebr.
324 3921 353 3979 1.
397 3916 454 3980 En
484 3916 561 3980 aliis
589 3918 728 3982 eiusdem
751 3917 851 3983 Pauli
882 3917 966 3997 locis,
1000 3922 1191 4001 sapientiam
1242 3942 1313 3986 uoce
1349 3943 1428 3987 usus
1465 3924 1587 4004 fuisset,
1628 3942 1708 4003 quoe
1744 3925 1971 4006 permotionem
2003 3926 2136 4008 proprie
2158 3926 2224 4007 sip

200 4002 305 4085 fuisse
339 4002 374 4065 in
410 4000 479 4066 Deo
514 4021 668 4066 arcannm
698 4001 826 4081 Christi,
866 4008 969 4084 aperte
1007 4006 1190 4089 collipimns.
1241 4007 1357 4088 nificat.
1429 4009 1531 4086 Adde,
1576 4008 1658 4089 quod
1702 4009 1827 4073 cabum
1865 4010 1948 4076 illud
1992 4014 2078 4096 afim
2124 4010 2221 4090 heliel,

204 4087 293 4152 Nam
315 4086 358 4151 ad
381 4084 464 4167 Eph.
489 4091 512 4150 3
534 4088 726 4167 sapientiam
747 4094 834 4154 noent
847 4089 1101 4170 praefinitionem
1122 4112 1190 4158 sae-
1243 4095 1325 4174 quod
1346 4096 1479 4175 proprie
1507 4093 1666 4176 sipnifieot
1697 4115 1854 4177 penerare,
1890 4101 1964 4175 [pag.
1989 4099 2063 4174 597]
2097 4101 2126 4160 et
2152 4096 2223 4159 Deo

202 4172 353 4252 culorum,
387 4192 484 4254 quom
504 4172 578 4253 fecit
598 4172 690 4237 Deus
711 4175 747 4239 in
771 4173 901 4253 Christo,
929 4176 963 4239 in
985 4196 1044 4257 quo
1064 4177 1190 4243 saecula
1239 4181 1401 4262 pomeranii
1422 4180 1581 4257 tribuitur,
1615 4184 1661 4243 est
1686 4181 1888 4245 transitivum
1916 4182 1959 4246 ad
1980 4182 2151 4260 mulierem,
2188 4182 2224 4244 in

201 4257 387 4323 relucebant.
439 4256 570 4323 Ibidem
605 4276 672 4339 cop.
698 4264 727 4337 1,
762 4261 956 4339 sapientiam
982 4268 1069 4326 cocat
1100 4284 1191 4329 arca·
1241 4285 1306 4345 oua
1327 4265 1381 4330 ille
1400 4269 1535 4347 perierat.
1579 4262 1670 4330 Deris
1696 4285 1767 4348 erpo
1793 4286 1862 4331 cere
1889 4271 1918 4331 et
1943 4268 2071 4333 realiter
2096 4268 2131 4330 in
2153 4286 2224 4330 mu·

202 4362 280 4407 num
315 4342 445 4420 Christi,
486 4345 568 4424 quod
602 4350 814 4426 proposuerat
840 4344 931 4409 Deus
968 4348 1005 4410 in
1043 4367 1076 4412 se
1110 4349 1188 4429 ipso.
1241 4350 1319 4415 tiere
1337 4351 1453 4433 penuit.
1480 4350 1505 4413 I
1507 4351 1546 4415 lle
1566 4356 1610 4415 est
1631 4370 1700 4415 cere
1719 4351 1809 4431 filius
1826 4351 1900 4432 Dei,
1921 4373 2013 4434 quem
2033 4353 2070 4416 in
2091 4352 2225 4417 muliere

203 4427 373 4508 Sapientia
400 4429 503 4511 ipitnr
536 4435 605 4493 erat
638 4431 712 4511 ipsa
739 4430 924 4513 perfinitio
960 4435 989 4495 et
1019 4433 1189 4499 relucentia
1239 4437 1347 4518 penuit
1367 4434 1466 4513 Deus,
1500 4456 1561 4499 non
1582 4436 1636 4499 ille
1668 4457 1758 4517 onem
1779 4442 1813 4501 tu
1833 4440 2005 4504 somniasti.
2044 4437 2118 4501 'Ea
2148 4457 2226 4518 pra

205 4511 333 4591 Christi,
354 4514 461 4577 omnia
480 4515 518 4577 in
536 4513 606 4579 Deo
625 4517 817 4595 continentis,
840 4520 867 4580 et
884 4516 1028 4581 omnibns
1047 4520 1189 4602 pentibus
1235 4522 1371 4602 prietote
1404 4521 1531 4602 linpuae
1563 4526 1697 4602 sanctae,
1737 4527 1765 4587 et
1804 4525 1837 4586 oi
1868 4522 2032 4588 hebraicae
2064 4522 2227 4603 dictionis,

203 4599 463 4663 communicandi.
493 4598 581 4664 Erat
598 4599 700 4665 Paulo
722 4610 816 4684 σοφία
832 4605 1045 4676 πολυποίκιλος
1066 4607 1189 4686 sapien-
1241 4625 1304 4670 non
1337 4605 1457 4669 diodor
1487 4607 1647 4687 poneretio
1678 4609 1747 4673 sine
1784 4614 1892 4688 mentre,
1931 4629 1986 4673 nec
2021 4608 2114 4689 filius
2154 4610 2228 4674 sine

201 4682 250 4748 tia
270 4683 484 4764 rrrnltiformis,
522 4685 680 4765 sapientia
711 4686 898 4752 oehemcrrter
929 4689 1031 4766 caria,
1068 4692 1102 4754 in
1124 4711 1189 4772 qna
1239 4695 1346 4755 matre.
1414 4688 1529 4754 Filias
1574 4692 1657 4757 enin
1699 4694 1840 4760 hebraice
1884 4695 2001 4762 dicitur
2040 4695 2230 4776 aedificium

1239 4777 1276 4840 in
1308 4775 1439 4841 muliere
1468 4776 1596 4858 fadum,
1635 4777 1692 4844 ben
1731 4801 1752 4845 o
1790 4779 1879 4845 verbo
1913 4780 2024 4846 banah.
2090 4781 2232 4863 Septua

155 4990 157 4994 .
271 4937 363 4992 lest
379 4951 444 4992 vera
461 4951 514 4992 orn.

270 4938 302 5073 hl
320 5005 395 5059 aaa.
413 5004 566 5062 tendebat·
1310 5016 1340 5082 1)
1360 5015 1432 5069 Add.
1452 5022 1480 5070 et
1498 5018 1622 5086 gentibus
1641 5021 1872 5075 communicatem.
1975 5071 1977 5075 .

271 5072 302 5140 3)
320 5082 357 5128 te.
1307 5082 1341 5204 ξ)
1360 5083 1538 5207 {putativum

1326 5153 1338 5219 l

271 5140 304 5276 dl
321 5140 446 5265 ldllllnos
1306 5219 1337 5288 4)
1356 5153 1535 5290 ubiillhduga
1550 5170 1612 5225 m
1630 5154 1682 5209 650
1699 5161 1754 5212 m
1771 5155 1796 5210 3⁸
