4800 5902
125 341 188 403 273
891 333 1379 410 ΡΒΑΕΙΜῊ]ΒΤΙΝἋΉΟΝΕ.ι
2080 347 2146 411 274

121 527 169 592 tia
190 526 225 591 in
248 531 389 590 mortem
410 521 569 589 traditum
591 543 663 589 esse
680 522 768 608 (Act.
786 526 815 602 2,
840 523 906 605 23).
937 521 994 589 Sic
1011 523 1102 588 enim
1153 526 1308 610 gratiam,
1341 526 1514 593 hominum
1540 533 1654 594 autem
1685 529 1838 611 arbitrio,
1871 536 2041 617 utcunque
2062 553 2138 601 eam

120 610 375 697 praescientiam
395 609 532 675 consilio
554 608 715 708 adiungit,
738 615 777 673 ut
798 607 972 686 discamus,
996 628 1102 692 neque
1153 611 1299 694 recipere
1330 611 1481 692 libuerit,
1511 614 1677 680 efficacem
1698 613 1835 683 demum
1861 637 1940 686 csse
1988 620 2037 684 At
2057 640 2139 687 vero

121 697 267 776 fortuito,
290 716 397 778 neque
417 694 564 763 violento
585 695 758 760 hominum
779 694 906 777 impetu
928 694 1103 776 abreptum
1154 694 1310 762 Ohristus
1349 697 1452 762 alium
1493 699 1670 765 verborum
1713 722 1851 767 suorum
1890 724 2025 770 sonsum
2065 726 2137 771 esso

121 785 224 850 fuisse
245 781 417 849 Christum
438 779 480 845 ad
501 780 693 860 mortem:⁴)
716 778 774 844 scd
796 780 874 862 quia
895 780 996 859 Deus,
1019 780 1103 862 opti·
1153 788 1307 848 testetur:
1342 780 1432 848 Sunt
1459 783 1592 868 quidam
1620 805 1662 850 cx
1691 787 1784 853 vobis
1803 788 1862 870 qui
1890 809 1959 855 non
1979 790 2136 856 credunt:

121 891 196 936 mus
219 876 254 934 et
273 866 532 951 sapientissimus
548 871 623 946 [pag.
636 871 690 945 39]
709 867 866 950 cognitor,
888 864 938 929 ita
954 865 1104 931 consulto
1153 874 1330 952 propterea
1357 867 1428 932 dixi
1454 868 1562 949 vobis,
1590 891 1688 936 nemo
1713 879 1823 955 potest
1854 873 1897 940 ad
1929 895 1984 941 me
2011 877 2136 956 venire,

120 961 289 1023 statuerat
344 951 391 1018 Et
423 972 509 1017 unus
541 951 640 1017 Pauli
677 950 768 1016 locus
803 950 846 1015 ad
880 948 1100 1016 dirimendam
1152 955 1218 1019 nisi
1240 953 1290 1018 illi
1312 952 1427 1020 datum
1448 955 1548 1020 fuerit
1566 977 1586 1020 a
1607 963 1702 1039 patre
1719 978 1793 1024 mec
1815 958 1907 1044 (ibid.
1929 982 1961 1028 v.
1982 964 2024 1025 64
2042 961 2136 1046 seq).

120 1061 253 1108 omnem
274 1036 533 1103 controversiam
555 1035 642 1121 apud
670 1056 767 1102 sanos
789 1036 926 1102 lectores
948 1037 1098 1101 sufficiet.
1152 1038 1256 1105 Vides
1289 1045 1328 1104 ut
1358 1039 1544 1108 incredulos
1577 1063 1691 1107 eorum
1723 1064 1863 1110 numero
1896 1045 2051 1113 excludat
2078 1047 2136 1131 qui

119 1128 231 1194 Deum
262 1123 391 1208 plebem
427 1142 537 1201 suam,
576 1125 675 1206 quiam
704 1122 911 1222 praescivit,
941 1121 1100 1222 repulisse
1151 1125 1340 1226 trahuntur.
1375 1125 1464 1191 Nam
1485 1127 1548 1193 hoc
1569 1148 1704 1212 prorsus
1726 1130 1957 1213 intempestive
1979 1132 2135 1213 effutiret,

120 1207 1099 1379 ttttbbtltillibttbmlt..bellate
1152 1232 1227 1375 llll.
1244 1209 1878 1383 {ttltlllblzl0llbeltl
1899 1217 2138 1370 labet}

120 1383 233 1450 salvae
259 1383 364 1448 factae
391 1387 470 1445 sunt
498 1378 589 1465 (ibid.
613 1402 642 1445 v.
668 1377 711 1462 5).
756 1378 858 1458 Item,
887 1376 973 1462 quod
993 1378 1098 1444 Israel
1152 1381 1277 1447 oinium
1298 1380 1450 1448 adduxit:
1473 1384 1585 1449 Erunt
1607 1405 1722 1451 omnes
1745 1385 1834 1450 docti
1856 1408 1876 1451 a
1895 1388 1969 1453 Deo
1990 1388 2068 1473 (les.
2084 1394 2138 1470 54,

120 1469 274 1554 operibus
301 1486 369 1532 non
397 1466 440 1532 sit
461 1486 540 1532 cons
581 1470 683 1531 nutus
704 1463 792 1548 qnod
819 1463 1009 1548 quaerebat:
1040 1463 1098 1531 sed
1155 1471 1193 1530 13
1200 1490 1208 1546 3
1230 1466 1347 1533 Ioann.
1371 1472 1400 1547 6,
1424 1470 1497 1551 45),
1526 1491 1605 1535 mox
1625 1471 1910 1554 interpretationis
1935 1472 2007 1540 loco
2029 1474 2138 1542 addit:

120 1555 235 1622 electio
252 1555 297 1620 sit
313 1558 515 1636 consequuta
536 1485 628 1636 fidia
648 1573 679 1616 v.
693 1551 738 1634 7).
762 1549 873 1649 Quam
894 1550 1003 1633 priore
1025 1549 1097 1649 loco
1152 1550 1271 1618 Omnis
1301 1573 1379 1638 crgo
1413 1555 1470 1637 qui
1502 1555 1631 1622 audivit
1663 1578 1683 1620 a
1714 1564 1808 1640 patre
1837 1577 1914 1622 mec
1947 1565 1981 1624 et
2012 1559 2135 1640 didicit,

118 1639 374 1726 praescientiam
389 1637 529 1717 vocavit,
548 1643 663 1719 postea
678 1635 871 1701 electionem
890 1634 1097 1713 essedefimt,
1150 1639 1245 1703 venit
1279 1638 1322 1703 ad
1355 1660 1417 1705 me.
1467 1639 1510 1704 In
1543 1661 1581 1706 eo
1609 1640 1703 1707 docet
1728 1641 1863 1725 impleri
1889 1642 2017 1709 Iesaiae
2051 1647 2139 1711 vati·

119 1725 307 1811 etquidem
326 1725 516 1809 gratuitam.
1150 1723 1284 1802 ciuium,
1305 1723 1498 1808 quodDens
1520 1727 1639 1810 spiritu
1661 1748 1720 1792 suo
1743 1728 1835 1793 intus
1858 1727 2036 1812 discipulos
2054 1730 2137 1795 allo-

201 1810 335 1878 Puerile
362 1811 558 1894 figmentum
579 1814 644 1887 cst,
674 1806 760 1890 quod
788 1809 930 1891 gratiam
957 1807 1097 1892 Pighius
1151 1810 1279 1892 quitur,
1309 1816 1347 1873 ut
1375 1809 1510 1877 Ohristo
1537 1812 1573 1876 in
1598 1814 1839 1895 possessionem
1869 1814 1988 1880 medat
2034 1815 2137 1883 Hunc

116 1897 370 1980 interpretatur,
401 1896 478 1978 quia
499 1895 663 1960 Dominus
691 1913 805 1959 omnes
833 1895 868 1958 in
891 1893 1000 1959 Adam
1021 1913 1098 1978 per·
1150 1894 1387 1961 instaurandae
1420 1896 1575 1963 ecclesiae
1607 1897 1744 1962 modum
1779 1897 1895 1964 definit
1920 1900 2063 1982 Iesaias,
2099 1908 2138 1968 ut

118 1982 204 2048 ditos
231 1981 272 2047 ad
300 1981 442 2047 salutem
469 1978 686 2045 nihilominus
712 1979 841 2044 invitat.
888 1978 986 2046 Olare
1008 1978 1099 2044 enim
1151 2001 1264 2045 omnes
1287 1981 1357 2046 eius
1376 1980 1437 2045 filii
1460 1981 1618 2048 divinitus
1641 1981 1749 2048 edocti
1765 1984 1841 2050 sint
1864 1984 2040 2051 Peculiare
2059 2008 2139 2072 ergo

117 2067 243 2134 Paulus
263 2068 335 2133 Deo
363 2067 591 2151 praecognitos
618 2086 638 2130 a
659 2064 793 2148 reliquis
815 2064 988 2145 discernit,
1016 2084 1099 2149 quos
1150 2065 1346 2132 beneficium
1363 2074 1604 2147 commemorat,
1628 2088 1693 2151 quo
1705 2070 1798 2135 Deus
1817 2090 1885 2135 non
1902 2071 1967 2136 nisi
1981 2071 2139 2138 ecclesiae

117 2160 252 2238 aspectu
283 2174 342 2218 suo
375 2151 528 2236 dignatus
567 2172 635 2216 non
669 2158 728 2216 est
780 2148 878 2232 Quod
908 2150 998 2217 idom
1029 2172 1098 2217 non
1150 2151 1237 2216 filios
1267 2150 1431 2235 dignatur.
1476 2151 1632 2219 Obristns
1659 2154 1835 2221 efficaciter
1866 2155 1930 2220 hoc
1966 2155 2138 2223 doctrinae

117 2240 253 2305 obscure
291 2259 485 2322 expressum
517 2244 568 2303 est
600 2236 728 2302 Ohristi
758 2235 885 2302 verbis:
927 2234 1097 2320 Quidquid
1150 2258 1271 2321 genere
1298 2236 1341 2302 ad
1368 2258 1404 2303 so
1426 2238 1515 2303 trahi
1542 2239 1754 2322 pronunciat,
1783 2261 1926 2324 quorum
1952 2250 2081 2308 mentes
2104 2250 2140 2310 ct

117 2322 244 2390 dederit
264 2324 348 2389 mihi
369 2332 472 2408 pater,
495 2322 537 2388 ad
559 2343 612 2387 me
634 2322 761 2389 veniet:
785 2331 819 2386 et
836 2343 914 2387 cum
930 2323 986 2406 qui
1004 2322 1098 2387 venit
1150 2320 1250 2389 corda
1271 2324 1363 2388 Deus
1385 2323 1570 2408 compellat
1599 2323 1657 2390 Sic
1678 2325 1769 2391 enim
1790 2326 1931 2392 interius
1954 2326 2050 2393 docet
2073 2349 2138 2408 eos,

117 2409 158 2476 ad
190 2432 259 2490 me,
293 2431 360 2475 non
392 2409 522 2475 eiiciam
553 2408 641 2475 foras
675 2407 803 2493 (Ioann.
835 2409 870 2485 6,
900 2409 967 2489 37).
1019 2407 1098 2471 Tria
1148 2408 1257 2493 inquit
1278 2408 1499 2494 Augustinus,
1514 2410 1539 2494 ¹)
1561 2411 1617 2494 qui
1639 2409 1824 2476 secundum
1847 2413 2057 2496 propositum
2079 2435 2139 2480 ro·

115 2495 261 2562 breviter
282 2493 425 2580 quidem,
447 2492 506 2560 sed
526 2502 639 2559 tamen
661 2493 832 2577 perspicue
849 2493 903 2558 hic
921 2490 1095 2558 habemus:
1149 2494 1215 2559 ceti
1241 2501 1337 2571 sunt,
1370 2495 1471 2560 simul
1499 2495 1625 2561 donans
1652 2505 1686 2561 et
1714 2495 1793 2580 quid
1816 2504 1934 2582 agant,
1968 2499 2069 2578 scire,
2105 2507 2140 2565 et

116 2579 191 2664 Quo
229 2587 287 2647 uot
312 2582 448 2648 veniunt
475 2579 517 2645 ad
539 2577 727 2659 Ohristum,
761 2578 853 2662 prins
880 2577 930 2643 illi
959 2585 1097 2662 apatre
1173 2577 1236 2644 uod
1265 2580 1388 2660 sciunt,
1422 2601 1529 2666 agere.
1581 2580 1648 2662 Qui
1678 2590 1790 2648 autem
1821 2583 1916 2649 novit
1949 2582 2029 2666 quid
2062 2585 2137 2650 fieri

117 2687 188 2733 esse
252 2673 318 2732 tos:
348 2665 465 2732 deinde
493 2666 691 2765 omnesqui
719 2663 787 2730 dati
813 2671 906 2744 sunt,
941 2665 1035 2748 quasi
1057 2662 1098 2730 de
1150 2599 1275 2745 debeat,
1299 2672 1332 2731 et
1353 2685 1422 2732 non
1434 2668 1520 2745 facit,
1541 2667 1689 2732 nondum
1706 2668 1812 2733 aDeo
1826 2667 1941 2735 didicit
1952 2667 2137 2736 secundum

117 2773 217 2818 manu
250 2753 287 2817 in
318 2773 455 2818 manum
491 2751 542 2816 illi
574 2751 676 2832 tradi,
715 2757 755 2815 ut
786 2772 865 2817 vere
899 2752 968 2817 eius
1000 2751 1096 2816 fiant:
1150 2750 1301 2835 gratiam,
1323 2750 1382 2818 sed
1401 2751 1728 2838 secundumrlegem:
1753 2775 1822 2820 non
1840 2751 2023 2821 secundum
2040 2755 2139 2838 spiri·

114 2845 281 2922 postremo
310 2837 414 2905 fidum
444 2858 516 2904 esse
548 2837 696 2903 omnium
728 2835 912 2917 custodem,
948 2857 1030 2921 quos
1062 2836 1097 2901 in
1150 2843 1233 2917 tum,
1256 2836 1314 2903 sed
1335 2838 1475 2903 literam.
1499 2838 1606 2905 Paulo
1626 2838 1751 2922 post12)
1775 2837 1824 2918 Si,
1848 2846 1887 2904 ut
1905 2837 1989 2906 dicit
2006 2841 2140 2922 veritas,

114 2924 185 2990 eius
203 2923 305 2990 fidem
322 2944 360 2990 ao
377 2922 581 3009 praesidium
597 2929 694 3008 pater
705 2921 850 3002 tradidit,
874 2930 913 2988 ut
929 2922 1097 2988 neminem
1150 2923 1258 2988 omnis
1279 2923 1337 3007 qui
1357 2921 1471 2990 didicit
1491 2924 1599 3003 venit,
1623 2923 1772 3008 quisquis
1784 2946 1854 2992 non
1865 2925 1969 3005 venit,
1992 2926 2136 3008 profecto

114 3010 223 3094 perire
252 3011 347 3075 sinat.
390 3008 489 3076 Nunc
522 3009 550 3075 si
578 3008 656 3075 fidei
688 3008 888 3092 principium
916 3008 1096 3093 quaeritur,
1150 3028 1212 3074 nec
1234 3005 1355 3074 didicit.
1379 3007 1556 3076 Oonoludit
1576 3009 1725 3076 tandem:
1749 3009 1827 3076 Non
1849 3016 1901 3077 est
1922 3030 2136 3096 consequens,

115 3094 292 3179 respondet
314 3095 485 3161 Ohristus:
513 3094 589 3161 ideo
609 3094 743 3161 credere
764 3094 821 3178 qui
843 3093 998 3174 credunt,
1021 3094 1098 3178 quia
1151 3094 1266 3178 utqui
1287 3101 1396 3177 potest
1418 3096 1543 3175 venire,
1567 3097 1668 3162 otiam
1691 3096 1820 3175 veniat,
1851 3096 1917 3162 nisi
1938 3095 1972 3161 id
1996 3097 2138 3164 voluerit

115 3182 177 3247 sibi
199 3179 312 3247 donati
333 3188 413 3247 sunt
435 3187 578 3264 epatre.
622 3180 787 3266 Magnum
815 3179 905 3263 plebi
925 3181 972 3245 im
996 3181 1097 3246 aritae
1150 3186 1249 3264 atque
1270 3180 1392 3246 fecerit.
1438 3179 1507 3247 Sed
1533 3180 1641 3248 omnis
1671 3182 1727 3264 qui
1750 3179 1866 3248 didicit
1893 3204 1914 3247 a
1934 3189 2045 3266 patre,
2069 3204 2136 3249 non

114 3271 189 3346 [pag.
214 3266 537 3351 4010bstaeu1um2)
564 3274 638 3333 erat
665 3265 846 3333 scribarum
873 3201 1096 3343 incredulitas,
1151 3264 1258 3330 solum
1284 3273 1391 3349 potest
1417 3267 1549 3346 venire,
1577 3266 1765 3333 sedetiam
1786 3266 1892 3346 venit,
1921 3266 1980 3332 ubi
2005 3268 2074 3332 iam
2102 3275 2136 3333 et

137 3351 205 3417 uod
226 3352 327 3438 vulgo
348 3372 544 3436 persuasum
565 3360 650 3432 erat,
680 3351 808 3418 nullam
830 3351 1014 3417 doctrinam
1033 3349 1098 3415 fide
1151 3350 1377 3434 possibilitatis
1405 3352 1587 3435 profectus,
1628 3359 1661 3418 et
1692 3352 1875 3417 voluntatis
1908 3351 2061 3432 affectus,
2103 3358 2137 3419 et

116 3372 255 3520 dignam
282 3457 368 3516 esse,
408 3438 473 3504 nisi
505 3459 589 3522 quae
628 3458 742 3506 eorum
781 3437 938 3523 suffragio
966 3442 1099 3521 recepta
1151 3436 1288 3503 actionis
1320 3437 1455 3503 effectos
1483 3446 1540 3504 est.
1592 3437 1709 3521 Neque
1733 3437 1963 3521 Augustinum
1998 3436 2071 3503 ideo
2102 3438 2139 3504 in

120 3528 217 3586 esset
262 3520 391 3589 Olamat
416 3545 459 3589 ex
481 3523 621 3591 adverso
643 3523 810 3603 Ohristus,
838 3523 1006 3609 singulare
1028 3542 1099 3588 esse
1150 3523 1338 3604 praesentia
1360 3521 1486 3588 adduco
1506 3528 1635 3602 testem,
1658 3520 1745 3606 quod
1766 3523 1837 3588 eius
1858 3523 2038 3588 autoritate
2061 3528 2138 3604 [pag.

120 3605 188 3672 Dei
210 3605 334 3673 donum
359 3609 468 3676 lucem
489 3609 596 3690 illam,
626 3610 747 3694 quain
769 3609 885 3675 salutis
908 3608 1000 3674 viam
1020 3607 1099 3673 diri-
1153 3612 1386 3692 421pugnem,
1414 3606 1473 3672 sed
1494 3607 1572 3690 quia
1591 3607 1662 3673 eius
1689 3608 1802 3674 verbis
1824 3609 1953 3692 aptiora
1974 3629 2042 3675 non
2060 3630 2139 3693 sup·

119 3693 240 3778 gimur.
287 3691 326 3760 Si
358 3696 431 3778 quis
462 3697 717 3782 tergiversetur,
750 3694 820 3759 dari
852 3693 988 3761 Ohristo
1018 3713 1100 3777 quos
1174 3699 1285 3771 etunt,
1331 3692 1452 3776 quibus
1491 3694 1713 3777 evangelistae
1751 3701 1900 3760 mentem
1938 3694 2135 3778 exprimam.

119 3785 214 3861 pater
246 3779 282 3844 in
314 3801 352 3847 eo
386 3781 538 3867 elegit:³)
571 3788 683 3848 manet
714 3787 828 3846 tamen
859 3779 948 3845 istud
982 3780 1098 3857 fixum,
1150 3713 1250 3859 &uod
1270 3778 1299 3842 si
1321 3777 1613 3862 nondumquidam
1624 3779 1842 3863 acquiescent,
1865 3779 1981 3864 alibi⁸)
2003 3781 2137 3865 plenius

119 3863 331 3931 donationem
361 3886 431 3931 non
462 3866 527 3933 fide
559 3866 655 3933 modo
687 3887 726 3932 su
750 3867 890 3932 eriorem
921 3885 1008 3945 esse,
1042 3863 1099 3930 sed
1152 3861 1313 3929 edisserit.
1357 3862 1447 3946 Quid
1470 3871 1534 3931 est:
1565 3862 1685 3930 Omnis
1707 3866 1764 3948 qui
1785 3863 1912 3933 audivit
1938 3884 1959 3930 a
1986 3874 2081 3950 patre
2103 3873 2137 3932 et

119 3952 190 4015 eins
218 3970 353 4017 causam
384 3972 423 4018 ac
450 3954 619 4038 originem.
667 3951 711 4018 Se
762 3953 798 4017 in
827 3952 930 4017 altero
952 3950 1099 4016 membro
1153 3946 1281 4030 didicit,
1305 3951 1398 4016 venit
1418 3948 1460 4016 ad
1481 3970 1550 4031 me,
1571 3949 1651 4015 nisi:
1675 3950 1796 4017 Nullus
1819 3959 1870 4018 cst
1891 3953 1949 4036 qui
1969 3951 2080 4019 audiat
2102 3959 2136 4019 et

119 4033 217 4119 longe
243 4036 318 4119 plus
350 4039 466 4104 subest
492 4037 653 4122 ponderis.
706 4037 821 4121 Neque
854 4038 944 4102 enim
969 4043 1101 4101 tantum
1154 4033 1257 4101 discat
1284 4057 1305 4101 a
1332 4043 1441 4119 patre,
1475 4043 1509 4102 et
1536 4055 1605 4101 non
1631 4037 1745 4103 veniat
1778 4035 1821 4102 ed
1852 4036 1928 4102 me?
1975 4036 2013 4104 si
2048 4039 2139 4103 enim

120 4122 234 4186 venire
256 4121 299 4187 ad
321 4143 357 4189 se
380 4123 461 4189 alios
483 4132 592 4208 negat,
616 4124 682 4190 nisi
698 4124 815 4208 quibus
832 4128 984 4208 porrecta
1001 4121 1101 4187 fuerit
1153 4122 1261 4187 omnis
1281 4121 1337 4206 qui
1360 4119 1488 4190 audivit
1509 4141 1529 4186 a
1549 4128 1645 4206 patre
1666 4128 1700 4186 et
1717 4119 1841 4202 didicit,
1861 4122 1966 4189 venit:
1991 4124 2139 4207 profecto

122 4207 235 4272 aDeo
256 4226 389 4274 manus:
412 4208 470 4275 sed
491 4231 606 4276 omncs
627 4209 684 4293 qui
706 4208 768 4275 sibi
789 4207 902 4275 donati
924 4213 1011 4288 sunt,
1032 4208 1103 4274 sine
1154 4207 1261 4274 omnis
1291 4208 1349 4291 qui
1374 4228 1443 4273 non
1470 4208 1577 4285 venit,
1618 4229 1686 4273 non
1720 4207 1848 4275 audivit
1878 4230 1899 4274 a
1926 4214 2036 4294 patro,
2077 4228 2141 4277 nec

122 4293 324 4376 exceptione,
347 4294 480 4361 credere
502 4295 656 4363 affirmat
690 4293 789 4377 Quod
810 4296 847 4360 in
870 4293 1102 4379 disputationis
1155 4288 1277 4358 didicit.
1322 4292 1410 4359 Nam
1449 4294 1479 4360 si
1518 4292 1664 4360 audisset
1706 4300 1739 4359 et
1775 4291 1957 4375 didicisset,
1998 4294 2138 4363 veniret.

122 4385 280 4443 contextu
305 4379 439 4447 uberius
464 4383 648 4448 confirmat
691 4382 812 4460 Nemo,
834 4381 957 4465 inquit,
985 4379 1028 4445 ad
1049 4399 1103 4444 me
1154 4377 1262 4445 Valde
1284 4387 1412 4446 remota
1433 4385 1484 4447 est
1505 4401 1526 4445 a
1546 4379 1698 4446 sensibus
1720 4380 1829 4446 carnis
1851 4381 1934 4447 haec
1956 4379 2078 4461 schola,
2101 4382 2138 4448 in

122 4468 231 4543 potest
249 4464 374 4544 venire,
397 4466 463 4532 nisi
483 4474 579 4550 pater
599 4488 694 4533 meus
716 4466 858 4533 traxerit
875 4487 953 4532 eum
970 4465 1101 4548 (Ioann.
1155 4486 1220 4549 qua
1241 4472 1336 4548 pater
1356 4464 1491 4531 auditur
1519 4472 1554 4531 et
1575 4462 1685 4545 docet,
1715 4472 1753 4529 ut
1774 4466 1930 4532 veniatur
1957 4465 2000 4532 ad
2022 4467 2137 4534 lilium.

124 4550 160 4625 6,
185 4548 250 4630 44).
294 4550 471 4617 Fatebitur
489 4552 630 4637 Pighius
652 4552 896 4618 illuminatione
918 4572 999 4634 opus
1021 4571 1101 4630 esse,
1154 4550 1260 4616 Paulo
1294 4557 1383 4635 post:
1423 4549 1516 4617 Haec
1549 4552 1657 4635 gratia
1692 4569 1777 4634 quae
1815 4551 1942 4618 occulte
1981 4551 2137 4620 humanis

123 4640 162 4698 ut
182 4632 225 4698 ad
245 4633 419 4703 Ohristum
440 4637 579 4704 redeant
599 4636 765 4719 homines,
793 4638 849 4723 qui
871 4659 892 4703 a
912 4638 986 4702 Deo
1008 4643 1104 4702 erant
1155 4633 1307 4704 cordibus
1334 4635 1505 4716 tribuitur,
1538 4656 1559 4700 a
1589 4636 1681 4702 nullo
1716 4633 1799 4701 duro
1834 4635 1931 4704 corde
1969 4640 2136 4722 recipitur.
2213 4645 2220 4660 '

122 4720 245 4786 aversi:
275 4720 333 4786 sed
354 4722 483 4789 interea
502 4724 614 4809 fingit,
637 4724 747 4791 offerri
769 4744 929 4808 peraeque
951 4721 1103 4789 omnibns
1154 4720 1234 4788 Ideo
1267 4722 1387 4807 quippe
1420 4722 1592 4802 tribuitur,
1627 4728 1668 4786 ut
1698 4719 1806 4789 cordis
1840 4721 1962 4789 duritia
1987 4724 2137 4808 primum

1156 4808 1333 4876 auferatur.
1388 4806 1530 4891 Quando
1573 4808 1683 4892 itaque
1725 4814 1822 4893 pater
1862 4809 1952 4875 intus
1992 4806 2135 4890 auditur,

193 4978 223 5044 1)
242 4977 316 5034 Aac.
333 4994 436 5035 comme
455 4979 496 5036 s'il
514 4987 576 5037 eust
593 4982 652 5038 este
670 4980 806 5038 eonnahrt
828 4979 862 5037 de
881 4978 990 5037 souffrir
1008 4981 1026 5036 a
1043 4979 1103 5034 leur

117 5047 237 5116 appetit.
1227 5047 1257 5115 1)
1276 5049 1335 5104 Lib.
1361 5048 1377 5102 1
1409 5047 1443 5103 de
1470 5048 1557 5117 gretia
1581 5047 1682 5103 christi
1713 5053 1809 5104 ecntm
1833 5046 1928 5116 Pelag.
1963 5055 1993 5107 et
2020 5049 2143 5110 coelest.

192 5112 224 5182 2)
241 5115 378 5172 scandale.
1157 5134 1217 5189 cap.
1235 5116 1277 5173 13.

192 5182 222 5250 3)
242 5183 318 5239 Add.
348 5192 376 5241 et
401 5202 454 5257 que
480 5200 531 5258 par
557 5202 588 5243 ce
611 5203 708 5259 moyen
734 5186 755 5242 ll
780 5186 825 5257 luy
850 5185 940 5243 donne
967 5201 1037 5243 ceux
1058 5187 1105 5256 qni
1226 5185 1317 5254 2)1b.
1335 5185 1453 5309 capla
1535 5255 1541 5268 .

121 5259 245 5323 ⁰r⁰tent
1226 5254 1257 5322 3)
1275 5254 1336 5311 lab.
1403 5252 1570 5324 praedestin.
1587 5253 1712 5310 Senator.
1731 5268 1791 5324 cap.
1809 5252 1835 5308 8.

230 5337 343 5396 Gabini
357 5355 448 5411 opera
490 5341 547 5398 Vol.
570 5339 658 5399 VIII.
1898 5339 1933 5396 13

1671 5514 1685 5548 δ
