4800 5902
122 282 267 414 ’,133
338 355 387 418 g
476 327 487 419 g·
545 380 560 403 ,.
626 297 638 402 f
766 404 770 410 .
831 267 949 389 ,stne
968 291 1248 422 sescenos
1269 323 1562 423 seleseiensis.
1733 325 1735 330 ·
2034 290 2037 296 ‘
2163 336 2224 399 134
2301 371 2302 375 ν
2368 277 2373 286 ’

204 502 316 580 sainct
345 510 487 576 Ponite
513 513 648 577 moristre
680 522 718 577 en
734 509 778 577 vta
802 506 964 577 denaieme
987 531 1055 577 ana
1085 512 1181 577 Thes·
1232 509 1365 576 tronbtas
1390 532 1429 577 en
1455 519 1533 578 ceste
1555 512 1674 598 Eytr'se.
1723 514 1859 598 Qaetqne
1879 515 1955 584 bede
1976 520 2219 605 oontenrnqn'ds

201 599 405 677 sotonieiens,
438 597 599 664 daeaieme
630 596 783 679 etrapitre,
823 597 933 680 qnare
965 597 991 664 it
1016 597 1112 679 parte
1143 598 1182 663 de
1232 595 1360 662 sanent
1374 599 1529 678 prendre,
1562 619 1621 680 one
1642 620 1720 667 cons
1740 622 1778 666 ne
1800 622 1890 685 soyee
1905 605 1999 684 point
2019 602 2217 690 transporta

200 684 343 751 tdomme
375 682 539 771 depectit,
572 703 612 747 on
639 683 680 748 de
701 682 830 765 tentant
856 682 894 748 de
916 682 1093 763 perdition,
1120 684 1181 765 qni
1230 681 1437 763 faussement,
1452 705 1511 766 qne
1532 703 1608 750 notes
1629 706 1668 750 ne
1688 705 1778 768 εαρεε
1794 689 1886 768 poirrt
1905 689 2096 760 incantans
2109 696 2137 758 et
2153 691 2227 758 oct?

139 843 145 851 ,
200 770 335 853 vandra
356 768 769 853 en‘siynes'ctmemeiltes,
790 768 816 833 ii
836 767 1063 846 adionsteoers
1081 769 1180 849 lofin,
1233 767 1319 852 tanes
1340 772 1422 847 [pege
1448 774 1535 850 103],
1553 790 1638 851 ponr
1659 772 1745 838 dire:
1781 771 1819 837 Ie
1840 793 1879 838 ne
1899 794 1959 859 say
1980 777 2094 858 ananei
2115 778 2144 842 ie
2166 797 2216 844 noe
2273 782 2275 785 ’

201 854 279 939 qn’d
301 855 440 920 donnera
471 854 592 936 efflante
618 854 760 919 d'errenr
787 853 808 917 d
836 855 1181 938 camerinensem,
1232 853 1294 935 doy
1310 855 1398 919 tenir.
1425 854 1490 935 Qec
1510 856 1619 940 quand
1642 856 1667 920 it
1682 857 1816 922 aiendra
1832 859 2001 943 qnetqn'nn
2018 864 2075 945 qni
2092 884 2130 928 ne
2145 861 2215 945 face

201 941 269 1024 ofin
290 940 387 1023 qn’its
408 944 530 1023 eroyent
549 938 571 1004 ὰ
591 958 763 1023 ναεαεοαρε.
804 933 895 1005 Veita
915 940 994 1005 donc
1015 939 1103 1005 Dien
1124 941 1201 1021 qni
1232 958 1292 1019 qne
1312 938 1440 1020 sonttter
1460 941 1544 1005 dans
1565 940 1706 1023 t’oreitte,
1728 963 1788 1024 qne
1808 940 1885 1010 cons
1906 965 1945 1010 ne
1966 967 2056 1030 sayer
2076 969 2213 1031 εερανεε.

91 1079 96 1087 .
197 1037 264 1111 ραν
291 1047 346 1092 soa
376 1024 449 1092 Fris
478 1026 598 1091 detiore
624 1024 671 1091 tes
697 1024 832 1089 tomme's
856 1024 1050 1105 d'infidetiti,
1083 1030 1112 1090 et
1136 1026 1181 1090 tes
1235 1022 1451 1090 dardanios
1477 1025 1547 1091 bien
1574 1021 1686 1093 desire
1708 1028 1853 1094 ἀεναεαεα
1880 1031 1972 1097 d’nne
1999 1033 2067 1098 teile
2087 1033 2215 1118 tenerete

204 1113 320 1191 detiore
340 1110 376 1176 de
399 1113 485 1177 tenes
500 1107 623 1192 pectes.
668 1108 713 1174 Et
732 1110 856 1175 dentre
877 1109 965 1190 eoste',
988 1111 1013 1176 it
1034 1111 1080 1176 dit
1101 1110 1181 1192 an’it
1231 1107 1499 1192 etineonstance;
1530 1113 1614 1178 νααίε
1635 1133 1723 1194 pour
1750 1115 1883 1196 ρννεὶραε,
1905 1116 1994 1184 εΙιεεε
2019 1118 2109 1199 ρεόρ
2135 1139 2213 1185 oens

204 1218 351 1281 εαααρενα
378 1218 423 1263 nn
444 1197 542 1280 esprit
562 1198 716 1276 deiram,
742 1215 788 1260 nn
808 1197 904 1282 esprit
925 1194 1079 1278 detticace
1092 1215 1180 1276 ρααν
1230 1195 1339 1274 paisse
1360 1205 1508 1276 amener,
1527 1217 1588 1279 qne
1613 1219 1652 1262 ne
1677 1217 1767 1280 εοραα
1787 1199 1918 1269 divertis
1942 1203 1979 1268 de
2000 1203 2034 1268 ta
2049 1204 2163 1285 parati
2184 1209 2213 1270 et

171 1284 174 1290 ’
199 1284 286 1367 faire
322 1283 431 1350 croire¹
455 1282 504 1347 ‘tes
542 1302 712 1365 repronoce
749 1281 771 1344 ὰ
801 1301 970 1365 mensonqe.
1028 1279 1105 1364 Oeen
1136 1285 1180 1346 est
1230 1281 1399 1361 simplieite‘
1430 1282 1468 1348 de
1499 1282 1536 1348 ta
1561 1284 1674 1366 parate
1706 1285 1744 1349 de
1777 1284 1882 1367 Dien,·
1920 1308 1984 1370 vqne
2015 1310 2091 1356 oens
2123 1297 2227 1372 soyee'

120 1419 122 1423 .
201 1367 336 1435 attrsoni
357 1368 380 1433 d
400 1367 497 1448 Diem,
517 1372 545 1433 et
566 1367 621 1450 tny
634 1387 635 1390 ¹
648 1372 692 1432 est
713 1367 847 1433 attritae
867 1387 945 1444 sans
967 1366 1023 1449 tay
1043 1367 1179 1448 impetor
1230 1367 1426 1433 entierement
1451 1368 1572 1434 resotns
1590 1389 1638 1434 en
1659 1375 1736 1435 ceste
1762 1369 1901 1437 doctrine
1926 1374 1982 1454 ani
2010 1394 2087 1442 vons
2107 1395 2129 1439 a
2150 1373 2212 1440 eet

200 1453 342 1537 ta'fante
364 1475 406 1537 ny
422 1455 455 1519 ta
473 1454 580 1534 αοαῑρε
598 1452 1178 1519 dc'tacondamaatiandcsmesctcans.
1224 1452 1378 1537 ρναροεὲε
1404 1454 1615 1519 maintenant:
1647 1475 1761 1521 comare
1788 1458 1881 1521 anssi
1907 1458 1969 1523 ede*
1991 1465 2035 1524 est
2061 1460 2095 1524 ta
2115 1458 2211 1525 eefrde'

201 1538 247 1606 Et
273 1562 312 1607 en
340 1559 410 1623 eecy
440 1539 466 1604 a
493 1560 515 1622 ρ
542 1562 563 1603 α
587 1539 697 1604 anea
725 1558 834 1603 cause:
866 1538 975 1619 α’ῑρα
1003 1560 1065 1604 αρε
1085 1549 1196 1615 conse
1230 1536 1396 1619 insattibte
1413 1539 1451 1605 de
1472 1537 1567 1604 Dien.
1613 1538 1658 1605 Et
1678 1545 1776 1621 qnaat
1798 1542 1819 1610 d
1839 1562 1924 1626 moy,
1953 1545 1984 1608 ie
1998 1549 2134 1626 proteste
2154 1564 2221 1627 qne

158 1622 161 1628 ’
201 1627 381 1709 toinytaine,
403 1625 458 1707 qni
475 1628 517 1689 est
535 1627 569 1691 ia
587 1623 704 1690 vetanti
721 1624 870 1690 deDien:
892 1624 992 1706 dna
1011 1645 1072 1689 nne
1085 1644 1179 1690 cause
1229 1614 1275 1706 i’y
1296 1641 1422 1688 consens
1448 1626 1632 1692 etaccorde.
1676 1626 1721 1691 Et
1737 1627 1813 1708 ρνὶε
1841 1627 2045 1712 teSeionenr
2064 1631 2144 1712 ea’et
2166 1650 2214 1694 me
2350 1653 2352 1657 ¹

195 1711 461 1797 praedestinandi
483 1710 581 1775 estta
601 1709 725 1789 matice,
747 1709 933 1790 t‘inncetde
953 1709 1122 1791 timendi,
1145 1709 1178 1774 ta
1228 1709 1299 1790 face
1324 1706 1359 1773 la
1384 1729 1476 1794 ρναεε
1498 1711 1551 1793 d‘y
1571 1731 1754 1792 perseverer
1777 1713 1906 1795 iasqnes
1938 1715 1959 1778 ὰ
1986 1715 2019 1779 ta
2043 1716 2090 1796 fin
2111 1720 2140 1779 et
2160 1715 2214 1797 dy

200 1797 346 1863 rebettion
366 1796 412 1879 de?
426 1795 581 1861 tiamne:
611 1795 751 1861 ttomme
776 1795 853 1860 done
885 1799 931 1859 est
956 1795 1049 1879 dione
1069 1796 1179 1861 d’estre
1233 1795 1365 1883 monrir.
1645 1830 1648 1837 ·
1959 1832 1961 1835 ν
2109 1834 2112 1839 ,
2240 1852 2244 1858 .

201 1883 288 1947 ainsi
324 1881 436 1947 reiettt.
498 1879 588 1946 Mais
626 1881 796 1961 cepaedant
832 1879 858 1945 a
891 1880 964 1962 sant
1003 1901 1061 1963 quc
1097 1900 1187 1946 noas*
1296 1900 1317 1920 ··
1451 1895 1457 1903 '

202 1968 385 2051 recardions
407 1966 532 2032 tonaio
551 1986 612 2031 ane
627 1971 717 2031 autre
729 1986 844 2044 conse„
855 1987 913 2046 aare
931 1986 1011 2037 noas
1027 1966 1178 2048 demetens
1751 1982 1755 1989 ’
1989 1987 1992 1994 ’

203 2052 378 2134 tardatne,
400 2054 457 2135 qne·
477 2057 522 2118 est
544 2053 577 2116 ta
597 2051 713 2116 odone
733 2051 772 2117 ae
792 2047 889 2115 Dion,
1454 2060 1490 2114 n.
1512 2059 1605 2114 mes
1626 2060 1677 2114 De
1700 2061 1832 2116 senece
1853 2054 1992 2122 esent,

290 2137 333 2202 Et
354 2138 439 2219 ainsi
465 2159 544 2203 nens
566 2158 708 2219 ponoons
739 2138 809 2203 bien
837 2137 996 2203 concinere
1023 2140 1089 2200 tant
1109 2156 1178 2216 ραν

176 2216 274 2302 'ceta
296 2226 674 2309 qne1pege101]parce
695 2243 852 2304 onerans
873 2242 970 2287 avora
985 2222 1179 2287 neaintmant
1318 2214 1356 2283 a
1387 2239 1427 2283 ne
1457 2239 1536 2283 nous
1566 2221 1640 2303 sant
1671 2223 1761 2301 point
1805 2222 1931 2288 esbatir
1967 2226 2000 2290 si
2031 2231 2108 2291 ceste
2142 2227 2211 2292 doe·

202 2310 321 2393 adeone
352 2309 396 2375 de·
417 2311 519 2374 sainct
548 2308 644 2388 Pani,
676 2312 747 2379 e’est
768 2310 926 2386 assaooir,
958 2327 1018 2389 qne
1038 2326 1117 2372 nens
1139 2328 1177 2373 ne
1229 2306 1310 2370 trine
1344 2309 1389 2368 est
1418 2304 1570 2370 assaittie.
1622 2305 1725 2371 Satan
1765 2308 1894 2391 (comem
1921 2330 2000 2375 nens
2027 2312 2055 2376 te
2080 2312 2210 2395 sarens)

150 2402 151 2405 ’
199 2414 339 2462 νεεεεεαε
354 2396 447 2477 point
467 2394 500 2459 ta
516 2395 570 2476 foy
586 2395 625 2460 dc
640 2398 742 2460 nostre
760 2395 852 2476 franc
871 2392 996 2473 arbitro,
1018 2393 1101 2458 mais
1116 2396 1177 2473 'que
1229 2391 1285 2471 qni
1306 2395 1351 2474 est
1372 2391 1492 2455 ennemi
1513 2390 1551 2454 de
1572 2397 1675 2458 nostre
1691 2393 1785 2473 saint,
1807 2414 1886 2459 nens
1902 2401 2014 2461 assant
2031 2396 2070 2461 de
2086 2396 2119 2462 ta
2132 2402 2213 2478 part

105 2516 110 2522 ·
198 2486 270 2549 dest
287 2502 353 2564 ραν
372 2480 516 2563 ῑα-ρναεε
533 2480 571 2546 de
591 2476 692 2558 Dea,
726 2481 782 2561 qni
808 2499 887 2543 nens
919 2500 940 2551 α
967 2477 1068 2543 esicus
1089 2498 1176 2558 pour
1228 2476 1306 2558 an'it
1332 2479 1395 2542 soit
1423 2480 1503 2549 estre
1534 2483 1639 2543 nostre
1661 2479 1740 2561 pins
1760 2480 1874 2563 yraad'
1902 2480 2073 2562 forteresse.
2120 2481 2211 2550 Ponr

197 2587 277 2633 nans
306 2586 432 2631 amener
460 2565 481 2628 d
510 2585 566 2631 son
588 2563 675 2644 Fits,
711 2570 738 2630 et
766 2568 856 2647 qn'en
883 2565 937 2645 ῑαρ
964 2582 1044 2628 nans
1064 2583 1176 2646 soyons
1227 2567 1305 2627 ceste
1325 2581 1420 2627 conse
1441 2561 1589 2627 adoisons
1612 2564 1681 2629 bien
1702 2565 1740 2630 de
1761 2567 1879 2629 retenir
1905 2572 1982 2632 ceste
2001 2568 2152 2647 doctrine,
2182 2573 2211 2632 ct

197 2653 360 2718 ittnminer
374 2671 442 2733 ραν
462 2672 518 2715 son
539 2652 641 2715 sainct
661 2649 775 2730 Esprit
796 2655 903 2730 etpar
923 2669 961 2714 sa
976 2649 1099 2731 parole.
1227 2667 1306 2713 nous
1327 2653 1463 2712 arrester
1484 2647 1505 2711 d
1527 2648 1561 2713 ta
1578 2650 1747 2731 simplicite
1768 2650 1893 2716 d’icette.
1937 2657 2019 2732 [page
2046 2652 2211 2732 104]·Oar

286 2737 403 2820 Qnand
429 2758 508 2802 nens
528 2756 659 2818 croyons
687 2757 725 2802 en
754 2734 848 2800 Iesns
870 2733 988 2812 Christ,
1023 2738 1093 2800 c'est
1115 2738 1176 2799 nne
1212 2738 1296 2799 tant
1311 2734 1390 2815 pins
1411 2733 1519 2816 qn’eite
1540 2755 1612 2801 sera
1631 2735 1783 2813 assaittie,
1804 2740 1871 2801 tant
1886 2738 1966 2819 ptus
1986 2738 2041 2804 dle
2062 2758 2143 2805 nans
2164 2744 2210 2804 est

165 2844 288 2908 ,ρναεε
301 2821 449 2905 spectate:
470 2827 497 2886 et
518 2826 617 2904 qnant
638 2840 893 2901 anarepranoee,
913 2824 1070 2901 qn’estans
1085 2823 1176 2885 reiet
1226 2820 1400 2884 necessaire
1420 2820 1440 2883 d
1461 2818 1555 2885 saint.
1601 2819 1805 2886 L’Escritnre
1826 2823 1944 2888 saincte
1965 2844 2045 2889 nens
2067 2825 2210 2909 εαεενζραε

73 2957 76 2961 -
198 2916 244 2974 ter
259 2930 327 2990 ραν
348 2929 393 2973 nn
413 2910 495 2972 inste
515 2908 668 2990 inoanent
683 2907 721 2972 de
732 2906 827 2986 Dien,
848 2910 1005 2988 qn’estans
1018 2902 1176 2972 vdelaissea
1225 2905 1265 2970 de
1291 2925 1328 2969 ne
1348 2904 1443 2987 point
1464 2925 1581 2986 passer
1603 2907 1681 2990 pins
1707 2913 1795 2973 entre
1824 2928 1883 2989 qne
1910 2928 1942 2973 ce
1970 2910 2026 2989 qni
2054 2930 2136 2974 nens
2165 2916 2211 2977 est

197 3015 236 3061 en
256 2996 523 3075 tancorrnption,
546 2992 589 3058 its
609 2998 678 3058 sont
695 2994 857 3058 iustement
872 2992 993 3073 ρενάαε
1015 2993 1187 3070 etrninea,
1225 2992 1400 3056 necessairc
1420 2990 1459 3055 de
1478 2993 1586 3057 saooir
1601 3012 1688 3074 pour
1704 2999 1828 3059 tronoer
1845 2994 1879 3059 ta
1895 3014 1988 3060 conse
2008 2996 2047 3060 de
2062 2996 2097 3061 ia
2116 2996 2211 3061 rninc

197 3100 275 3146 sans
294 3079 455 3160 tontesfois
475 3099 513 3145 en
533 3079 670 3159 monier
691 3080 724 3144 ta
741 3080 828 3161 faute
849 3072 982 3157 dDiea,
1004 3079 1088 3144 mais
1109 3097 1176 3142 ane
1226 3077 1264 3142 de
1284 3076 1431 3141 tiamne
1459 3075 1505 3141 Or
1525 3082 1594 3143 tons
1613 3084 1683 3143 sont
1696 3080 1821 3160 perdas
1842 3079 2012 3156 enAdam,
2033 3086 2062 3147 et
2079 3081 2117 3147 de
2132 3087 2210 3149 ceste
2274 3088 2275 3091 ’
2338 3081 2341 3087 ’

197 3166 341 3232 mmmes.
386 3165 478 3230 Nous
503 3186 542 3230 ne
569 3165 698 3230 oontmes
716 3166 809 3247 point
834 3172 959 3230 aecaser
984 3163 1072 3228 Dien
1097 3162 1176 3229 d'in-
1226 3161 1669 3230 eondamnation'nnioersette
1691 3170 1720 3230 et
1738 3165 1889 3250 yeneraie,
1911 3167 1938 3232 it
1959 3189 1980 3231 α
1995 3166 2074 3246 plen
2088 3165 2211 3234 dDien

197 3251 316 3332 instice,
338 3271 417 3317 nens
434 3251 517 3315 nete
537 3251 666 3316 amiens
681 3251 774 3330 point
789 3269 916 3315 accuser
930 3248 1118 3330 daeception
1138 3250 1176 3314 de
1221 3269 1288 3331 ραν
1314 3268 1353 3312 sa
1374 3249 1574 3315 misericorde
1601 3251 1640 3315 de
1666 3250 1779 3316 retirer
1806 3271 1883 3315 cene
1909 3252 1989 3332 qn'it
2010 3251 2065 3336 tay
2086 3274 2108 3317 a
2124 3253 2211 3334 plen.

192 3357 380 3417 personnes;
400 3337 485 3401 mais
505 3336 584 3418 qn'it
604 3356 626 3400 a
647 3335 762 3402 decreti
784 3337 821 3402 de
842 3341 905 3400 tont
926 3340 1024 3416 temps
1045 3355 1077 3399 ee
1098 3333 1178 3416 qa'it
1228 3333 1273 3398 Et
1293 3353 1370 3398 cena
1397 3334 1456 3417 qni
1484 3339 1552 3398 sont
1577 3356 1615 3400 en
1641 3335 1708 3400 telle
1729 3335 1983 3416 condamnation,
2011 3358 2050 3400 ne
2073 3341 2212 3417 parcent

199 3423 315 3488 cattoit
334 3422 427 3504 faire,
449 3441 507 3502 one
528 3425 576 3501 e'a
597 3421 658 3487 esti
679 3440 751 3486 avec
768 3421 877 3502 equire,
900 3421 1010 3486 instice
1031 3425 1060 3484 et
1075 3419 1176 3485 droie-
1227 3421 1320 3485 sinon
1349 3421 1415 3483 mat
1438 3419 1538 3499 faire,
1574 3427 1602 3485 et
1622 3440 1654 3486 ce
1674 3420 1768 3502 qam
1792 3421 1861 3502 font
1886 3421 1952 3486 mat
1977 3442 2016 3487 ne
2036 3422 2102 3487 doit
2116 3423 2212 3504 point

200 3514 285 3586 tare,
311 3509 394 3572 ooire
415 3527 487 3572 aoee
508 3527 571 3572 nne
596 3507 662 3572 tede
683 3507 839 3572 droietare
861 3505 956 3587 qn’on
983 3509 1036 3589 n’y
1061 3504 1127 3570 doit
1148 3510 1177 3570 et
1227 3511 1305 3570 estre
1326 3503 1446 3588 impoti
1468 3505 1489 3569 d
1511 3503 1616 3570 Diem:
1637 3523 1693 3570 ear
1713 3505 1802 3571 Diea
1823 3527 1861 3570 ne
1881 3508 1925 3571 tes
1945 3508 2102 3572 contrairet
2117 3508 2211 3587 point

198 3614 238 3658 ne
254 3598 388 3673 pent-on
408 3594 497 3657 aussi
517 3597 643 3658 trouver
664 3592 685 3656 d
706 3593 816 3657 redire.
862 3591 907 3656 Et
921 3595 1088 3672 cantant,
1117 3612 1176 3673 qne
1227 3591 1265 3656 de
1286 3591 1351 3654 mat
1370 3591 1465 3671 faire,
1486 3590 1571 3654 mais
1592 3592 1658 3657 ceta
1679 3591 1744 3656 doit
1764 3595 1843 3655 estre
1863 3590 1983 3672 impate‘
2005 3593 2025 3656 d
2048 3597 2125 3658 ceste
2146 3613 2211 3659 cor·

199 3699 279 3743 aens
291 3698 403 3759 soyons
424 3679 493 3743 bien
513 3678 644 3757 resotns,
666 3678 745 3757 on'it
760 3698 781 3741 a
797 3677 896 3743 cdoisi
917 3677 963 3741 tes
983 3696 1045 3740 ans
1065 3676 1177 3741 deoard
1227 3678 1354 3759 raption
1375 3675 1542 3754 notnrette,
1570 3681 1597 3740 et
1612 3676 1693 3756 ρααε
1719 3696 1776 3757 qne
1797 3682 1873 3742 ceste
1894 3682 2006 3742 natare
2028 3698 2211 3761 corrompnc

198 3765 231 3830 ta
248 3765 386 3828 erratica
406 3764 452 3828 dn
472 3764 582 3828 monde
604 3764 731 3842 (emnme
752 3762 778 3826 it
800 3783 821 3826 α
841 3762 903 3826 esti
924 3763 971 3826 dit
988 3782 1054 3825 aaa
1072 3761 1176 3843 Epte-
1228 3767 1273 3826 est
1294 3761 1431 3826 adonnte
1453 3761 1474 3823 d
1496 3761 1576 3840 mot,
1599 3763 1656 3827 etie
1677 3781 1715 3825 ne
1730 3767 1808 3843 pent
1827 3763 1914 3844 faire
1934 3763 2028 3829 sinon
2050 3769 2113 3829 tant
2133 3765 2210 3831 mat.

197 3852 290 3928 siens,
310 3850 449 3929 pranier
470 3848 638 3930 chandre),
667 3853 694 3912 et
715 3852 806 3926 [pege
823 3852 897 3926 102]
925 3849 1003 3928 qn’it
1028 3867 1049 3910 a
1070 3846 1177 3913 reietti
1323 3846 1387 3912 Une
1408 3866 1520 3912 neesrne
1541 3848 1628 3913 cteose
1648 3867 1721 3913 sera
1742 3848 1838 3912 bonne
1859 3853 1887 3913 et
1907 3850 2085 3915 manoaise:
2114 3849 2211 3916 bonne

197 3935 242 4000 tes
263 3940 377 4014 autres,
399 3935 526 3998 snivant
546 3939 623 3999 ceste
643 3939 777 3999 sentence
793 3935 831 3999 de
848 3935 950 3999 sainct
968 3932 1068 3997 Pani:
1094 3932 1178 4013 Qn’it
1228 3932 1373 4011 enDien,
1395 3938 1422 3995 et
1443 3934 1609 3998 manaaise
1630 3932 1844 3998 rothome:
1865 3953 1921 3998 car
1942 3936 1976 4000 ta
1992 3933 2039 4016 tin
2052 3956 2111 4017 qne
2123 3935 2212 4001 Diea

198 4022 261 4104 snit
283 4021 482 4086 misericorde
502 4020 523 4087 d
544 4022 600 4100 qni
619 4019 676 4085 don
692 4019 876 4101 taysernbte,
898 4019 1020 4099 etqn'it
1035 4018 1178 4083 erednrcit
1223 4019 1356 4100 pretend
1377 4023 1423 4082 est
1443 4016 1553 4097 bonne,
1581 4019 1663 4083 etta
1682 4018 1729 4099 tin
1751 4018 1789 4083 de
1811 4018 1951 4084 t’teomme
1972 4025 2017 4085 est
2037 4022 2210 4086 manoaisc.

200 4107 288 4188 cetny
307 4106 385 4188 qa‘it
406 4111 484 4169 aeret.
507 4105 550 4169 Et
565 4103 810 4170 serrabtattement
824 4125 883 4187 qne
898 4125 977 4169 nons
992 4102 1178 4187 reeordions
1233 4103 1346 4186 Quoad
1366 4123 1446 4168 nens
1467 4104 1641 4170 aeneam
1662 4108 1742 4168 tonte
1753 4105 1935 4184 pnissanee,
1957 4111 2038 4170 tonte
2056 4104 2213 4172 antdorn‘tt

201 4192 223 4255 d
244 4212 275 4256 ee
296 4193 353 4272 qni
375 4212 396 4255 α
417 4191 479 4255 este
500 4191 650 4270 adionste‘,
672 4188 743 4255 c’est
758 4191 908 4266 assaooir,
931 4210 990 4270 qne
1005 4208 1083 4254 nans
1098 4209 1178 4255 som
1229 4195 1258 4255 et
1278 4187 1465 4271 superimitt
1491 4188 1512 4252 d
1541 4194 1644 4255 nostre
1665 4188 1768 4268 Diea,
1798 4189 1823 4253 it
1841 4190 1914 4272 sant
1941 4192 2032 4256 anesi
2054 4211 2113 4272 qne
2133 4211 2213 4256 nans

198 4297 265 4342 mes
295 4277 395 4341 esteeas
425 4296 463 4342 en
491 4278 730 4357 sanctificatam,
764 4276 843 4342 dee
875 4296 934 4356 qne
963 4295 1042 4340 nens
1068 4294 1178 4356 soyons
1228 4276 1284 4358 tay
1305 4274 1480 4339 attritrnons
1505 4295 1550 4339 nn
1571 4276 1683 4341 conscit
1699 4295 1766 4355 ραν
1789 4276 1889 4356 ῑεραεῑ
1917 4276 1942 4340 it
1970 4299 1991 4341 α
2019 4276 2153 4341 delibere'
2175 4276 2213 4340 de

199 4363 334 4436 saincts;
367 4363 387 4426 d
415 4382 446 4427 ce
473 4381 532 4443 one
553 4382 632 4427 nens
653 4363 776 4426 eiciaris
804 4382 839 4425 en
870 4367 949 4425 tonte
975 4360 1123 4426 sainctete'
1150 4364 1179 4424 et
1230 4365 1292 4426 tent
1313 4365 1409 4442 omps
1435 4360 1473 4425 de
1496 4366 1578 4438 [page
1604 4367 1678 4441 105]
1706 4380 1738 4425 ce
1760 4361 1838 4441 qn’il
1858 4362 1924 4427 doit
1949 4363 2035 4445 faire
2055 4363 2094 4427 de
2115 4367 2213 4427 tontes

201 4446 381 4512 dennestede.
420 4446 465 4511 Et
486 4451 556 4512 dest
576 4446 713 4528 tEsprit
733 4449 772 4513 de
792 4448 1004 4530 regenerator
1023 4447 1079 4527 qni
1100 4466 1179 4511 nens
1229 4467 1279 4512 ses
1300 4451 1463 4511 creatores.
1509 4445 1555 4510 Et
1575 4467 1613 4510 en
1634 4466 1666 4512 ee
1687 4445 1845 4526 secret-td,
1875 4447 1960 4511 dne
1981 4468 2063 4513 nens
2084 4454 2130 4514 est
2144 4468 2212 4530 ραε
2319 4488 2322 4491 Δ

68 4535 81 4556 “
201 4553 311 4612 εερανε
343 4539 371 4596 et
404 4533 542 4598 ἀεέεενννε
567 4535 623 4598 des
650 4532 824 4610 mescttons,
859 4537 887 4596 et
913 4534 970 4612 qni
995 4552 1075 4596 nens
1100 4532 1178 4597 rend
1229 4533 1311 4596 dicite
1339 4551 1382 4615 ny
1403 4533 1494 4596 anesi
1515 4533 1654 4612 possible
1679 4533 1822 4597 deratrer.
1867 4532 1959 4598 Mais
1985 4534 2012 4599 it
2037 4535 2215 4617 constant

201 4620 408 4702 tesmoionaoe
435 4639 494 4700 qne
518 4639 598 4682 nens
623 4639 755 4684 sornmes
782 4619 882 4683 estens
908 4617 946 4682 de
967 4617 1068 4695 Dien,
1094 4618 1180 4682 voire
1231 4623 1380 4683 contenter
1400 4618 1438 4683 de
1457 4638 1490 4682 ce
1510 4618 1586 4699 qn'it
1606 4637 1688 4683 nens
1705 4639 1742 4682 en
1757 4618 1820 4700 fait
1837 4620 2060 4700 coemistre-en
2074 4619 2211 4702 oencrat,

200 4704 314 4769 devaret
341 4705 374 4768 ta
400 4705 536 4769 creation
561 4705 605 4769 dn
627 4705 750 4782 monde,
778 4723 891 4769 comme
916 4704 943 4768 il
969 4722 1049 4768 nans
1075 4724 1097 4783 a
1118 4701 1180 4767 esti
1230 4704 1299 4770 dest
1325 4704 1483 4782 assacoir,
1514 4703 1594 4786 qn'd
1619 4709 1664 4769 est
1690 4724 1725 4767 en
1753 4708 1818 4767 tent
1845 4707 1873 4766 et
1893 4723 1961 4783 ραν
1986 4709 2051 4770 tent
2075 4707 2156 4768 inste
2184 4709 2215 4767 et

199 4789 375 4870 manifeste,
398 4790 506 4870 quand
528 4810 608 4854 nous
629 4810 725 4855 aomos
746 4790 808 4853 esee
824 4788 1180 4872 appeteedtaeoynois-
1231 4788 1395 4871 eqnitabde,
1424 4793 1453 4854 et
1480 4789 1560 4870 qn‘d
1586 4790 1728 4855 n’cacede
1749 4789 1843 4870 point
1871 4809 1992 4854 mesnre
2023 4811 2062 4855 en
2088 4793 2153 4854 taut
2180 4807 2212 4854 ce

201 4895 294 4940 sance
313 4876 352 4940 de
372 4873 460 4940 Dien
474 4896 540 4956 ραν
562 4875 596 4941 ta
612 4876 809 4956 predication
827 4876 865 4941 de
884 4873 1071 4958 t'Evanqile.
1208 4874 1309 4957 -qn'it
1327 4874 1398 4958 fait.

293 4959 347 5040 Or,
375 4980 440 5026 mes
463 4960 578 5042 freres,
610 4962 640 5025 ie
670 4980 747 5026 oons
779 4961 903 5024 catorte
935 4965 964 5024 et
995 4961 1179 5038 admoneste,
1320 4961 1425 5041 Qnant
1445 4960 1467 5025 ὰ
1486 4979 1563 5027 cena
1585 4960 1779 5042 anioentent
1794 4959 1967 5026 maintenir
1987 4959 2022 5025 ta
2042 4957 2153 5024 instice
2174 4956 2213 5024 de

201 5049 307 5110 entant
327 5046 419 5127 qn'en
439 5067 510 5129 moy
526 5052 586 5124 est,
615 5067 673 5126 qne
692 5066 770 5111 oens
786 5047 916 5127 prenier
940 5048 1039 5127 narde
1061 5047 1082 5110 ὰ
1103 5064 1181 5111 eene
1231 5045 1327 5125 Dion,
1355 5050 1384 5111 et
1400 5065 1487 5128 ρεεεν
1508 5045 1542 5111 ta
1562 5048 1734 5113 maintenir
1756 5051 1825 5114 sont
1845 5045 2019 5111 contraires
2040 5044 2062 5109 d
2083 5063 2122 5109 sa
2143 5044 2213 5111 doc·

110 5187 119 5201 .
202 5132 259 5212 qni
277 5131 398 5196 oentent
417 5132 518 5198 abotir
538 5132 732 5216 t'anneite,
760 5133 816 5213 qni
837 5138 953 5198 sement
980 5133 1034 5197 des
1053 5134 1180 5215 fansses
1230 5133 1328 5211 trine,
1356 5132 1382 5197 it
1402 5137 1447 5198 est
1471 5133 1590 5198 certain
1616 5134 1712 5216 on’its
1738 5130 1961 5197 obserereissent
1985 5136 2015 5196 et
2036 5133 2216 5198 renoersent

200 5217 372 5295 dmtrmes,
399 5219 456 5298 oni
477 5222 598 5283 mettent
620 5220 669 5302 icy
690 5219 744 5284 des
765 5237 889 5283 errems
911 5223 939 5283 et
959 5218 1106 5284 suscitent
1127 5218 1180 5282 des
1231 5222 1311 5285 tonte
1332 5218 1365 5283 ta
1385 5216 1481 5284 aerite'
1498 5218 1536 5283 dc
1557 5217 1653 5284 Dien.
1699 5216 1765 5284 Gar
1785 5236 1865 5282 nores
1893 5215 2006 5283 devores
2030 5217 2216 5286 consideret·

1098 5340 1102 5355 ,
1970 5318 2009 5372 9*
