4680 5918
174 315 235 378 861
1039 309 1104 374 Du
1127 307 1320 374 SERVE'P.
2123 315 2186 376 862

174 509 214 566 ut
236 501 444 584 adoptionem
466 499 651 583 percipiens
672 500 732 563 fiat
752 499 840 564 filius
860 497 935 564 Dei.
978 497 1020 563 In
1044 496 1158 561 eodem
1180 503 1244 582 [so
1266 518 1305 562 ea
1325 499 1432 563 faeere
1454 496 1533 561 dicit
1554 518 1596 562 ne
1612 497 1663 562 sit
1683 497 1821 577 ooiosus;
1852 505 1885 562 et
1906 497 2032 563 nullam
2054 497 2187 563 omuino

168 587 290 671 eapite
304 595 337 651 et
359 586 524 670 duplioem
551 587 622 649 eius
649 583 895 668 generationem
922 583 1026 667 ponit.
1071 582 1157 646 Item
1209 584 1319 648 Deum
1351 583 1520 648 eharitatis
1556 583 1677 649 habere
1716 583 2010 649 considerationem
2044 584 2188 649 affirmat

175 673 289 738 eodem
317 673 425 756 eapite
453 675 494 735 20
516 669 733 749 ostendimus,
766 670 931 752 quianon
952 677 1031 734 tuno
1053 668 1158 750 eoepit
1209 668 1429 734 Melanohton.
1486 668 1593 734 Orode
1620 669 1719 747 mihi,
1750 667 1982 734 intollerabilia
2008 678 2087 735 eunt
2113 669 2186 748 ista,

173 758 263 824 filius
284 758 349 822 Dei
370 758 516 822 existens
537 755 624 839 apud
644 765 781 839 patrem.
832 754 898 822 Ubi
921 754 1040 838 ubique
1062 774 1157 836 aper·
1207 774 1304 837 quam
1328 774 1465 838 eaquae
1487 775 1548 837 ego
1570 753 1640 820 dieo
1662 763 1697 818 et
1716 755 1820 818 maior
1839 753 1893 821 hie
1911 755 2096 820 animarum
2113 775 2188 838 per-

174 843 300 909 tissima
334 843 473 909 verbum
500 842 565 906 Dei
598 862 635 906 re
667 842 739 923 ipsa
765 840 869 905 filium
896 842 1000 923 patris
1020 838 1154 915 asserit,
1207 841 1319 920 nicias,
1341 840 1517 922 praeeipue
1539 859 1614 905 oum
1644 841 1812 904 intervos
1838 839 1879 905 de
1901 839 1966 905 fide
1989 848 2187 908 vestranon

173 950 242 994 non
269 928 375 994 solum
402 926 704 1010 repraesentatione
731 926 835 993 futuri
862 926 932 991 filii.
977 927 1155 991 (laetorum
1207 934 1343 1004 oonstet,
1366 925 1461 991 aliter
1484 925 1573 989 enim
1595 925 1737 1008 propriis
1758 926 1894 990 auribus
1923 945 1943 988 a
1968 933 2002 990 te
2027 925 2186 991 declarari

173 1014 329 1079 frivolum
351 1021 410 1091 est,
432 1012 517 1095 quod
549 1011 590 1077 ab
617 1012 733 1077 ordine
762 1011 887 1095 arguis:
916 1011 993 1094 quia
1012 1012 1154 1076 Ioannes
1207 1010 1318 1076 audivi
1341 1018 1375 1076 et
1396 1011 1493 1076 aliter
1515 1031 1535 1074 a
1557 1010 1687 1077 doctore
1709 1010 1813 1075 Paulo
1835 1019 1869 1075 et
1886 1011 1982 1076 aliter
1999 1033 2019 1076 a
2035 1012 2186 1077 L‘uthero

174 1097 267 1166 dioit:
300 1099 348 1167 Ut
371 1098 544 1164 eradamus
574 1119 646 1164 esse
675 1097 786 1162 Iesum
806 1095 993 1172 Christum,
1018 1104 1062 1161 ,et
1082 1115 1155 1159 esse
1207 1105 1241 1160 et
1262 1096 1358 1161 aliter
1379 1119 1399 1162 a
1418 1095 1668 1175 Molanohtone,
1689 1104 1786 1179 teque
1807 1097 1842 1161 in
1864 1096 1959 1161 domo
1982 1104 2041 1162 tua
2061 1097 2185 1176 monui,

174 1185 280 1250 filium
307 1185 387 1249 Dei:
422 1184 516 1266 quasi
544 1193 583 1248 ut
610 1190 729 1248 unotue
756 1193 815 1261 est,
850 1185 957 1248 ita-et
980 1182 1068 1248 filius
1088 1179 1153 1244 Dei
1205 1181 1263 1247 sed
1286 1180 1401 1247 audire
1422 1181 1565 1246 noluisti.

173 1291 246 1336 esso
274 1271 431 1353 eoeperit,
460 1290 560 1352 quum
589 1269 678 1334 idem
703 1268 846 1332 Ioannes
878 1268 927 1332 ita
952 1267 1062 1350 palam
1085 1268 1155 1330 sine
1292 1268 1422 1350 Regula
1444 1276 1502 1332 tua
1523 1267 1564 1332 de
1585 1266 1761 1350 probandis
1783 1267 1951 1350 spiritibus
1973 1278 2006 1332 te
2023 1267 2107 1332 forte
2129 1267 2185 1334 de-

173 1366 229 1420 tuo
251 1355 473 1421 additamento
492 1352 591 1421 dieat:
614 1347 657 1419 In
673 1353 834 1436 prinoipio
852 1353 1098 1430 erat-Verbum,
1121 1358 1156 1415 et
1207 1353 1306 1435 oepit:
1330 1375 1406 1418 nam
1430 1353 1457 1418 si
1480 1355 1514 1417 in
1537 1362 1593 1418 tuo
1616 1354 1734 1437 spiritu
1757 1353 1801 1417 sit
1828 1353 1936 1435 aliqua
1961 1353 2101 1418 formido
2129 1362 2187 1418 aut

172 1440 322 1508 Verbum
345 1461 420 1506 earo
448 1441 571 1505 laetum
593 1448 650 1504 est
701 1440 846 1504 Domum
874 1439 960 1522 quod
990 1437 1153 1522 pollieerie
1206 1438 1360 1503 tenebrae
1388 1447 1446 1502 aut
1474 1439 1673 1505 confusionis
1701 1461 1793 1522 pars,
1817 1459 1883 1503 non
1905 1440 2028 1521 poteris
2051 1438 2091 1503 de
2112 1459 2185 1505 meo

173 1534 206 1590 te
227 1535 515 1609 perseveraturum
540 1527 577 1589 in
603 1523 667 1591 hao
695 1525 911 1601 confessione,
946 1523 1032 1607 quod
1059 1522 1155 1587 Iesus
1207 1523 1294 1590 olare
1315 1523 1468 1602 iudieam,
1492 1544 1530 1588 eo
1551 1524 1657 1607 magis
1677 1525 1753 1606 quia
1774 1524 1904 1588 etiamsi
1925 1524 1961 1588 in
1983 1545 2048 1588 uno
2071 1545 2186 1588 erran-

173 1612 216 1677 sit
236 1612 325 1677 filius
346 1611 427 1677 Dei:
452 1611 566 1677 hortor
584 1620 623 1675 ut
643 1611 777 1675 fatearis
798 1610 903 1676 filium
925 1610 990 1675 Dei
1012 1607 1153 1674 oonsub·
1206 1616 1272 1672 tem
1300 1611 1448 1687 noveris,
1481 1630 1549 1673 non
1581 1619 1755 1692 propterea
1788 1609 1954 1674 debuisses
1985 1610 2020 1673 in
2049 1610 2186 1676 caeteris

173 1697 362 1769 stantialem
390 1703 424 1762 et
452 1704 676 1774 ooaeternum,
705 1703 838 1778 propter
866 1697 1021 1764 unionem
1049 1693 1153 1772 verbi,
1205 1693 1377 1772 damnare,
1406 1715 1484 1760 nam
1505 1694 1687 1760 seeundum
1709 1695 1770 1761 hoe
1798 1715 1894 1759 nemo
1916 1704 1966 1759 est
1988 1694 2185 1772 mortalium,

173 1790 210 1847 ut
226 1805 285 1867 pro
306 1782 495 1848 Christiano
516 1789 549 1847 te
571 1783 693 1848 habere
710 1783 881 1880 possimne.
925 1780 1019 1846 Vale.

556 2108 759 2116 -.--—-——

629 2462 692 2527 111.

255 2639 383 2722 Mioh.
416 2638 584 2722 Serveti
613 2638 666 2720 ad
692 2591 1069 2748 Oeoolampadium

529 2757 739 2869 Epistola.
761 2752 787 2835 ¹)

1205 1781 1349 1862 quinon
1371 1789 1458 1845 esset
1479 1780 1596 1845 millies
1615 1780 1869 1846 oomburendus:
1906 1801 1947 1844 ex
1975 1788 2068 1864 parte
2096 1780 2185 1845 enim

1204 1886 1318 1931 omnes
1340 1866 1574 1949 eognosoimus,
1597 1873 1631 1930 ot
1648 1868 1783 1931 maximi
1803 1866 2036 1948 Apostolorum
2052 1865 2187 1931 bierunt

1205 1948 1378 2034 aliquando
1399 1952 1435 2016 in
1458 1972 1576 2026 errore,
1600 1972 1661 2018 neo
1682 1952 1869 2016 Lutherum
1887 1952 1921 2015 in
1940 1952 2076 2017 eaeteris
2095 1950 2186 2015 dam-

1205 2057 1275 2115 nas,
1298 2036 1429 2102 etiamsi
1452 2058 1528 2102 eum
1551 2058 1662 2101 errare
1684 2039 1805 2120 optime
1827 2035 1948 2113 videas,
1973 2044 2007 2100 et
2029 2058 2089 2120 ego
2111 2058 2131 2101 a
2153 2042 2187 2100 te

1205 2120 1313 2187 dooeri
1346 2122 1511 2203 petebam,
1546 2121 1632 2204 quod
1661 2129 1772 2188 tamen
1808 2142 1874 2187 non
1907 2122 2010 2187 fecisti
2043 2122 2101 2187 sed
2134 2143 2186 2187 me

1203 2205 1342 2290 prodisti
1355 2212 1378 2283 ¹)
1390 2216 1450 2272 eto.
1484 2207 1689 2273 Conditionis
1706 2208 1870 2273 humanae
1887 2229 1926 2272 ea
1941 2208 2186 2285 estinlirmitaa,

1204 2302 1243 2357 ut
1254 2294 1375 2358 nostris
1386 2294 1541 2376 exeeptis,
1554 2302 1758 2358 caeterorum
1777 2293 1913 2376 spiritus
1926 2292 2106 2359 iudioemus
2124 2295 2186 2358 im*

1204 2387 1352 2461 postores
1374 2388 1408 2443 et
1429 2379 1556 2461 impios,
1579 2399 1658 2443 uam
1679 2390 1788 2444 errata
1809 2400 1870 2443 sua
1890 2378 2002 2444 nullus
2022 2379 2185 2464 intelligit.

1205 2461 1360 2536 Secundo
1376 2472 1408 2529 te
1422 2485 1489 2547 -per
1505 2463 1616 2529 Deum
1637 2486 1703 2542 oro,
1724 2472 1763 2529 ut
1783 2464 1909 2529 nomini
1930 2484 2003 2529 meo
2025 2472 2059 2529 ot
2080 2464 2186 2529 famae

1203 2569 1328 2632 paroas.
1361 2549 1439 2614 Noli
1461 2549 1501 2614 de
1522 2548 1605 2627 aliis,
1628 2572 1711 2632 quae
1731 2556 1939 2635 praesentem
1961 2549 2186 2630 quaestionem

1204 2657 1269 2700 non
1287 2642 1498 2713 oonoernunt,
1523 2657 1655 2700 movere
1673 2635 1861 2700 tumultum.
1897 2635 2003 2701 Diois:
2029 2635 2187 2701 mavelle

1204 2720 1292 2803 quod
1307 2741 1421 2786 omues
1439 2721 1506 2786 sint
1523 2720 1667 2786 latrones
1679 2729 1712 2786 et
1723 2721 1808 2805 quod
1819 2719 1934 2785 nullus
1945 2720 1988 2784 sit
1998 2720 2186 2803 puniendus
2287 2747 2288 2751 ¹

1204 2816 1261 2871 aut
1271 2807 1532 2886 interficiendum
1545 2815 1661 2871 testem
1672 2807 1786 2872 invooo
1797 2806 2054 2889 omnipotentem
2065 2805 2185 2884 Deum,

1203 2892 1290 2977 quod
1312 2913 1377 2957 non
1398 2893 1461 2957 sim
1482 2892 1518 2956 in
1540 2891 1601 2956 hae
1622 2892 1801 2970 sententia,
1828 2893 1929 2956 immo
1956 2911 2029 2956 eam
2051 2891 2186 2956 omnino

256 2975 429 3057 Quantum
452 2973 554 3039 soleat
576 2975 681 3039 iratus
710 2975 839 3038 animus
854 2973 1019 3049 (maxime
1040 2973 1151 3039 iubis
1204 2977 1355 3055 detestor,
1378 2977 1436 3043 sed
1458 2979 1486 3042 ei
1508 2977 1586 3061 quid
1604 2977 1778 3060 aliquando
1801 2975 1889 3056 dixi,
1914 2985 1965 3043 est
1986 2978 2062 3060 quia
2084 2998 2186 3062 grave

56 3091 61 3099 ·
169 3061 360 3136 iudicandis,
381 3080 464 3143 qnae
487 3067 621 3125 nostrae
643 3059 873 3125 consuetudini
895 3067 928 3123 et
949 3059 1047 3124 rebus
1069 3080 1152 3142 quas
1203 3062 1286 3127 mihi
1308 3063 1481 3129 videbatur
1503 3063 1643 3129 interfiei
1665 3063 1823 3143 homines,
1852 3084 1890 3127 eo
1918 3062 2003 3145 quod
2025 3063 2062 3127 in
2085 3083 2185 3146 quae·

169 3149 361 3214 affectamus
382 3153 584 3229 repugnant)
611 3145 768 3230 caligare,
800 3146 921 3227 optime
948 3153 1026 3227 puto
1054 3146 1151 3223 nosti,
1205 3149 1312 3214 stione
1344 3149 1454 3233 aliqua
1486 3150 1572 3215 oiroa
1599 3149 1803 3216 intellectum
1832 3148 2026 3231 Soripturae
2054 3149 2123 3212 sint
2150 3148 2185 3213 in

169 3234 249 3298 dom
270 3232 368 3299 elaris
389 3231 492 3299 oeulis
514 3231 554 3296 de
577 3231 726 3296 Luthero
752 3237 786 3295 et
807 3230 879 3296 aliis
901 3228 1045 3296 iudieare
1067 3230 1151 3297 sole-
1204 3256 1329 3313 errore,
1362 3257 1437 3300 oum
1471 3236 1610 3300 soiamus
1642 3233 1843 3299 inducendos
1883 3234 1949 3298 fore
1978 3234 2013 3298 in
2041 3253 2186 3299 errorem
2242 3276 2249 3285 -

167 3320 237 3385 bas.
281 3319 334 3384 Ea
358 3328 493 3400 propter
520 3338 562 3382 ne
584 3314 790 3382 iraoundiam
819 3336 918 3399 super
946 3315 1152 3381 iraoundiam
1204 3322 1305 3385 etiam
1333 3320 1463 3387 eleetos,
1514 3318 1604 3385 Satis
1626 3319 1712 3386 nosti
1734 3340 1787 3384 me
1822 3340 1956 3386 oausam
1983 3338 2092 3384 meam
2118 3341 2184 3383 non

168 3404 229 3469 tibi
268 3405 352 3469 forte
385 3401 554 3480 adderem,
593 3402 809 3468 vehementer
847 3409 880 3467 te
916 3400 1008 3465 adire
1044 3402 1150 3481 timui,
1201 3406 1250 3471 ita
1268 3405 1536 3478 irrationabiliter
1552 3412 1703 3484 traotare,
1723 3414 1761 3469 ut
1780 3405 1843 3470 sim
1861 3425 1899 3469 eo
1917 3403 2012 3470 modo
2034 3403 2186 3470 reiioien-

168 3489 298 3555 etiamsi
321 3490 382 3554 hoo
404 3509 533 3554 summe
554 3486 749 3553 desiderem:
778 3495 813 3552 et
834 3485 944 3565 adibo,
973 3485 1071 3552 modo
1092 3508 1150 3571 pa·
1204 3491 1273 3556 dus.
1325 3489 1399 3555 'libi
1427 3512 1494 3555 non
1522 3511 1681 3574 magnum
1702 3490 1811 3563 visum
1832 3499 1892 3569 eet,
1920 3488 2007 3571 quod
2029 3490 2185 3575 angelum

169 3575 271 3642 tiarie.
315 3572 396 3640 Sine
417 3581 527 3638 autem
550 3572 608 3638 abs
636 3579 669 3638 te
690 3572 753 3639 hoo
775 3593 881 3638 unum
902 3594 1026 3655 preoer,
1048 3580 1086 3637 ut
1106 3594 1151 3638 ne
1202 3576 1406 3642 intellexeris
1437 3574 1600 3660 Spiritum
1635 3573 1795 3641 Sanctum
1824 3585 1858 3640 et
1890 3575 1975 3656 mihi
2003 3577 2066 3640 erit
2093 3596 2185 3658 mag·

168 3680 222 3726 me
243 3659 428 3743 prohibeas,
450 3658 551 3724 libros
574 3678 655 3741 quos
676 3659 743 3722 iam
761 3658 815 3724 hio
836 3658 942 3724 habeo
961 3665 1094 3741 paratos
1115 3659 1150 3723 in
1201 3683 1283 3727 num
1304 3662 1441 3740 faoinus,
1464 3661 1549 3746 quod
1572 3661 1739 3726 hominem
1762 3660 1867 3727 dioam
1889 3682 1960 3726 esse
1982 3661 2087 3726 filium
2110 3662 2183 3727 Dei.

169 3744 312 3811 Galbam
334 3746 475 3824 mittere,
502 3765 578 3810 oum
599 3744 727 3808 instant
754 3743 922 3809 nundinae
943 3743 1149 3828 Lugdunen·
1199 3746 1294 3812 Vale.
1687 3781 1691 3787 ·

168 3853 235 3896 ses:
269 3831 331 3896 hoo
363 3831 452 3895 enim
483 3830 543 3896 tibi
569 3830 675 3913 magis
703 3828 856 3895 eondueit
883 3850 983 3912 quam
1012 3831 1151 3896 eaeteris

167 3916 241 3982 aliis
263 3916 325 3999 *qui
346 3915 383 3979 in
401 3915 479 3979 orbe
497 3922 576 3979 sunt
592 3913 751 3980 inauditis
772 3917 971 3980 sententiam
989 3915 1149 3998 proferre:

169 4003 252 4068 etsi
281 4002 341 4066 tibi
370 4000 523 4066 videatur
550 4000 665 4065 utilius
691 4021 743 4065 me
770 4021 836 4065 non
865 3999 919 4067 hio
947 4022 1149 4083 permanere,

167 4088 240 4153 sine
262 4087 361 4152 dubio
383 4085 549 4164 reoedam,
578 4085 674 4151 modo
701 4106 745 4150 ne
772 4091 868 4168 putes
893 4107 948 4156 me
970 4106 1043 4151 esse
1064 4087 1149 4171 fugi-

166 4173 281 4238 tivum.
334 4172 428 4238 Deus
457 4171 546 4237 enim
574 4171 683 4250 novit,
718 4171 951 4237 oonsoientiam
978 4192 1086 4238 meam
1113 4173 1150 4236 in

166 4259 319 4323 omnibus
341 4277 423 4341 quae
445 4257 562 4341 aoripsi
583 4257 684 4322 fuisse
703 4277 832 4335 sanam,
861 4257 988 4323 etiamsi
1009 4264 1046 4321 tu
1068 4257 1151 4322 forte

167 4349 303 4426 propter
336 4342 438 4407 orode
466 4364 541 4408 mea
571 4341 673 4408 verba
707 4343 892 4424 oppositum
928 4341 1150 4420 arbitraberis,

168 4428 226 4494 eed
249 4425 308 4492 tibi
330 4447 454 4506 causas,
478 4429 506 4492 ei
527 4427 670 4493 libenter
697 4427 829 4506 audias,
859 4448 1030 4511 exponam.
1079 4427 1149 4493 Neo

167 4513 438 4580 Lutheranorum
460 4513 593 4578 nomine
619 4521 654 4579 te
674 4514 724 4578 ita
745 4514 893 4598 graviter
916 4510 1150 4579 offendendum

166 4600 293 4682 putavi,
315 4598 491 4682 praecipue
513 4620 586 4664 eum
609 4621 651 4663 ex
671 4621 727 4664 ore
750 4608 807 4665 tuo
828 4597 998 4678 audierim,
1020 4598 1149 4664 Luthe·

166 4706 242 4750 rum
268 4682 369 4749 erade
396 4682 497 4748 nimis
524 4683 719 4748 eharitatem
743 4692 899 4765 traotare,
927 4685 1031 4750 solum
1061 4685 1150 4749 enim
1201 4726 1202 4729 =

1823 3832 1967 3898 Miohael
1990 3830 2139 3901 Serveto.

168 4909 374 4919 »ῳ-

237 5008 265 5070 1)
286 5007 374 5088 Ιιιιρν.
393 5007 537 5090 Epistulae
553 5007 589 5061 ob
607 5005 749 5088 Ecclesiae
758 5006 900 5064 Helvetiae
912 5007 1150 5074 Reformatorrbas

167 5077 264 5200 tid
281 5075 608 5215 ttftttlfftlttt·
621 5075 1009 5204 pnefflgemegwffl
1023 5077 1150 5202 blla
1202 5099 1407 5111 “”““’““

165 5232 195 5283 p.
213 5212 266 5267 392
284 5229 307 5268 a
1245 5267 1248 5274 ,
1272 5216 1302 5284 1)
1322 5218 1368 5272 eie.
1404 5215 1559 5286 Lependum
1576 5231 1633 5272 esse
1648 5216 1772 5271 ridetur:
1788 5213 1939 5283 prodidisti.
