4800 5902
239 12 247 91 i
1476 54 1583 90 cum-2

224 98 262 270 ll
1000 141 1065 207 nn
1087 138 1309 208 manans
1329 136 1414 204 nn1
1582 91 1954 210 mmm-Q

1953 210 2065 248 im..

2052 246 2139 273 Q

2138 272 2362 359 ιοι-ῚῊἾ,

206 331 350 496 Quorum
377 331 580 400 virulentam
600 327 762 395 malitiam
790 335 948 413 expertos
975 336 1063 406 erat,
1093 328 1187 394 dicit:
1239 326 1353 409 paucis
1381 327 1524 394 conferri
1552 328 1711 413 gratiam,
1744 347 1827 411 quae
1854 325 2007 393 omnibus
2039 347 2081 392 ex
2110 346 2215 410 aequo

208 460 210 462 ν
241 440 303 486 ene
331 418 468 502 spiritus
496 424 630 482 sanctus
651 414 807 498 loquutus
829 421 880 479 est
907 433 968 495 per
989 433 1027 479 os
1047 413 1187 479 Iesaiae:
1238 412 1355 495 negari
1393 413 1465 478 iura
1495 420 1633 496 poterat
1684 414 1741 478 An
1774 411 1919 478 dicemus
1954 410 2017 475 sibi
2050 413 2217 495 apostolos

198 496 357 588 ,lateribus
374 502 526 580 audietis,
545 508 580 565 et
596 521 665 564 non
683 499 887 582 intelligetis:
907 506 1040 564 accusat
1056 496 1188 581 quidem
1239 517 1454 580 comparasse,
1476 497 1563 580 quod
1583 497 1648 562 illis
1670 497 1786 562 datum
1807 517 1880 563 esse
1901 496 2018 563 asserit
2027 496 2214 564 Dominus?

192 608 263 668 pecs
290 597 329 654 ut
355 587 448 671 digni
475 593 562 652 sunt.
608 583 677 652 Sed
705 603 880 666 perperam
908 581 985 648 inde
1012 604 1050 649 ae
1071 584 1188 648 inscite
1239 581 1309 647 Nec
1348 582 1468 648 leviter
1506 582 1781 665 praetereundum
1821 589 1886 660 est,
1930 580 2017 665 quod
2056 582 2218 667 mysteria

205 675 342 758 colliget
362 671 537 756 quispiam,
560 668 787 737 obdurationis
809 669 941 734 initium
959 667 1001 733 ab
1017 667 1077 732 illa
1092 667 1188 734 mali·
1241 666 1395 750 appellat,
1417 687 1500 751 quae
1521 666 1610 750 apud
1630 669 1719 751 ipsos
1740 667 1912 752 eloquitur.
1952 667 1998 732 llt
2019 675 2108 734 certe
2129 668 2218 734 nihil

178 751 255 834 itia
282 779 368 838 esse,
396 757 489 841 quasi
517 777 584 821 non
610 755 716 838 ipsius
742 753 888 819 malitiae
916 753 1075 820 occultior
1102 760 1190 819 esset
1240 761 1292 816 est
1328 752 1362 816 in
1395 759 1466 818 tota
1498 753 1661 835 spirituali
1694 753 1858 832 doctrina,
1893 750 1981 837 quod
2018 774 2083 818 non
2116 753 2217 838 longe

171 855 177 924 l
208 866 321 923 causa,
345 850 485 909 naturae
512 841 694 924 corruptio:
728 838 823 922 quasi
843 839 945 904 etiam
966 859 1034 902 non
1055 836 1130 903 ideo
1152 838 1187 902 in
1240 846 1374 918 superet
1405 839 1526 903 mentis
1557 847 1690 904 nostrae
1716 847 1865 921 captum,
1895 837 2072 921 proculque
2100 840 2216 922 fugiat

162 918 177 1033 Γ
207 930 413 1012 corruptione
451 926 594 992 demersi
632 931 821 1002 manerent,
857 925 934 1007 quia
969 944 1089 989 arcam
1121 920 1188 986 Dei
1240 920 1352 1002 Quare
1373 943 1435 988 nec
1453 921 1521 988 ulla
1541 922 1719 989 verborum
1740 922 1920 1008 quamlibet
1946 923 2089 988 dilucida
2108 945 2148 989 ex
2175 924 2217 989 li·

161 1036 167 1083 5:
208 1016 355 1094 con‘silio,
405 1019 584 1096 antequam
632 1017 864 1087 nascerentur,
918 1008 1064 1093 reprobi,
1119 1028 1187 1073 non
1238 1006 1323 1072 catio
1345 1008 1502 1087 sufficiet,
1531 1008 1596 1074 nisi
1618 1010 1754 1092 spiritus
1775 1030 1835 1075 nos
1856 1009 1954 1075 simul
1977 1008 2100 1074 doceat.

150 1103 157 1184 Γ
204 1107 377 1166 eruuntur.
391 1099 417 1181 ¹)
1240 1091 1396 1158 Christus
1429 1094 1492 1159 hoe
1524 1114 1652 1177 quoquc
1684 1103 1845 1178 tanquam
1883 1113 1977 1159 rarae
2014 1093 2217 1178 dignationis

292 1185 392 1250 Nunc
419 1182 581 1247 Ioannem
603 1178 798 1257 audiamus,
832 1178 889 1261 qui
917 1179 1053 1243 minime
1083 1176 1187 1242 ambi·
1239 1177 1360 1260 pignus
1374 1177 1400 1262 ¹)
1421 1180 1608 1263 magnifieri
1629 1179 1704 1246 vult
1725 1200 1745 1243 a
1766 1181 1833 1244 suis
1856 1179 2040 1262 discipulis,
2068 1177 2157 1262 quod
2179 1181 2217 1246 in

138 1272 147 1359 5³³
208 1291 293 1355 guus
314 1269 410 1334 nobis
428 1268 492 1332 erit
508 1267 673 1349 interpres
693 1265 799 1347 (Ioan.
816 1269 863 1343 12,
883 1267 923 1327 37
936 1271 1049 1413 seqq).
1072 1261 1186 1344 Quum
1239 1270 1377 1327 externa
1397 1261 1535 1330 docendi
1554 1265 1696 1341 ratione,
1719 1265 1889 1330 hominum
1910 1264 2011 1349 vulgo
2037 1286 2093 1330 eos
2118 1287 2216 1348 prae-

130 1349 137 1439 l
206 1356 314 1422 multa
331 1355 428 1438 signa
444 1353 576 1417 fecisset
592 1352 697 1427 Iesus,
715 1349 831 1433 inquit,
849 1369 917 1412 non
934 1368 989 1415 cre
1013 1348 1125 1414 ebant:
1148 1356 1188 1413 ut
1238 1347 1331 1413 ferat.
1354 1347 1554 1433 Quanquam
1570 1349 1735 1434 gradatim
1756 1349 1798 1415 ad
1820 1349 1987 1433 singulare
2008 1349 2090 1415 illud
2110 1353 2217 1435 privi-

122 1459 137 1531 Γ
208 1458 316 1508 sermo
334 1439 460 1504 Iesaiae
479 1437 546 1520 (53,
568 1435 602 1520 1)
617 1435 826 1517 impleretur:
848 1434 1001 1512 Domine,
1025 1434 1098 1517 quis
1116 1454 1186 1499 ore·
1238 1432 1365 1517 legium
1392 1455 1447 1500 eos
1471 1434 1617 1514 deducit,
1647 1457 1712 1518 quo
1738 1456 1817 1501 vere
1839 1434 2009 1502 domestici
2035 1435 2077 1500 ab
2099 1437 2217 1503 alienis

207 1524 291 1590 didit
313 1523 442 1590 auditui
464 1530 587 1601 nostro,
610 1526 644 1585 ct
666 1519 837 1585 brachium
858 1519 995 1584 Domini
1017 1520 1070 1585 cui
1092 1540 1186 1585 reve·
1239 1515 1408 1584 differunt:
1441 1540 1561 1603 nempe
1587 1528 1625 1585 nt
1653 1519 1812 1586 divinitus
1839 1519 1960 1599 edocti,
1987 1540 2070 1604 quae
2098 1521 2218 1588 altiora

110 1596 127 1689 i'
205 1611 312 1676 latum
340 1608 413 1675 est?
445 1614 621 1691 propterea
648 1625 714 1670 non
746 1610 902 1687 poterant
926 1604 1073 1683 credere,
1110 1608 1188 1688 quia
1239 1612 1317 1669 sunt
1338 1626 1436 1670 sensu
1459 1606 1578 1683 carnis,
1599 1606 1887 1689 comprehendant
1927 1605 2058 1671 Clamat
2076 1605 2216 1672 subinde

102 1700 116 1778 f
204 1696 326 1761 iterum
349 1694 434 1759 dixit
455 1694 501 1777 (6,
526 1697 576 1769 9);
606 1691 809 1756 Excaecavit
829 1688 939 1756 oculos
960 1690 1101 1769 illerum,
1124 1698 1185 1755 etc.
1239 1688 1408 1755 Christus:
1432 1690 1499 1773 Qui
1517 1690 1618 1756 habet
1638 1712 1735 1757 aures
1756 1690 1922 1769 audiendi,
1945 1691 2057 1756 audiat
2078 1692 2217 1774 (Matth.

98 1777 107 1854 i
205 1781 272 1848 Hic
294 1787 382 1845 certe
412 1799 479 1843 non
501 1783 739 1843 commemorat
759 1775 918 1854 Ioannes,
941 1795 1000 1841 suo
1022 1776 1103 1841 vitio
1125 1777 1186 1839 im·
1244 1778 1293 1852 13,
1317 1779 1352 1855 93
1381 1776 1463 1840 Luc.
1487 1780 1521 1852 8,
1551 1776 1596 1859 8).
1642 1775 1771 1857 Quibus
1798 1776 1907 1842 verbis
1934 1798 1998 1841 non
2021 1783 2153 1843 tantum
2175 1779 2217 1844 ab

87 1844 103 1958 i
203 1866 333 1950 peditos
355 1885 427 1930 esse
444 1861 598 1940 Iudaeos,
622 1882 665 1926 ne
682 1860 864 1926 crederent.
888 1859 986 1941 Quod
1003 1862 1067 1926 etsi
1083 1863 1186 1928 veris-
1241 1860 1372 1944 ignavis
1399 1860 1605 1926 auditoribus
1633 1871 1775 1927 attentos
1802 1860 1973 1928 discernit:
2008 1861 2065 1926 sed
2098 1862 2218 1928 surdos

78 1967 88 2072 Γ
204 1951 325 2017 simum
347 1955 431 2027 erat,
453 1947 553 2013 altius
576 1954 689 2011 tamen
713 1944 912 2011 conscendit.
959 1943 1187 2030 Spectandum
1241 1966 1313 2010 esse
1341 1945 1513 2030 intelligit,
1548 1946 1666 2029 quibus
1695 1966 1791 2012 aures
1820 1968 1888 2011 non
1915 1954 1993 2012 sunt
2025 1947 2218 2013 aDomino

82 2065 87 2099 ·;
203 2036 291 2102 enim
314 2041 366 2100 cst
387 2035 459 2099 eius
477 2032 662 2098 consilium.
689 2029 805 2096 Rudes
821 2041 856 2095 et
872 2031 1020 2096 infirmos
1037 2037 1111 2111 [pag.
1132 2034 1187 2109 73]
1238 2031 1425 2114 perforatae
1452 2030 1553 2112 (Psal.
1583 2036 1640 2110 40,
1671 2033 1715 2117 7).
1760 2031 1856 2113 Quod
1883 2032 2078 2098 beneficium
2105 2032 2218 2099 David

66 2084 87 2223 [⁹
201 2142 268 2187 non
290 2120 410 2186 leviter
433 2117 605 2196 turbabat,
634 2138 736 2200 quum
764 2114 930 2194 audirent,
964 2116 1097 2182 Christe
1120 2137 1186 2180 non
1240 2116 1342 2181 totius
1364 2116 1520 2182 ecclesiae
1542 2117 1677 2183 nomine
1698 2116 1889 2201 celebrat.²)
1928 2117 2003 2182 Non
2026 2138 2082 2182 ero
2101 2119 2152 2182 sin
2202 2154 2218 2168 ·

61 2211 77 2282 rs
140 2248 142 2252 -
200 2207 303 2273 fuisse
331 2204 441 2271 locum
468 2205 504 2268 in
533 2201 653 2287 populo
674 2202 749 2267 Dei.
792 2200 998 2283 Respondet,
1026 2223 1094 2267 non
1116 2222 1186 2267 cre·
1240 2201 1281 2266 lis
1303 2199 1508 2267 excutiendis
1530 2200 1684 2286 longior.'
1713 2200 1854 2268 Summa
1880 2202 1963 2267 haec
1992 2202 2049 2267 sit:
2090 2201 2127 2267 Si
2185 2205 2217 2268 ei

202 2292 296 2370 dere,
332 2291 397 2355 nisi
430 2288 553 2372 quibus
587 2287 702 2352 datum
730 2294 794 2351 est:
827 2307 950 2370 paucos
972 2295 1082 2353 autem
1105 2308 1186 2365 esse,
1240 2287 1403 2370 spiritum,
1425 2287 1482 2370 qui
1504 2307 1564 2370 per
1585 2287 1748 2370 apostolos
1769 2287 1924 2371 loquutus
1946 2295 2006 2365 est,
2034 2287 2217 2371 prophetae

200 2376 319 2461 quibus
360 2374 536 2440 brachium
577 2393 676 2438 suum
715 2370 839 2437 revelet
873 2371 974 2437 Deus.
1031 2373 1186 2437 Alterum
1239 2373 1454 2456 interpretem
1478 2372 1697 2453 admittimus,
1725 2393 1883 2439 arcanum
1910 2379 1945 2439 et
1965 2373 2217 2455 incomprehen-

199 2469 314 2545 postea
337 2459 544 2537 vaticinium,
567 2457 608 2524 de
630 2477 694 2540 quo
711 2478 800 2522 nunc
816 2458 958 2522 vertitur
975 2459 1129 2541 quaestio,
1152 2458 1186 2521 in
1241 2456 1334 2522 sibile
1357 2462 1431 2536 [pag.
1456 2462 1511 2537 75]
1535 2457 1598 2523 Dei
1622 2456 1793 2537 iudicium,
1819 2458 1899 2523 dum
1921 2459 2077 2524 maiorem
2098 2477 2142 2540 po
2165 2458 2216 2522 uli

201 2544 344 2612 eundem
371 2547 474 2609 finem
503 2543 631 2607 attexit.
678 2542 725 2607 Et
751 2561 910 2626 magnum
938 2542 1039 2608 habet
1059 2542 1187 2626 pondus
1239 2551 1366 2625 partem
1396 2550 1562 2622 excaecat,
1601 2564 1644 2608 ne
1676 2543 1788 2609 videat
1815 2542 1972 2624 videndo,
2008 2541 2131 2609 adoran
2157 2563 2216 2607 um

201 2631 290 2716 quod
323 2631 458 2708 inserit,
494 2649 563 2693 non
597 2625 745 2711 potuisse
776 2628 865 2710 ipsos
897 2626 1039 2693 credere.
1090 2628 1186 2692 Nune
1240 2649 1320 2693 esse.
1363 2627 1503 2694 Cessent
1535 2628 1590 2693 hie
1622 2650 1834 2713 quaecunque
1862 2628 1957 2694 nobis
1995 2630 2029 2693 in
2068 2636 2216 2693 mentem

201 2716 417 2801 quantumvis
435 2736 471 2780 se
489 2720 668 2796 torqueant
685 2713 844 2792 homines,
863 2711 1062 2779 discriminis
1076 2720 1187 2778 tamen
1239 2715 1352 2780 venire
1390 2720 1531 2798 possunt
1563 2715 1716 2780 rationes.
1741 2715 1852 2781 .Nam
1890 2714 1918 2779 si
1957 2715 1993 2780 in
2027 2713 2215 2779 hominibus

202 2821 317 2880 eausa,
358 2822 419 2868 cur
450 2798 623 2866 brachium
657 2818 755 2863 suum
793 2819 861 2863 non
900 2800 1054 2865 omnibus
1093 2799 1187 2865 Deus
1239 2798 1431 2880 haeremus,
1471 2798 1615 2883 primum
1641 2808 1729 2866 certe
1756 2800 1818 2867 hoc
1846 2801 1925 2879 erit,
1953 2800 2134 2865 Dominum
2156 2820 2215 2883 pe-

201 2887 344 2966 revelet,
378 2883 570 2952 abscondita
602 2884 686 2949 latet
717 2884 754 2947 in
781 2892 914 2949 aeterne
946 2885 1018 2950 eius
1046 2885 1185 2951 decreto.
1239 2885 1386 2950 tentibus
1407 2884 1588 2950 liberaliter
1610 2884 1703 2951 dare:
1732 2886 1814 2951 alios
1831 2886 1998 2951 tabescere
2012 2885 2061 2950 'in
2082 2903 2143 2949 sua
2162 2886 2215 2948 in·

201 2971 291 3041 Sane
314 2971 404 3037 aliud
428 2970 534 3037 voluit
556 2969 778 3054 evangelista,
801 2990 900 3053 quam
922 2969 1022 3034 fidem
1046 2970 1187 3053 speciale
1239 2971 1328 3053 opia,
1358 2971 1453 3036 cuius
1481 2970 1665 3036 remedium
1691 2992 1760 3036 non
1786 2978 1958 3053 quaerunt
2003 2970 2120 3053 Atqui,
2148 2968 2214 3034 nisi

201 3080 272 3125 esse
295 3057 437 3135 donum,
470 3063 504 3121 et
538 3055 688 3120 altiorem
722 3075 794 3121 esse
823 3054 950 3120 Christi
980 3055 1186 3138 sapientiam,
1238 3063 1411 3121 succurrat
1448 3055 1536 3138 qnod
1580 3057 1628 3120 ait
1665 3057 1929 3141 Augustinus,⁸)
1974 3055 2103 3122 divinae
2141 3075 2214 3120 esse

201 3165 299 3229 quam
333 3150 372 3207 ut
405 3142 466 3207 snb
500 3140 665 3206 humanos
698 3159 815 3205 sensus
846 3140 956 3221 cadat,
994 3162 1038 3205 ne
1069 3139 1186 3204 mundi
1238 3138 1473 3207 beneficentiae
1494 3160 1562 3206 nen
1584 3150 1715 3207 tantum
1742 3149 1780 3207 ut
1807 3143 1982 3226 aperiatur
1994 3139 2214 3225 pulsantibus,
2331 3180 2332 3184 =

199 3227 418 3296 incredulitas
442 3248 503 3292 nos
527 3225 702 3310 percellat,
725 3225 754 3291 si
776 3224 906 3308 quando
928 3225 983 3290 vel
1006 3225 1187 3291 acutissimi
1238 3224 1417 3291 sedetiam
1444 3234 1483 3291 ut
1502 3227 1672 3309 pulsemus
1701 3234 1735 3293 et
1760 3235 1925 3311 petamus:
1958 3225 2106 3292 nondum
2135 3226 2215 3290 satis

201 3313 364 3381 deficiant.
389 3313 482 3397 Ergo
490 3313 521 3394 ²)
544 3312 620 3386 nisi,
643 3309 731 3395 quod
752 3310 956 3396 evangelista
977 3332 1019 3376 ex
1039 3312 1186 3395 professo
1237 3318 1316 3376 nota
1336 3320 1388 3376 est
1408 3311 1512 3390 nobis,
1535 3334 1600 3396 qua
1619 3311 1806 3379 laboramus
1827 3314 1947 3397 inopia.
1975 3310 2032 3377 Ad
2052 3310 2214 3377 auxilium

200 3398 389 3477 contendit,
422 3397 558 3463 eludere
590 3396 688 3461 libet:
728 3394 815 3478 quod
847 3397 944 3478 pauci
976 3397 1186 3482 evangelium
1238 3396 1267 3460 si
1289 3396 1438 3475 venitur,
1462 3398 1667 3481 experientia
1684 3400 1815 3476 evincit,
1833 3420 1900 3464 non
1917 3395 2069 3463 omnibus
2085 3397 2214 3479 exposi-

200 3484 376 3567 recipiunt,
399 3481 615 3548 statuendum
634 3488 687 3545 est
702 3480 781 3545 inde
797 3480 949 3563 pendere,
971 3482 1048 3565 quia
1063 3484 1188 3548 frustra
1238 3490 1308 3547 tem
1330 3503 1402 3548 csse
1423 3482 1514 3547 illam
1537 3484 1673 3567 spiritus
1694 3485 1860 3562 virtutem,
1883 3503 1949 3567 qua
1970 3484 2010 3547 fit
2031 3481 2119 3565 quod
2141 3481 2213 3546 fieri
2297 3545 2300 3557 ,

202 3569 347 3634 exterior
379 3569 468 3633 vocis
497 3587 600 3632 sonus
635 3585 733 3631 aures
759 3565 927 3645 verberat,
961 3568 1063 3634 donee
1095 3567 1187 3633 intus
1237 3575 1372 3651 oportet.
1417 3568 1524 3633 Nemo
1550 3590 1586 3634 se
1615 3569 1710 3636 vanis
1736 3569 1904 3635 blanditiis
1929 3567 2031 3633 fallat
2076 3565 2144 3647 Qui
2171 3565 2213 3630 ad

91 3682 96 3689 ·
201 3653 301 3720 corda
322 3654 417 3719 Deus
439 3652 594 3736 tetigerit.
1237 3653 1410 3718 Christum
1442 3653 1616 3733 accedunt,
1650 3655 1718 3719 iam
1749 3655 1810 3720 filii
1842 3655 1906 3720 Dei
1945 3660 2042 3719 erant
2073 3653 2109 3718 in
2141 3650 2213 3716 eius
2287 3658 2290 3683 l

288 3737 434 3804 Diversa
455 3736 562 3801 tribus
585 3735 721 3818 reliquis
743 3757 826 3801 evan
870 3737 956 3802 listis
978 3738 1115 3822 (Matth.
1137 3741 1185 3817 13,
1238 3737 1348 3817 corde,
1371 3742 1528 3822 quumin
1550 3762 1586 3805 se
1608 3739 1719 3806 hostes
1740 3748 1864 3807 essent:
1893 3746 1928 3804 et
1948 3740 2024 3823 quia
2044 3736 2213 3820 praeordi-

203 3829 240 3889 11
253 3849 261 3904 ;
295 3824 399 3889 Marc.
421 3827 458 3902 4,
492 3825 528 3884 12
536 3845 545 3900 ;
579 3821 662 3886 Luc.
685 3825 722 3900 8,
749 3823 804 3905 10)
862 3824 936 3890 uius
969 3823 1090 3890 citandi
1122 3823 1186 3888 loci
1238 3825 1307 3888 nati
1335 3832 1431 3888 erant
1458 3823 1500 3890 ad
1528 3825 1646 3905 vitum,
1675 3826 1809 3892 Christo
1832 3824 1900 3890 dati
1922 3824 2045 3905 sunt⁴)
2089 3821 2212 3904 Quare,

203 3910 331 3976 occasio
353 3908 424 3974 luit.
470 3906 663 3989 Discipulos
685 3928 762 3972 suos
783 3907 851 3973 illic
868 3910 1010 3974 secernit
1031 3909 1185 3975 Christus
1237 3916 1277 3972 ut
1303 3908 1446 3974 fideliter
1474 3919 1587 3975 monet
1619 3912 1883 3996 Augustinus,⁶)
1915 3931 1951 3976 se
1980 3910 2106 3994 gratim
2132 3927 2214 3973 vasa

202 4017 223 4061 a
251 3994 352 4078 vulgo
385 3993 570 4059 hominum.
623 3991 748 4057 Datum
781 3993 849 4058 illis
877 4016 949 4060 esse
976 3995 1184 4078 pronunciat,
1238 4015 1309 4059 esse
1342 3995 1567 4074 meminerint,
1602 4017 1668 4061 non
1700 3999 1909 4062 meritorum:
1949 3993 2080 4079 quando
2105 3994 2214 4078 gratia

202 4101 298 4145 nosse
321 4079 417 4163 regni
438 4077 589 4143 coelestis
609 4079 785 4161 mysteria,
818 4100 854 4144 se
876 4101 954 4146 vero
986 4079 1074 4161 loqui
1096 4077 1185 4162 apud
1237 4078 1303 4144 illis
1325 4099 1422 4144 omne
1441 4082 1597 4146 meritum
1615 4089 1674 4147 est.
1696 4082 1766 4148 Nec
1787 4082 1851 4148 alia
1872 4101 1934 4146 nos
1951 4080 2095 4165 cognitio
2111 4079 2212 4156 iuvet,
2253 4138 2256 4145 ,

202 4164 284 4230 alios
312 4166 346 4230 in
373 4163 557 4247 parabolis,
591 4172 630 4226 ut
662 4164 832 4231 audientes
864 4186 931 4229 non
959 4165 1111 4243 audiant,
1150 4170 1185 4228 et
1237 4186 1335 4248 quam
1357 4185 1441 4247 quae
1460 4164 1677 4232 admiratione
1699 4167 1881 4234 claudatur.
1910 4166 2055 4232 Rideant
2075 4185 2137 4230 nos
2157 4163 2214 4247 qui

203 4270 309 4316 sermo
341 4248 470 4316 Iesaiae
501 4247 687 4330 impleatur.
738 4249 832 4330 Quos
862 4250 1077 4333 aenigmatice
1104 4249 1184 4315 allo-
1236 4250 1364 4315 volent:
1392 4250 1489 4316 modo
1517 4254 1643 4336 stupori
1671 4261 1785 4320 nostro
1806 4252 1901 4319 Deus
1925 4274 1944 4317 ο
1966 4250 2055 4317 οοοΙο
2077 4254 2213 4327 annuat,
2245 4285 2246 4288 π

203 4343 324 4419 quutus
347 4343 399 4400 est
420 4334 579 4400 Christus
607 4333 679 4398 sine
700 4337 867 4418 profectu,
889 4334 1044 4419 indignos
1066 4335 1183 4399 maiori
1237 4345 1271 4401 et
1293 4336 1403 4420 angeli
1425 4337 1634 4421 applaudant
2235 4384 2236 4408 ι

201 4421 276 4487 luce
303 4421 406 4486 luisse
433 4442 500 4486 non
523 4439 608 4502 nege
632 4424 701 4498 [pag
732 4424 803 4499 741:
843 4419 901 4486 sed
926 4440 1006 4505 rogo
1028 4420 1183 4497 vicissim,
1323 4421 1421 4488 Nunc
1453 4443 1536 4506 quae
1564 4445 1605 4490 ex
1632 4423 1745 4509 Pighii
1777 4423 1910 4491 obiectis
1939 4420 2064 4505 aliquid
2096 4419 2214 4503 eoloris

199 4527 266 4591 quo
293 4508 412 4571 merito
446 4506 614 4591 digniores
643 4503 767 4569 fuerint
792 4504 947 4587 apostoli,
980 4526 1062 4590 qnos
1090 4505 1184 4570 lami·
2218 4516 2223 4530 '¹

200 4589 331 4657 liariter
366 4591 522 4658 Christus
562 4589 731 4655 admittit?
786 4588 955 4657 Statuitur
993 4591 1183 4658 antithesis:

1305 4694 1336 4758 1)
1353 4694 1491 4764 privilege.

1304 4761 1336 4827 2)
1374 4780 1409 4817 ue
1427 4763 1517 4818 David
1534 4771 1655 4821 mansue
1672 4770 1745 4819 estre
1763 4763 1893 4834 singolier
1909 4778 1963 4818 aux
1981 4761 2077 4818 eniam
2093 4761 2128 4818 de
2164 4764 2170 4776 ’

273 4830 304 4895 1)
322 4828 390 4884 Vide
408 4829 480 4898 Aug.
490 4827 542 4908 hb.
560 4827 595 4881 ad
613 4825 703 4880 Bonis.
721 4825 740 4878 il
756 4841 816 4897 cap.
835 4828 860 4884 6.
1304 4830 1335 4895 3)
1356 4780 1397 4885 ile
1416 4830 1488 4886 bono
1505 4847 1642 4900 persever.
1660 4847 1720 4902 cap.
1737 4831 1780 4888 28.

272 4897 303 4964 2)
322 4898 449 4991 Parquoy
471 4912 498 4977 ,⁸¹
523 4910 595 4976 nous
616 4910 650 4949 ne
675 4895 792 4951 voulons
812 4912 884 4952 nous
904 4912 1034 4967 mocquer
1056 4899 1182 4953 anostra
1303 4898 1719 4972 bardongauenses
1748 4909 1777 4956 et
1802 4902 1889 4970 gratia
1917 4915 1977 4970 cap
1999 4897 2025 4953 b.
2063 4898 2130 4955 lbid

201 4967 308 5022 eadent
326 4967 360 5019 de
378 4965 491 5032 lEepnt
507 4963 542 5018 de
560 4963 638 5026 Dreu,
657 4969 841 5021 controuvana
857 4967 908 5022 des
924 4965 1096 5035 subterfugere
1113 4982 1184 5036 poor
1234 4967 1299 5022 8et
1315 4967 1341 5022 9.
1954 5001 1961 5010 -
2177 4980 2183 4999 ι

201 5035 358 5103 csehspper
374 5033 410 5087 dc
428 5047 460 5085 ce
477 5046 530 5101 quc
547 5030 588 5086 dit
604 5029 800 5100 l’lirangelists
815 5040 865 5089 ete.
1304 5035 1337 5102 b)
1354 5035 1421 5092 ibid.
1439 5052 1501 5105 cap.
1520 5035 1544 5090 7.
