4800 5902
119 328 181 390 aee
306 348 308 353 ·
813 275 816 280 ⁵
881 324 1367 394 PffluDusumauIONu.
2070 335 2132 395 ass
2187 297 2190 302 ⁴

111 522 196 596 {pag
222 520 277 593 24]
300 514 450 579 doctrina
477 515 622 579 animam
643 515 761 579 inanes
788 512 932 596 undique
955 534 1102 578 errorum
1154 512 1316 596 prehendi
1338 533 1406 579 non
1428 511 1542 580 videt?
1566 512 1664 594 Quod
1681 533 1748 579 non
1770 534 1885 580 omues
1900 515 1949 580 ‘ad
1961 515 2134 584 Ohristum

119 603 219 667 flatus
241 607 426 683 penetrent.
471 600 592 677 Porro,
616 619 716 682 quam
735 619 817 666 vere
835 600 1006 681 profitear,
1035 619 1103 662 non
1154 596 1323 677 accedunt,
1346 607 1385 664 ut
1402 605 1477 679 [pag.
1491 604 1545 678 26]
1568 600 1708 664 salutem
1726 610 1977 682 cousequantur,
2001 624 2135 670 oausam

120 688 185 752 nisi
214 693 395 769 praeeunte
422 685 487 751 Dei
512 684 614 750 verbo
645 704 701 750 me
729 704 873 767 unquam
909 683 971 748 hao
998 683 1039 748 de
1066 703 1103 747 re
1154 685 1315 767 assignat:
1355 685 1434 767 quia
1461 684 1555 749 Deus
1586 705 1699 749 eorum
1732 684 1847 751 eorda
1862 687 2038 756 efficaciter
2067 712 2134 755 non

121 771 259 838 verbum
281 771 413 849 fecisse,
441 771 575 836 tametsi
596 791 638 835 ex
660 770 824 852 prioribus
849 770 932 835 meis
960 769 1101 851 seriptis,
1154 770 1271 852 tangit
1295 767 1550 835 Oonversiouem
1574 771 1717 835 hominis
1740 790 1781 835 ex
1803 773 1949 855 gratuita
1964 774 2027 837 Dei
2050 775 2160 842 ο1οο··

122 880 160 924 ac
181 856 379 940 praesertim
401 877 443 920 ex
464 877 539 921 mea
560 855 773 922 Institutione
794 853 890 920 facile
911 853 1103 919 iudicabunt
1154 855 1243 919 tione
1259 874 1396 919 manare
1416 857 1624 939 pronunciat.
1669 853 1739 921 Our
1758 856 1831 921 aliis
1854 859 2034 940 reprobatis
2053 861 2134 928 alios

121 945 169 1027 pii
190 943 343 1009 lectores:
377 963 420 1007 ex
442 943 504 1008 hae
533 950 646 1007 tamen
668 940 827 1019 hostium,
854 941 910 1023 qui
933 961 968 1005 so
988 948 1103 1004 contra
1154 949 1264 1017 vocet,
1287 941 1322 1005 in
1344 940 1413 1006 solo
1434 941 1506 1006 eius
1526 940 1661 1005 arbitrio
1682 941 1827 1022 positum
1849 963 1921 1009 esse
1948 965 2016 1009 non
2039 944 2134 1012 dissi-

123 1035 301 1113 opponunt,
321 1028 529 1104 refutatione,
552 1026 707 1091 nonnihil
727 1046 833 1092 novae
855 1025 939 1091 lucis
960 1025 1102 1090 accedet.
1155 1025 1267 1105 mqlat.
1296 1026 1361 1092 His
1383 1026 1489 1091 tribus
1507 1026 1668 1109 capitibus
1690 1034 1814 1091 statum
1835 1030 2035 1109 quaestionis
2055 1053 2133 1097 con-

210 1112 278 1180 Ssd
295 1114 372 1197 quia
389 1112 499 1178 odiose
516 1111 609 1177 nobis
627 1112 790 1196 ingeritur
808 1112 930 1177 veteris
947 1110 1102 1175 eeclesiae
1155 1112 1254 1174 tineri
1287 1123 1321 1175 et
1352 1113 1456 1190 finiri,
1494 1133 1592 1177 nemo
1624 1111 1782 1177 mediocri
1813 1112 1933 1178 iudicio
1965 1116 2134 1196 praeditus

125 1202 298 1278 autoritas,
331 1198 480 1264 breviter
510 1199 609 1263 etiam
641 1197 784 1280 praefari
816 1196 1100 1280 operaepretium
1154 1197 1267 1262 nescit.
1317 1197 1422 1262 Porro
1450 1198 1658 1282 Augustinus
1684 1199 1755 1281 ipse
1788 1196 1868 1262 adeo
1901 1207 1991 1264 totus
2022 1211 2134 1268 noster

123 1296 189 1365 est,
217 1306 317 1368 quam
344 1285 467 1349 iniuste
489 1283 551 1347 hac
573 1285 693 1366 partim
715 1283 813 1358 falsa,
841 1283 962 1364 partim
984 1281 1103 1346 frivola
1155 1289 1219 1359 ost,
1252 1292 1290 1346 ut
1320 1284 1349 1346 si
1381 1283 1465 1347 mihi
1498 1283 1657 1348 confessio
1691 1281 1865 1347 scribenda
1896 1285 1956 1363 sit,
1990 1306 2031 1350 ex
2063 1289 2133 1356 eius

122 1371 251 1436 invidia
269 1377 442 1454 prematur
463 1368 589 1435 Christi
611 1372 743 1436 veritas.
788 1368 968 1451 Augustini
988 1377 1101 1432 tamen
1155 1369 1285 1448 scriptis
1312 1376 1501 1433 contextam
1524 1370 1685 1451 proferre,
1719 1366 1849 1437 abunde
1875 1369 1956 1434 mihi
1982 1374 2133 1440 sufficiat

121 1456 233 1522 verbis
245 1455 272 1540 ¹)
311 1455 420 1538 potius
466 1476 566 1538 quam
603 1456 700 1531 meis,
747 1452 811 1519 hoc
856 1452 1013 1535 quidquid
1051 1464 1102 1518 est
1155 1449 1223 1517 Sed
1250 1474 1292 1517 no
1318 1454 1354 1517 in
1379 1455 1568 1536 praesentia
1589 1454 1729 1518 nimium
1752 1455 1815 1518 sim
1837 1453 1998 1536 prolixus,
2028 1460 2134 1526 tribus

122 1541 361 1608 criminationis
383 1539 508 1605 diluere
528 1539 625 1605 malo.
653 1540 740 1604 Nam
762 1549 797 1603 et
813 1548 969 1604 'sanctum
991 1540 1102 1603 virum
1156 1547 1214 1602 aut
1235 1549 1374 1620 quatuor
1394 1539 1476 1605 locis
1497 1549 1670 1605 contentus
1693 1559 1764 1617 ero,
1792 1560 1833 1603 ex
1857 1539 1974 1622 quibus
1996 1554 2133 1623 constet,

122 1627 237 1693 eodem
263 1627 341 1693 olim
368 1627 486 1710 probro
512 1627 679 1692 vexabant
705 1624 891 1707 Pelagiani,
926 1623 1012 1706 quod
1040 1622 1102 1689 sibi
1155 1644 1197 1687 ne
1219 1644 1287 1687 uuo
1309 1624 1442 1706 quidem
1464 1626 1556 1708 apice
1577 1646 1631 1689 mo
1653 1624 1694 1689 ab
1716 1627 1788 1707 ipso
1810 1623 1952 1691 differre.
1980 1628 2036 1693 Ex
2058 1651 2134 1695 oon-

123 1712 281 1780 adversos
303 1710 440 1777 haberet
459 1711 539 1778 alios
561 1711 717 1778 ecelesiae
739 1711 924 1793 scriptores.
950 1710 1103 1775 Primum
1155 1709 1249 1773 tinua
1275 1709 1394 1776 deinde
1420 1712 1530 1793 operis
1552 1712 1636 1776 serie
1664 1710 1794 1792 plenius
1823 1711 2002 1791 constabit,
2036 1737 2136 1798 quam

124 1821 201 1883 ergo
230 1805 368 1865 excusat
395 1797 481 1880 quod
511 1805 588 1862 ante
615 1807 764 1862 exortam
793 1795 921 1878 Pelagii
949 1795 1101 1861 haeresin
1156 1794 1258 1859 solido
1286 1795 1377 1859 omni
1405 1817 1447 1861 ex
1476 1803 1569 1877 parte
1600 1797 1684 1860 mihi
1711 1795 1920 1878 suffragetur.
1965 1798 2067 1865 Libro
2094 1802 2135 1869 do

122 1905 189 1950 non
212 1886 259 1950 ita
281 1883 447 1949 subtiliter
466 1904 572 1966 neque
595 1891 710 1949 exacte
732 1881 772 1946 do
792 1881 1100 1964 praedestinatione,
1154 1881 1456 1963 praedestinatione
1479 1891 1667 1947 sanctorum
1690 1889 1807 1947 contra
1830 1901 1886 1945 eos
1908 1903 1943 1946 so
1966 1883 2135 1968 disputare

122 1970 158 2035 id
185 1968 274 2052 quod
303 1976 388 2048 arat,
421 1968 635 2035 tradiderant.
686 1966 775 2049 Quid
802 1967 905 2050 igitur
933 1988 1014 2049 opus
1041 1978 1101 2045 est,
1154 1968 1343 2048 profitetur,
1358 1968 1383 2051 1)
1421 1969 1478 2050 qui
1521 1976 1653 2050 peceato
1690 1966 1784 2031 Adae
1827 1965 2005 2033 obnoxium
2043 1977 2135 2041 nasci
2243 1986 2246 1995 “

123 2055 249 2138 inquit,
282 2063 319 2119 ut
348 2075 463 2120 eorum
491 2062 677 2120 scrutemur
705 2052 877 2136 opuscula,
911 2054 966 2134 qui
993 2051 1102 2134 prius·
1155 2072 1260 2134 genus
1297 2052 1484 2117 humanum
1524 2060 1722 2136 agnoscunt,
1763 2072 1800 2116 ac
1841 2057 2027 2133 praeveniri
2048 2058 2132 2125 .Dei

123 2161 223 2224 quam
240 2142 310 2205 ista
337 2140 483 2207 haeresis
504 2140 662 2218 oriretur,
688 2161 756 2205 non
781 2138 970 2203 habuerunt
991 2158 1102 2203 neces-
1155 2138 1263 2221 gratia
1283 2138 1456 2203 hominum
1477 2137 1679 2214 voluntates,
1702 2158 1764 2203 neo
1786 2137 1848 2200 sibi
1871 2157 2068 2221 quemquam
2090 2143 2132 2208 ad

123 2227 254 2291 sitatem
287 2226 323 2289 in
357 2226 418 2292 hac
451 2225 577 2291 difficili
600 2224 651 2290 ad
684 2223 877 2291 solvendum
910 2224 1101 2305 quaestione
1155 2222 1260 2286 ullum
1283 2244 1365 2306 opus
1390 2223 1512 2288 bonum
1538 2222 1593 2288 vel
1615 2221 1856 2300 inchoandum,
1887 2221 1939 2288 vel
1961 2229 2133 2308 perficien-

122 2311 269 2378 versari?
296 2311 382 2393 quod
408 2311 521 2395 procul
544 2311 641 2377 dubio
663 2313 824 2386 facerent,
854 2310 882 2374 si
904 2308 1102 2392 respondere
1155 2307 1234 2372 dum
1256 2310 1417 2374 sufficere.
1460 2307 1549 2389 Quid
1582 2317 1694 2373 autem
1725 2329 1765 2373 ea
1793 2308 1998 2374 confessione
2025 2316 2133 2379 maius
2229 2371 2233 2377 .

123 2398 244 2463 talibus
283 2407 485 2482 cogerentur.
542 2396 730 2464 Prudenter
765 2402 853 2460 certe
892 2416 959 2459 non
990 2395 1102 2459 minus
1156 2392 1334 2473 desiderat,
1367 2397 1403 2459 in
1425 2396 1497 2478 ipso
1519 2394 1753 2477 disputationis
1780 2414 1958 2476 progressu
1979 2400 2133 2466 ostendit.

122 2504 221 2567 quam
234 2484 388 2567 ingenue
409 2482 542 2548 dictum.
576 2484 648 2548 Nisi
670 2482 856 2549 enimcum
878 2482 1103 2546 exercuissent
1152 2480 1204 2544 Ne
1242 2479 1366 2546 diceret
1398 2482 1574 2563 quispiam,
1611 2480 1773 2563 inquit,²)
1806 2477 1976 2545 Discernit
2001 2505 2054 2550 me
2091 2487 2133 2552 ab

123 2570 249 2653 gratim
270 2569 337 2633 Dei
357 2569 486 2647 hostes,
516 2590 687 2653 nunquam
716 2566 756 2633 ad
780 2565 1014 2647 excutiendam
1037 2566 1103 2630 Dei
1154 2565 1228 2629 aliis
1260 2565 1342 2631 fides
1372 2586 1462 2644 mea,
1495 2567 1622 2630 iustitia
1654 2586 1744 2644 mea,
1779 2574 1837 2630 aut
1864 2565 1988 2648 aliquid
2016 2571 2133 2650 simile,

123 2655 314 2720 electionem
337 2652 418 2731 adeo
438 2656 554 2719 fiiisset
576 2663 736 2731 attentus:
765 2652 864 2718 sicuti
881 2652 1005 2717 fatetur
1027 2656 1102 2730 [pag.
1154 2650 1275 2716 talibus
1304 2671 1480 2717 occurrens
1507 2650 1761 2735 cogitationibus
1788 2659 1884 2732 rogat
1913 2651 2028 2720 doctor
2054 2678 2135 2740 gen·

124 2744 189 2819 25].
233 2741 321 2804 Nam
343 2740 378 2803 in
400 2739 483 2805 libro
510 2743 563 2806 oui
586 2741 722 2804 titulum
748 2738 826 2803 feeit
846 2738 899 2803 Do
921 2739 1005 2803 bono
1027 2758 1102 2819 per·
1155 2737 1254 2804 tium:
1277 2734 1367 2817 Quid
1390 2736 1492 2802 habes
1510 2735 1595 2821 quod
1614 2757 1681 2801 non
1699 2735 1884 2819 acceperis?
1908 2739 1940 2821 (l
1957 2737 2031 2806 Cor.
2044 2750 2074 2822 4,
2088 2745 2134 2828 7.)

123 2826 384 2908 severantiae:⁹)
417 2825 521 2903 Haeo,
544 2827 661 2911 iuquit,
685 2833 776 2891 certa
796 2831 848 2889 est
869 2844 907 2889 ac
928 2824 1102 2888 manifesta
1153 2823 1193 2899 A,
1208 2844 1271 2905 quo
1293 2832 1418 2901 autem,
1447 2823 1511 2888 uisi
1528 2822 1569 2886 ab
1591 2821 1647 2886 illo
1669 2827 1743 2900 [pag.
1768 2825 1820 2900 27]
1843 2822 1899 2905 qui
1922 2831 1955 2889 te
1978 2825 2135 2894 discernit

122 2910 377 2994 praedestinatio
404 2920 607 2988 sanctorum,
642 2931 740 2995 quam
765 2918 878 2992 postea
911 2908 1101 2993 diligentius
1154 2910 1195 2974 ab
1235 2909 1315 2988 alio,
1361 2909 1416 2974 oui
1455 2930 1522 2972 non
1567 2907 1706 2973 donavit
1751 2907 1839 2990 quod
1877 2907 2020 2977 donavit
2051 2910 2133 2980 tibi?

120 3007 155 3062 et
176 2997 360 3080 operosius,
389 3018 489 3080 quum
512 2996 671 3064 adversus
693 3015 812 3064 novam
841 3005 964 3062 sectam
987 2994 1100 3078 dispu-
1153 2993 1336 3076 Deiudo:⁸)
1369 2994 1471 3059 Fides
1504 2989 1622 3077 igitur,
1651 3002 1686 3058 et
1713 2993 1882 3073 inchoata,
1918 3010 1951 3059 et
1980 3000 2133 3079 perfecta,

120 3094 241 3160 tarem,
276 3081 451 3148 defendere
483 3085 661 3149 necessitas
694 3079 860 3166 compulit.
916 3080 1101 3147 Didioimus
1154 3079 1276 3145 donum
1310 3080 1375 3145 Dei
1408 3091 1472 3146 est:
1505 3094 1547 3145 ‘et
1579 3081 1641 3144 hoo
1673 3078 1795 3143 donum
1823 3078 2019 3162 quibusdam
2053 3085 2134 3165 dari,

121 3171 209 3234 enim
237 3168 385 3252 singulas
414 3175 560 3252 quasque
589 3170 742 3234 haereses
769 3166 922 3233 intulisse
944 3166 1100 3232 ecclesiae
1153 3165 1349 3249 quibusdam
1372 3186 1440 3230 uon
1461 3165 1548 3243 dari,
1578 3165 1713 3230 omniuo
1732 3185 1801 3228 non
1820 3164 1973 3244 dubitet,
1988 3171 2045 3250 qui
2067 3193 2135 3238 non
2234 3206 2238 3212 .

119 3255 270 3337 proprias
290 3254 514 3337 quaestiones,
538 3263 654 3319 contra
673 3275 754 3337 quas
776 3252 966 3335 diligentius
989 3253 1100 3317 deleu-
1152 3251 1227 3317 vult
1235 3253 1514 3318 manifestissimis
1530 3251 1712 3333 scripturae
1730 3253 1927 3317 testimoniis
1938 3273 2137 3338 repugnare.

121 3340 256 3405 deretur
279 3340 444 3423 scriptura
466 3340 587 3418 diviua,
610 3361 709 3423 quam
730 3340 759 3404 si
779 3337 873 3403 nulla
895 3338 969 3403 talis
989 3358 1101 3404 neees-
1152 3337 1223 3404 Our
1245 3348 1354 3403 autem
1377 3359 1445 3402 non
1467 3338 1620 3402 omnibus
1642 3335 1747 3413 detur,
1770 3335 1901 3401 fidelem
1921 3358 2054 3405 movere
2067 3364 2139 3408 non

122 3426 203 3490 sitas
225 3436 362 3509 cogeret.
393 3424 484 3506 Quid
507 3437 616 3491 autem
639 3446 695 3491 oce
721 3425 747 3489 't
763 3424 835 3490 loca
853 3425 1100 3508 scripturarum,
1153 3423 1260 3501 debet,
1284 3424 1340 3506 qui
1363 3422 1467 3489 credit
1489 3442 1529 3486 ex
1549 3444 1614 3486 uno
1637 3441 1752 3485 omues
1773 3421 1809 3485 in
1827 3422 2133 3493 condemnationem

121 3509 241 3593 quibus
262 3509 516 3592 praedestinatio
538 3532 689 3578 commen
713 3520 767 3576 ata
788 3521 855 3586 est,
884 3511 1045 3593 copiosius
1067 3517 1102 3574 et
1152 3509 1368 3574 iustissimam
1389 3509 1529 3574 venisse.
1552 3506 1622 3572 Cur
1644 3514 1754 3571 autem
1778 3507 1878 3571 istum
1902 3511 2011 3589 potius
2034 3533 2133 3595 quam

119 3595 323 3661 enucleatius
353 3597 415 3661 isto
448 3604 561 3663 nostro
593 3596 705 3662 laboro
737 3594 882 3673 defendi,
916 3596 981 3660 nisi
1014 3594 1100 3678 quod
1152 3595 1246 3659 illum
1267 3595 1362 3659 Deus
1388 3594 1465 3658 hino
1492 3592 1623 3669 liberet,
1650 3592 1879 3657 inscrutabilia
1907 3605 1985 3658 sunt
2012 3598 2134 3666 iudicia

118 3680 292 3764 Pelagiani
325 3681 454 3761 dicunt,
490 3683 555 3748 Dei
591 3685 733 3766 gratiam
767 3680 947 3746 secundum
980 3681 1101 3745 merita
1153 3681 1233 3759 eius,
1252 3690 1286 3744 et
1306 3679 1380 3746 viae
1403 3680 1473 3745 eius
1495 3676 1750 3761 investigabiles.
1796 3678 1937 3764 Item:⁴)
1964 3679 2004 3748 Si
2027 3681 2133 3752 discu-

119 3776 235 3833 nostra
268 3766 353 3832 dari:
394 3767 482 3851 quod
515 3768 599 3833 nihil
632 3767 721 3833 aliud
760 3775 811 3832 est
842 3787 942 3848 quam
974 3766 1100 3850 gratiae
1153 3767 1255 3831 tiatur
1275 3775 1309 3830 et
1330 3773 1524 3848 quaeratur,
1556 3763 1643 3829 unde
1664 3764 1801 3846 quisque
1828 3765 1874 3829 sit
1901 3764 2036 3850 dignus,
2065 3792 2133 3837 non

118 3852 272 3937 negatio?
317 3854 440 3932 Porro,
469 3854 637 3937 aliquanto
658 3853 788 3937 prius⁸)
810 3861 1003 3935 negaverat,
1037 3853 1100 3918 sibi
1153 3851 1272 3917 desunt
1294 3855 1349 3933 qui
1373 3850 1499 3916 dicunt:
1523 3849 1706 3915 Voluntat'e
1728 3849 1885 3916 humana.
1929 3853 1999 3918 Nos
2022 3865 2134 3924 autem

119 3938 159 4003 de
179 3938 339 4004 librorum
368 3959 503 4004 suorum
529 3949 696 4010 vetustate
721 3935 959 4022 praeiudicium
982 3936 1100 4004 debere
1152 3937 1307 4003 dicimus:
1331 3937 1449 4002 Gratia
1470 3935 1525 4000 vel
1548 3934 1846 4018 praedestinatione
1869 3936 1989 4005 diuma.
2012 3941 2134 4009 Postea

119 4024 238 4089 afferri.
284 4025 401 4102 Nemo,
421 4026 538 4108 inquit,
568 4032 637 4091 tam
659 4026 803 4090 iniustus
825 4031 884 4101 est,
912 4033 952 4088 ut
974 4027 1098 4107 opinor,
1153 4021 1338 4105 subiicit:⁵)
1361 4022 1517 4087 Salvator
1539 4023 1609 4103 ipso
1631 4019 1697 4085 Dei
1723 4019 1811 4086 filius
1833 4023 2133 4103 praeclarissimum

119 4123 152 4174 et
173 4117 243 4175 tam
265 4109 409 4189 invidus,
432 4112 488 4193 qui
511 4113 667 4196 proficere
689 4131 742 4175 me
764 4109 943 4193 prohibeat.
979 4111 1101 4175 Postea
1152 4117 1203 4174 est
1230 4108 1356 4193 gratiae
1384 4115 1418 4173 et
1445 4106 1754 4190 praedestinationis
1778 4105 1939 4193 lumen.⁶)
1982 4111 2133 4195 Respon.

119 4207 231 4261 tamen
269 4195 370 4261 simul
410 4197 592 4276 oontondit,
631 4220 674 4262 ex
713 4193 908 4279 quibusdam
948 4204 1099 4261 veterum
1152 4194 1283 4273 deatur,
1312 4212 1447 4276 quaeso:
1480 4192 1580 4258 homo
1612 4191 1684 4271 ille,
1717 4201 1755 4256 ut
1784 4212 1804 4255 a
1837 4193 1940 4259 verbo
1964 4198 2049 4278 patri
2080 4219 2133 4270 eo-

119 4281 315 4348 testimoniis
336 4302 432 4364 posse
454 4282 574 4366 colligi,
604 4304 669 4348 non
693 4282 789 4347 aliter
810 4301 874 4357 eos,
897 4301 997 4363 quam
1020 4292 1099 4348 tune
1152 4290 1287 4345 aeterno
1315 4281 1349 4344 in
1371 4280 1532 4345 unitatem
1560 4298 1720 4361 personae
1748 4289 1936 4363 assumptus
1958 4281 2046 4347 tilius
2069 4284 2133 4349 Dei

119 4365 259 4446 doceret,
282 4368 435 4433 sensisse.
475 4368 523 4434 Ut
544 4369 617 4434 aliis
639 4367 881 4450 supersedeam,
903 4365 980 4448 plus
1002 4388 1099 4450 quam
1151 4365 1344 4449 unigenitus
1366 4372 1463 4443 esset,
1485 4363 1573 4429 unda
1596 4363 1658 4428 hoc
1679 4366 1844 4429 meruerit.
1857 4366 1885 4449 ⁷)
1925 4364 2022 4447 Quod
2044 4371 2134 4435 anim

118 4451 329 4533 perspicuum
347 4463 406 4531 est,
425 4453 512 4537 quod
531 4474 574 4519 ex
584 4453 761 4518 Ambrosio
778 4453 911 4536 citat:⁴)
934 4451 1099 4531 Christus,
1152 4452 1224 4517 eius
1264 4452 1387 4516 bonum
1427 4451 1653 4533 qualecunque
1692 4449 1892 4532 praecessit?
1937 4449 2027 4531 Quid
2066 4457 2135 4539 egit

140 4555 217 4600 uem
238 4539 430 4618 miseratur,
452 4549 557 4606 vocat.
602 4540 702 4605 Item:
730 4536 768 4604 Si
788 4537 961 4616 voluisset,
985 4559 1027 4602 ex
1047 4538 1098 4602 in·

117 4557 246 4688 devotis
280 4624 410 4690 fecisset
439 4625 590 4705 devotos3
622 4624 681 4691 sed
707 4625 801 4690 Deus
833 4642 915 4705 quos
942 4622 1100 4708 dignatur

116 4716 229 4788 vocat,
259 4714 293 4773 et
322 4730 420 4792 quem
442 4710 514 4777 vult
542 4710 732 4795 religiosum
759 4709 846 4774 facit.
891 4706 977 4789 Quis
995 4716 1099 4774 totam
1219 4690 1251 4826 ἐξ
1268 4690 1333 4814 8⁸1²·
1350 4690 1376 4812 ἑ·

117 4791 217 4858 huius
239 4795 439 4876 quaestionis
467 4817 631 4862 summam
658 4796 712 4862 his
738 4793 851 4879 paucis
880 4795 990 4861 verbis
1011 4816 1099 4861 com·
1219 4826 1250 4894 8)
1269 4775 1334 4896 02le
1352 4798 1377 4880 9ss

1220 4894 1250 4962 4)
1270 4897 1335 4964 Cap.
1355 4896 1396 4951 10.

1220 4965 1251 5033 b)
1269 4964 1334 5034 cap.
1352 4964 1395 5021 lb.

189 5032 689 5104 l)L1l›.depraedest8suot.cap.
710 5034 751 5091 14.
795 5079 799 5086 .
1221 5033 1251 5094 61
1268 5035 1368 5087 miroir.

188 5101 219 5168 2)
237 5101 302 5172 Cap.
320 5102 370 5169 10.ι
1222 5102 1250 5169 7)
1269 5100 1400 5170 qu’sstce
1418 5100 1537 5171 qu’avoit
1562 5100 1658 5155 merite
1685 5100 1872 5156 ceste‘nature
1889 5098 2015 5156 huncine
2032 5098 2096 5168 qu'il
2109 5116 2132 5159 a
2176 5146 2177 5149 ,

188 5169 219 5235 3)
238 5172 303 5240 Cap.
324 5170 366 5224 12.
1153 5172 1245 5241 prinse
1273 5187 1344 5240 pour
1367 5174 1442 5226 estrs'
1458 5171 1520 5225 unic
1539 5184 1571 5224 en
1590 5185 1643 5224 une
1660 5183 1760 5223 mesme
1779 5183 1913 5236 personne
1936 5171 1953 5224 1
1976 5170 2004 5226 la
2020 5185 2132 5240 sagesse
2184 5209 2189 5219 ·

188 5238 218 5306 4)
236 5239 367 5296 Eiusdem
384 5238 432 5296 lib.
451 5257 510 5310 cap.
528 5240 570 5295 19.
1029 5272 1032 5277 -
1155 5215 1284 5295 eternelle
1303 5239 1336 5309 de
1354 5239 1423 5295 Dion
1441 5245 1488 5295 etc.
