4762 5918
962 321 1330 388 PROLEGOMIINA.
2053 325 2163 392 XXV

142 514 280 580 maioris
302 513 445 578 ambitus
467 518 619 596 paratum
640 510 791 591 habebat,
815 515 956 596 quatuor
975 511 1049 576 illos
1067 531 1234 576 sermones
1246 532 1288 576 ex
1306 511 1455 593 pluribus
1473 511 1609 578 selectos
1627 510 1800 577 tradiderit
1818 511 2034 579 excudendas.
2068 515 2164 580 Haec

144 646 226 691 sane
248 647 291 691 ex
313 646 405 690 mera
426 624 614 688 coniectura
635 622 692 686 tibi
715 624 930 707 proponimus
953 622 1135 704 pensanda:
1158 629 1196 686 tu
1219 623 1247 686 si
1269 620 1348 704 quid
1366 623 1486 689 novisti
1508 625 1629 689 rectius
1651 624 1733 703 istis,
1756 623 1917 689 candidus
1939 625 2082 708 imperti.

302 737 417 802 Prima
439 736 592 800 oonoione
615 732 796 799 Christiani
819 733 1039 799 admonentur
1060 741 1099 798 ut
1120 740 1291 798 externam
1311 733 1529 798 idololatriam
1541 735 1680 818 fugiant,
1704 734 1827 802 scilicet
1846 737 2051 819 papistioam,
2074 737 2163 820 quod

146 855 382 932 argumentum
410 847 539 928 saepius
569 847 634 909 iam
657 866 676 908 a
698 845 818 911 Nostro
840 845 1062 929 singularibus
1084 843 1203 910 libellis
1227 852 1406 910 tractatum
1424 844 1525 910 fuisse
1546 846 1745 911 memineris.
1791 845 1946 913 Secunda
1967 849 2163 914 exhortatur

146 960 314 1026 auditores
337 957 378 1023 ad
402 958 603 1022 tolerandam
627 957 923 1039 persequutionem.
969 956 1011 1021 In
1034 959 1132 1020 tertia
1154 955 1267 1021 fideles
1297 956 1471 1034 docentur,
1501 957 1615 1039 quanti
1637 958 1744 1024 facere
1772 958 1834 1023 hoc
1856 958 1996 1024 debeant
2017 959 2104 1044 quod
2125 962 2161 1025 in

149 1072 286 1138 ecclesia
308 1069 373 1134 Dei
395 1072 522 1148 vivant,
546 1068 601 1132 ubi
624 1091 699 1132 eum
720 1070 847 1150 possint
874 1089 955 1150 pure
979 1088 1017 1134 ao
1045 1067 1146 1132 libere
1175 1066 1320 1132 adorare.
1370 1067 1414 1131 In
1440 1075 1559 1149 quarta
1587 1068 1727 1150 deniqne
1755 1069 2001 1136 demonstratur
2028 1073 2163 1154 quantis

150 1184 316 1249 laboribus
339 1180 520 1263 studiisque
541 1181 584 1244 sit
607 1178 797 1244 redimenda
819 1179 953 1244 libertas
976 1178 1041 1243 Dei
1061 1180 1095 1244 in
1118 1178 1254 1244 ecclesia
1276 1178 1456 1244 christiana
1473 1200 1555 1261 pure
1577 1176 1713 1245 colendi.
1758 1178 1897 1245 Addidit
1918 1190 2012 1246 autor
2033 1184 2066 1248 iu
2095 1184 2163 1249 fine

148 1294 418 1377 explanationem
442 1279 568 1357 Psalmi
592 1289 809 1354 LXXXVII.
834 1290 926 1356 cuius
955 1312 1118 1356 summam
1139 1290 1225 1355 hanc
1248 1290 1339 1356 facit:
1368 1310 1470 1355 unam
1492 1288 1556 1355 Dei
1582 1290 1752 1356 ecclesiam
1779 1313 1882 1376 supra
1909 1292 2020 1358 omnia
2047 1293 2162 1360 mundi

148 1426 254 1489 regna
276 1403 436 1470 excellere
459 1403 536 1484 quia
558 1403 668 1466 Deum
689 1401 810 1467 habeat
831 1402 945 1467 salutis
968 1424 1047 1467 suae
1068 1400 1252 1485 praesidem
1276 1403 1412 1484 eiusque
1434 1402 1571 1484 imperio
1594 1402 1806 1486 gubernetur.

304 1515 415 1579 Huius
436 1507 540 1578 libelli
558 1514 692 1579 unicum
715 1513 893 1596 exemplar,
917 1512 1006 1597 quod
1027 1522 1168 1578 aetatem
1192 1512 1306 1578 tulisse
1334 1512 1466 1577 videtur
1493 1519 1526 1577 et
1554 1512 1647 1578 nobis
1675 1513 1808 1596 quidem
1830 1515 1990 1594 innotuit,
2017 1516 2164 1599 possidet

148 1627 215 1690 Vir
236 1626 497 1691 humanissimus
519 1625 687 1690 chrious
710 1625 888 1689 Lutteroth
910 1626 1108 1691 Parisiensis
1131 1625 1263 1706 saepius
1285 1625 1351 1688 iam
1373 1645 1393 1688 a
1414 1625 1508 1690 nobis
1528 1645 1588 1690 neo
1610 1632 1723 1690 tamen
1741 1647 1887 1710 unquam
1909 1629 1990 1693 satis
2012 1627 2166 1696 laudatus

145 1740 190 1803 ob
214 1738 322 1802 officia
342 1736 654 1803 benevolentissime
683 1734 777 1801 nobis
807 1736 972 1818 praestita.
1024 1736 1078 1802 Ad
1097 1737 1196 1802 huius
1224 1736 1422 1819 exemplaris
1448 1734 1547 1801 fidem
1579 1737 1639 1801 tibi
1667 1738 1840 1805 conciones
1868 1738 1942 1804 illas
1963 1739 2019 1804 vel
2042 1746 2164 1808 tracta·

150 1849 315 1913 tiunculas
337 1868 468 1927 recusas
490 1848 668 1914 offerimus.
714 1847 845 1912 Titulus
867 1855 928 1912 est:

306 1958 496 2040 QUATRE
542 1957 762 2025 SERMONS
797 1954 802 2057 Ι
845 1948 897 2031 de
945 1948 1005 2028 M.
1048 1948 1183 2029 Iehan
1217 1945 1390 2052 Calain,
1433 1947 1637 2029 traictans
1680 1947 1756 2030 des
1795 1947 1799 2050 l
1837 1949 2036 2032 matieres
2076 1952 2165 2034 fort

40 2166 46 2175 ,
149 2084 278 2167 vtiles
319 2113 428 2194 pour
468 2096 612 2166 nostre
641 2082 646 2185 l
674 2095 836 2195 tempe,
883 2113 1044 2167 comme
1087 2113 1142 2166 on
1180 2111 1337 2194 pourra
1372 2083 1521 2186 veoirl
1555 2112 1634 2195 par
1676 2084 1720 2165 la
1755 2087 1970 2197 profanet
2158 2085 2161 2201 l

150 2223 274 2302 Auso
321 2222 486 2303 briefue
547 2222 785 2332 exposition
837 2223 895 2304 du
943 2222 1107 2303 Pseau-
1144 2219 1149 2322 Ι
1184 2248 1252 2301 me
1296 2238 1546 2323 LXXXVH.t
1584 2248 1753 2315 (marma)
1800 2226 1805 2331 Ι
1841 2220 2063 2305 L’Oliuier
2108 2225 2162 2307 de

149 2357 318 2439 Robert
347 2358 567 2439 Estienne.
597 2364 602 2467 Ι
630 2379 676 2442 Μ.
701 2377 742 2442 D.
762 2379 803 2443 L.
826 2378 871 2443 ΙΙ.

306 2481 429 2545 Forma
450 2479 527 2545 libri
556 2489 608 2544 est
637 2481 803 2545 octonaria
824 2481 941 2544 minor.
989 2479 1229 2560 Quaterniones
1256 2499 1376 2544 novem
1404 2487 1437 2543 ot
1463 2479 1652 2561 quinternio
1678 2501 1765 2545 unus
1794 2481 1922 2558 (a—lx).
1978 2483 2075 2548 Folia
2102 2505 2165 2549 nu-

147 2597 278 2655 merata
301 2595 351 2669 82,
375 2590 431 2656 sed
455 2612 669 2656 numerorum
689 2592 790 2657 sorios
812 2592 926 2657 multis
948 2591 1076 2656 mendis
1099 2590 1345 2674 typographicis
1364 2589 1504 2655 turbata.
1538 2589 1714 2655 Emblema
1735 2600 1786 2657 est
1807 2590 1907 2658 Oliva
1919 2592 2165 2677 Stephanorum

146 2706 331 2770 notissima.
375 2705 418 2769 In
440 2703 685 2769 collectionibus
708 2702 951 2787 Opusculorum
973 2703 1099 2787 gallicis
1119 2702 1241 2786 legitur
1264 2710 1482 2780 terreamus,
1505 2700 1593 2784 apud
1615 2703 1738 2767 Bonam
1760 2724 1833 2787 pag.
1858 2708 2044 2785 824-8793
2078 2706 2167 2790 apud

147 2814 319 2880 Stocrium
342 2837 415 2899 pag.
440 2819 647 2892 945-1010;
671 2812 759 2896 apud
781 2815 924 2881 Lacroix
945 2836 1018 2898 pag.
1043 2818 1222 2878 211-292.

306 2927 429 2991 ltxstat
451 2927 599 2992 eiusdem
622 2927 729 2992 versio
751 2925 854 2991 latina
865 2926 997 2992 Claudii
1009 2926 1161 2991 Baduelli
1183 2926 1282 3008 paulo
1303 2926 1414 2990 minus
1435 2944 1519 3003 rara,
1543 2946 1642 3007 quam
1661 2933 1695 2990 et
1711 2927 1775 3009 ipsi
1793 2927 2007 3009 possidemus.
2041 2929 2168 2995 Forma

145 3047 202 3103 est
224 3037 338 3103 cadem
361 3060 399 3104 ac
418 3037 602 3123 archetypi.
647 3036 888 3118 Quaterniones
911 3045 988 3103 sunt
1014 3036 1170 3103 tredecim
1193 3036 1346 3121 (A—N),
1377 3036 1518 3120 paginae
1548 3039 1609 3100 206
1630 3046 1834 3118 numeratae,
1865 3039 1949 3104 duae
1972 3039 2109 3106 ultimae
2130 3041 2167 3106 in

145 3148 243 3214 albis.
278 3149 364 3235 Typi
387 3151 520 3216 cursivi.
550 3149 680 3214 Titulus
702 3155 766 3213 est:

305 3271 558 3359 IOANNIS
594 3272 895 3375 OALVINIl
941 3272 1252 3357 Hommaa
1286 3270 1437 3378 QVA.
1465 3284 1566 3367 trior,
1585 3305 1714 3367 pravam
1735 3291 1829 3369 atque
1844 3286 1896 3352 ln
1912 3287 2168 3369 temporeneas-

147 3397 278 3462 modam
297 3403 302 3475 Ι
322 3403 529 3480 opportunam
552 3401 579 3461 et
599 3397 704 3462 vtilem
726 3397 967 3462 admonitionem
989 3402 1080 3479 atpne
1099 3395 1103 3478 l
1124 3394 1363 3461 exhortationem
1385 3397 1584 3474 cantitantes,
1613 3398 1874 3478 qmmaonaaam
1892 3398 1897 3479 Ι
1917 3418 1956 3462 ea
1976 3400 2049 3480 ipsa
2067 3420 2165 3480 prae-
2242 3460 2258 3478 s

144 3509 268 3592 satione
284 3511 424 3592 perspici
440 3510 567 3590 poterit.
588 3508 593 3591 Ι
829 3512 834 3577 Ι
853 3507 974 3573 Breuis
1000 3509 1073 3573 item
1096 3506 1276 3588 esplanatio
1301 3506 1425 3571 Psalmi
1448 3506 1594 3570 LXXX
1603 3507 1682 3572 VH.
1704 3510 1709 3588 Ι
1728 3509 1767 3572 ab
1790 3510 1895 3574 eodem
1916 3508 2045 3573 anthare
2066 3510 2167 3577 latine

145 3620 301 3703 scripta!
493 3619 498 3705 Ι
517 3630 542 3683 Ε
565 3628 723 3683 GALLICO
745 3628 860 3683 IPSIVS
879 3628 1061 3683 AVTHORIS
1085 3629 1166 3683 SER·
1185 3626 1189 3694 l
1209 3639 1307 3682 mone
1330 3620 1365 3681 in
1387 3618 1527 3681 latinum
1549 3639 1569 3681 a
1592 3617 1729 3683 Claudio
1751 3619 1912 3691 Baduello
1934 3640 2122 3688 conuersae.
2161 3626 2164 3691 ἶ

149 3733 153 3813 t
332 3730 337 3817 Ι
358 3738 567 3806 stravam!
588 3740 639 3793 nx
664 3739 838 3794 ornicum
856 3738 1007 3794 manius
1031 3739 1195 3795 casnm.
1216 3729 1220 3811 Ι
1244 3741 1335 3793 1553.

308 3844 498 3909 [translator
520 3843 720 3924 peculiarem
742 3842 977 3924 praefationem
1000 3840 1169 3923 praemisit
1186 3840 1276 3922 operi
1298 3860 1395 3922 quam
1417 3839 1472 3906 hio
1493 3840 1780 3906 transscribimus:

645 4080 802 4147 Clondico
822 4034 1002 4146 Badnellns
1022 4078 1165 4145 manitas
1180 4079 1313 4162 pietatis
1334 4079 1489 4144 studiosis
1507 4077 1540 4145 S.
1566 4079 1603 4144 P.
1627 4079 1678 4146 D.-

309 4216 362 4282 Eo
373 4215 437 4282 Dei
455 4223 609 4300 perpetrm
629 4218 694 4300 fnit
715 4220 750 4283 in
771 4218 897 4284 molesia
919 4216 1081 4282 liberanda
1104 4221 1132 4281 et
1149 4216 1361 4281 conservanda
1382 4217 1575 4297 cmsnetnda
1598 4221 1633 4281 at
1655 4237 1724 4281 eam
1746 4222 1801 4281 ant
1822 4219 1858 4282 in
1876 4221 2020 4285 maxima
2041 4220 2168 4286 lcorren-

141 4331 254 4410 -dapne
276 4328 470 4408 dispersione
491 4330 681 4411 dissipatam
703 4328 897 4411 recolleperit,
920 4333 1010 4410 otpm
1030 4348 1131 4392 aarum
1153 4328 1188 4391 in
1210 4327 1319 4406 locam,
1341 4328 1435 4409 qnasi
1453 4348 1577 4410 prepara
1605 4348 1754 4410 sparsum
1773 4329 1999 4412 perditamque
2020 4334 2056 4396 in
2077 4335 2166 4412 ovile,

148 4441 354 4522 corrpreparit
376 4445 432 4503 ant
453 4440 659 4521 iniquissima
681 4439 839 4504 hominnm
860 4440 1070 4504 dominatione
1091 4459 1271 4521 oppressam
1300 4443 1328 4503 ct
1355 4444 1535 4520 corruptam
1563 4460 1596 4505 eo
1618 4440 1806 4519 convocarit,
1834 4441 1888 4505 ndi
1916 4441 2011 4507 libere
2038 4449 2068 4508 et
2082 4466 2168 4526 pare

142 4552 264 4634 pieque
284 4551 520 4616 sanctissimam
542 4571 653 4616 nomen
674 4553 744 4615 eins
765 4552 909 4616 invocare
930 4571 967 4615 ac
989 4551 1139 4616 reamare
1155 4556 1269 4633 posset.
1319 4552 1388 4633 Qec
1410 4551 1533 4632 qnidam
1556 4553 1589 4615 in
1612 4572 1646 4615 re
1672 4557 1700 4615 et
1726 4551 1882 4616 salutaris
1904 4555 1973 4619 eins
1992 4557 2100 4638 pratia
2122 4564 2167 4622 est

145 4666 310 4745 perspecta
332 4682 408 4745 erpa
430 4683 480 4727 eos
503 4663 559 4743 qni
577 4663 646 4727 eins
667 4668 809 4728 sanatam
831 4664 1020 4728 vocationem
1046 4663 1276 4744 separatienem,
1307 4667 1335 4728 et
1354 4662 1570 4743 formidabilis
1598 4663 1750 4727 severitas
1778 4663 1814 4725 in
1841 4662 1913 4728 illos
1942 4667 1998 4744 qai
2026 4667 2165 4732 eiusdem

35 4868 38 4871 .
149 4773 316 4838 dorrdatem
336 4773 590 4854 amadalemqne
611 4779 685 4839 sant
701 4776 870 4857 aspernati.
919 4775 1008 4856 Qnod
1025 4775 1055 4839 si
1075 4795 1215 4856 anquam
1236 4774 1328 4840 Dens
1348 4775 1384 4838 in
1405 4773 1531 4839 ecclesia
1555 4774 1724 4838 asserenda
1746 4778 1837 4854 atque
1858 4775 1893 4837 in
1911 4775 2078 4840 libertatem
2099 4779 2165 4841 oin-

148 4883 291 4951 dieanda
306 4888 536 4966 praepotentem
556 4905 685 4949 arannm
706 4906 798 4950 marn
820 4887 957 4951 exseruit
973 4891 1066 4968 ntpne
1087 4887 1224 4965 ostendit,
1247 4885 1301 4950 hoc
1322 4886 1391 4950 eins
1412 4906 1490 4966 opns
1512 4886 1733 4965 redemptionis
1751 4905 1789 4949 ac
1806 4884 2004 4949 liberationis
2020 4889 2164 4968 tempori-

148 4994 210 5059 bus
225 4995 346 5060 nostris
366 4996 489 5074 exstitit,
511 5002 547 5061 nt
567 5017 692 5061 samma
713 5018 836 5077 aranas,
859 4999 1055 5078 pandulum,
1078 4999 1113 5062 in
1135 5019 1168 5062 eo
1189 4999 1314 5080 quidem
1335 4998 1438 5078 operis
1459 5017 1496 5061 ac
1518 4997 1653 5077 berreficii
1673 5016 1792 5079 ponere,
1816 4997 1962 5076 irnposita
1983 4995 2022 5059 ad
2044 5017 2078 5061 eo
2099 5018 2166 5063 esse

148 5106 306 5172 videatur.
353 5106 434 5170 Tam
462 5107 653 5173 excellentem
675 5112 777 5173 antem
799 5130 835 5174 ac
852 5108 1022 5190 perfectam
1043 5110 1281 5190 redemptionem
1302 5115 1394 5190 atpae
1416 5108 1559 5173 ecclesiae
1580 5109 1813 5184 restitutionem,
1835 5111 1863 5168 et
1880 5105 2018 5186 periculi
2040 5111 2164 5191 mapni-

144 5218 235 5296 tado,
258 5219 510 5300 etpramssimae
520 5219 682 5284 senodalis
691 5220 844 5285 dintarna
856 5222 1027 5303 tarpitmlc,
1051 5226 1078 5285 et
1098 5222 1245 5304 proxima
1266 5221 1377 5285 meandi
1399 5221 1630 5314 mnszrmmatia
1654 5217 1813 5298 adquam
1834 5217 1942 5280 omitia
1964 5221 2022 5282 toto
2044 5220 2165 5302 impetn

259 5319 372 5374 Oclcr'm'
384 5336 476 5390 opero.
515 5322 572 5378 Vol.
595 5321 682 5377 VIII.
963 5372 972 5391 ,
1931 5317 1957 5372 D
