4606 5918
77 302 140 364 ⁷17
635 289 1514 393 λΒΕΒῊἯιριηειιόωρΑΒοΑωτῑΝῑηι.
2038 313 2103 380 ne

76 488 149 556 cilio
177 506 198 551 a
225 482 314 551 nobis
340 487 466 566 ereptrrs
490 482 580 564 fitius
606 483 679 564 Dei,
709 484 826 569 fucata
854 484 998 566 ecclmie,
1025 490 1059 552 d
1110 490 1281 554 nucum.
1346 485 1478 557 Sanctos
1515 491 1690 560 altissimos
1727 491 1780 562 nu
1812 500 2014 581 mebriaturas
2050 502 2103 569 aii

76 572 319 641 abominationes
343 589 447 635 omnes
473 569 592 653 lepibns
618 571 766 635 decretae.
812 569 899 636 Hinc
925 572 1057 637 transie-
1110 571 1238 639 Daniel.

75 663 154 727 runt
179 661 299 739 tempus
326 659 520 737 ettempora
546 659 575 720 et
595 655 764 721 dimidium
784 657 947 742 temporis,
980 659 1058 723 anni
1200 657 1409 725 Tricesimum
1426 661 1573 742 primm
1593 664 1736 748 smmum:
1778 664 1868 747 Quod
1894 685 1991 733 cornu
2016 668 2101 737 illud

77 744 164 811 melle
185 742 306 809 ducenti
325 742 499 824 secaeinto.
1108 761 1275 808 rmnanum
1296 745 1519 812 destruendum
1540 748 1718 831 mammetem
1737 751 1886 834 prandia,
1908 757 1944 818 ut
1964 753 2099 839 tepimus

164 829 331 895 Decimum
369 833 506 892 odaeum
535 827 677 910 sipnmn:
717 825 808 892 Siout
840 824 986 894 Obristus
1016 828 1059 894 ad
1111 829 1200 911 apud
1220 829 1547 900 euudemiDanielern.

76 923 139 982 tres
158 935 258 979 annos
280 934 350 978 mem
370 913 505 979 dimidio
527 913 640 993 docuit,
669 917 698 977 et
719 913 764 978 ad
785 912 926 978 eoelestia
947 915 1057 996 aedili·
1199 915 1406 981 Tricesimum
1427 920 1613 984 securednm:
1644 920 1733 1003 Quod
1753 926 1890 988 mutaret
1907 927 2047 1006 tenpore
2066 931 2099 993 et

75 1002 175 1069 canit:
212 1001 260 1064 ita
274 1019 367 1082 papa
388 1000 431 1064 ad
451 1004 515 1063 tres
536 1017 637 1063 annos
657 1018 727 1064 cum
748 998 882 1064 dimidio
903 1000 1057 1066 coelestem
1110 999 1191 1083 lepos
1212 1020 1251 1065 ee
1267 1007 1361 1084 parte
1382 1001 1456 1070 Dei.
1502 1003 1640 1071 Ibidem.

75 1087 248 1154 doctrinam
272 1083 392 1151 Christi
412 1085 576 1149 destruxit.
1199 1085 1408 1152 Tricesimmn
1429 1090 1572 1155 tertium:
1618 1091 1708 1173 Quod
1736 1097 1853 1158 urnam
1879 1094 1944 1160 sibi
1965 1097 2096 1178 suisque

163 1172 330 1239 Decimum
356 1190 472 1235 nonum
499 1171 639 1253 sipnum:
677 1167 734 1236 Ad
760 1173 823 1235 tres
856 1190 956 1236 annos
987 1190 1057 1236 arm
1109 1170 1269 1251 divideret,
1291 1178 1319 1237 et
1339 1174 1462 1259 insipere
1476 1176 1639 1257 palatium
1658 1177 1840 1260 aedificaret
1853 1180 2093 1249 inlacosoneto.

75 1258 209 1325 dimidio
229 1277 295 1322 esse
316 1256 525 1322 claudendum
545 1255 670 1335 cadum,
703 1274 743 1319 ea
765 1254 845 1320 Elia
866 1256 991 1339 Quum
1012 1262 1057 1323 est
1110 1254 1247 1322 Ibidem,

74 1344 320 1426 manifestatum.
1199 1342 1407 1409 Tricesimum
1428 1350 1593 1426 quartum:
1637 1347 1725 1429 Quod
1745 1347 1852 1415 Deum
1866 1355 2003 1431 patrum
2023 1370 2096 1418 suo-

169 1428 358 1494 Vicesimum
379 1428 520 1511 siquam:
560 1424 725 1491 Mensium
745 1426 957 1509 quadrapinta
978 1427 1057 1493 duo·
1109 1445 1182 1491 rum
1203 1447 1264 1492 nen
1286 1428 1477 1512 intelliperet,
1501 1437 1531 1496 et
1549 1450 1613 1513 per
1632 1453 1695 1501 sna
1715 1433 1912 1516 eopbisrnata
1932 1439 2096 1504 unitatem

73 1535 148 1581 rum
164 1520 209 1580 est
231 1514 337 1580 eodem
354 1513 513 1592 desolatio,
535 1516 564 1576 et
578 1513 723 1578 ecciesiae
739 1511 1054 1597 conculcatio(Apoc.
1103 1517 1318 1593 prosterneret.
1364 1513 1498 1582 Ibidem
2016 1511 2017 1514 ’

78 1606 132 1683 11,
157 1606 202 1666 12
219 1606 247 1666 et
266 1601 335 1685 13).
1198 1598 1406 1664 Tricesimum
1425 1603 1583 1682 quintum:
1608 1603 1697 1686 Quod
1712 1624 1773 1686 per
1793 1606 1901 1688 ipsimi
1921 1608 1965 1672 sit
1986 1606 2095 1674 ablata

164 1691 238 1765 [pag.
258 1690 334 1764 667]
365 1683 555 1749 Vicesimum
570 1682 716 1764 priunum
734 1683 874 1766 sianum:
914 1681 972 1750 Ad
992 1688 1055 1749 tres
1109 1683 1195 1767 iupis
1226 1684 1347 1764 oblatio,
1386 1687 1534 1752 continue
1574 1687 1693 1755 Obristi
1732 1692 1979 1772 communicatio,
2021 1697 2096 1759 teste

74 1772 143 1839 dies
164 1791 234 1837 eum
254 1771 388 1837 dimidio
411 1771 577 1835 iacuerunt
601 1767 756 1834 cadauera
778 1768 884 1834 Masis
911 1767 1056 1835 etEtiae
1109 1770 1213 1834 eodem
1234 1769 1378 1836 Daniele.

77 1859 190 1944 (Apcc
216 1862 282 1936 11).
336 1856 431 1939 Iapis
461 1860 490 1919 et
511 1853 739 1936 proponerem
770 1853 884 1930 babent
905 1856 1057 1938 papistce
1199 1854 1555 1922 Tricesimmnseatum:
1575 1857 1664 1939 Quod
1678 1861 1714 1923 in
1730 1861 1919 1944 coelestibus,
1938 1863 2095 1927 terrestri·

77 1944 212 2021 literam,
234 1948 269 2007 ut
290 1943 433 2021 cadaem,
455 1945 484 2005 et
503 1941 653 2022 spiritum
674 1960 735 2005 nore
756 1940 940 2025 intellieunt,
963 1941 1057 2007 litera
1110 1940 1169 2004 bus
1202 1945 1230 2003 et
1261 1941 1470 2022 infernalibus
1496 1946 1680 2023 potestatem
1712 1944 1840 2024 babeat,
1873 1947 1976 2013 elaces
2002 1948 2095 2028 putei

75 2030 284 2096 iudaieantes.
1110 2025 1227 2108 abyssi,
1240 2025 1467 2107 infernalisque
1477 2028 1639 2093 menonis
1644 2032 2016 2115 potestatem(Apoc.9et
2026 2037 2094 2109 13).

172 2113 361 2180 Vicesimum
382 2111 550 2178 secundnm
571 2112 710 2195 sipnum:
748 2111 837 2194 Quod
857 2112 893 2176 in
914 2110 1056 2177 solitudi-
1200 2110 1407 2176 Tricesimum
1423 2112 1590 2194 septimum
1607 2115 1749 2197 sobrium
1771 2115 1852 2182 Ecce
1867 2116 1927 2196 bie,
1945 2116 2094 2181 eccedlic.

76 2222 147 2268 nem
168 2205 196 2265 et
220 2200 343 2266 deserta
371 2199 436 2264 loca
456 2197 642 2282 supiendum
661 2196 727 2279 fnit
747 2197 802 2264 boc
830 2201 888 2261 toto
910 2202 1055 2278 tempore,
1110 2193 1176 2259 Hic
1214 2196 1418 2280 indulpeutio,
1457 2198 1527 2264 illic
1567 2201 1720 2266 rmnissio.
1767 2200 1832 2265 Hic
1858 2200 1943 2266 locem
1982 2205 2011 2265 ct
2040 2201 2096 2267 elle

76 2293 112 2354 ut
126 2292 200 2370 post
224 2283 383 2351 Christum
400 2284 448 2348 ait
465 2283 609 2349 Ioannes.
641 2282 767 2349 Nullibi
788 2282 936 2347 imotenus
957 2281 1056 2356 licuit
1108 2279 1334 2362 sanctificatur.
1381 2282 1463 2349 Ecce
1487 2285 1523 2348 in
1551 2284 1672 2351 deserta
1700 2291 1746 2352 est
1771 2287 1921 2353 sacellum
1941 2291 2095 2367 sanctorm,
2208 2313 2209 2317 ¹

76 2393 132 2439 nec
151 2374 220 2437 licet
247 2370 365 2448 adbuc,
393 2368 552 2435 ecclesiam
577 2388 685 2433 veram
706 2386 896 2450 concrepare.
943 2365 982 2432 Si
1001 2367 1057 2447 qui
1108 2368 1144 2432 in
1159 2367 1375 2448 penetralibus
1394 2373 1440 2435 est
1460 2369 1603 2435 cadaver.

75 2464 151 2526 sunt
172 2457 246 2522 bene
276 2457 446 2534 sentientes,
478 2455 610 2520 seorsim
635 2472 699 2534 per
719 2453 840 2519 deserta
868 2452 1055 2518 etsclitarii
1198 2452 1408 2518 Tricesimum
1447 2460 1587 2520 oetaocm
1624 2457 1768 2541 siqnum:
1814 2456 1914 2522 Verae
1953 2457 2095 2524 institiae

77 2545 210 2621 latitant,
232 2540 268 2606 ob
289 2542 466 2607 maximam
481 2538 738 2620 persequutionis
760 2537 966 2620 tyrannidem.
1108 2537 1232 2603 tandem
1256 2539 1407 2619 eruditio,
1429 2541 1510 2606 dicto
1531 2560 1598 2623 cap.
1622 2541 1709 2608 Dan.
1735 2546 1787 2606 12.
1833 2542 1931 2607 Nunc
1950 2543 2095 2609 uidemus

171 2627 359 2694 Vicesimum
379 2625 506 2689 tertium
526 2624 672 2708 siquenm:
701 2622 822 2689 Partus
848 2624 1006 2702 ecclesiae,
1029 2626 1056 2686 ct
1107 2622 1247 2688 bomines
1267 2624 1454 2707 intellipcre,
1483 2646 1563 2706 quae
1583 2627 1627 2692 sit
1647 2627 1708 2692 illc
1732 2625 1852 2693 Obristi
1872 2627 1955 2708 tides
1976 2627 2094 2710 instifi-

72 2719 148 2798 post
163 2718 297 2795 partum
317 2712 405 2794 supa.
442 2710 546 2790 speum
561 2710 707 2790 primmn
722 2709 847 2792 peperit
868 2708 1008 2788 ecclesia,
1030 2712 1058 2773 et
1106 2729 1191 2789 cons,
1213 2730 1294 2791 quae
1314 2730 1476 2792 nunquam
1495 2716 1541 2776 est
1561 2713 1596 2777 in
1616 2713 1771 2794 baptismo
1790 2715 1922 2798 coeunte.

74 2803 112 2866 in
133 2798 276 2865 cordius
297 2796 488 2863 armenium
507 2792 667 2861 Christum
686 2794 854 2879 penerardt,
874 2794 988 2878 supata
1010 2798 1064 2858 eso
1197 2795 1405 2863 Tricesimmn
1431 2816 1552 2861 nonum
1572 2799 1715 2882 sianum:
1750 2799 1813 2880 Qui
1835 2799 1992 2865 iustitiam
2012 2799 2093 2867 banc

76 2887 188 2973 (Apcc.
214 2887 281 2961 12).
1107 2880 1220 2959 docent,
1241 2886 1314 2946 sunt
1335 2882 1487 2961 lucernae,
1509 2887 1546 2947 ut
1567 2885 1719 2964 splendor
1737 2884 1940 2966 firrncmereti.
1979 2884 2069 2951 Ibid.

169 2969 360 3036 Vicesimum
391 2970 541 3048 quartum
567 2967 709 3051 sipnum:
749 2964 875 3048 Raptus
894 2964 958 3046 filii
980 2965 1054 3044 Dei,
1198 2966 1480 3049 Quadrupesimum
1500 2969 1643 3052 sipnum:
1672 2971 1768 3035 Nunc
1786 2991 1857 3037 cere
1879 2970 2027 3036 docemur
2049 2971 2094 3037 ad

74 3077 145 3125 mm
166 3055 311 3122 eoelesiae
328 3053 417 3135 fuya.
462 3051 568 3119 Abeo
589 3058 727 3133 tempore
747 3071 808 3116 non
829 3051 970 3133 amplius
990 3051 1055 3133 fnit
1107 3053 1205 3117 eitam
1231 3057 1390 3118 aeternam
1416 3055 1626 3138 eaperqiscere
1647 3054 1795 3136 domines,
1826 3057 1883 3137 qui
1905 3061 1999 3120 antem
2018 3057 2092 3123 dor·

76 3143 223 3210 Obristus
243 3140 410 3218 nobiscum,
432 3143 467 3204 ut
488 3141 535 3203 ait
555 3139 600 3204 ibi
621 3138 767 3203 Ioannes.
1107 3136 1244 3203 miebant
1281 3139 1317 3203 in
1349 3139 1483 3221 puluere
1521 3144 1637 3221 terrae,
1672 3146 1709 3206 ut
1734 3141 1851 3206 ibidem
1885 3141 1934 3206 ait
1960 3142 2091 3207 Daniel.

170 3226 360 3292 Vicesimum
381 3225 526 3306 quintum
543 3225 684 3308 myreum:
709 3222 798 3305 Quod
814 3223 909 3288 draco
925 3241 1053 3288 corono-
1111 3221 1269 3288 Praesens
1301 3243 1383 3290 nunc
1410 3226 1506 3291 datur
1531 3226 1599 3290 nita
1620 3231 1762 3306 adeona,
1790 3245 1872 3308 quac
1900 3224 2093 3292 Antichristi

75 3323 140 3383 tam
162 3312 293 3378 bestiam
314 3312 351 3375 in
365 3311 484 3392 papali
505 3311 576 3376 sede
596 3309 754 3376 collocarit
776 3308 889 3393 (Apoc.
916 3307 984 3394 13).
1108 3309 1229 3374 saeculo
1251 3309 1452 3376 nesciebatur.

170 3397 359 3464 Vicesimum
387 3401 509 3460 sectum
529 3398 672 3480 sipnum:
715 3395 793 3460 Tres
813 3394 951 3475 spiritus
972 3393 1056 3459 blas-
1198 3393 1309 3476 Qimdr
1349 3396 1482 3482 mimum
1504 3397 1651 3476 primum
1678 3397 1822 3480 stonum:
1863 3394 1969 3461 Βορια
1992 3395 2094 3462 deela-

70 3483 232 3568 pbemiae,
281 3481 364 3564 quod
412 3482 650 3548 trinitariarum
704 3481 869 3547 illusiones
917 3480 1056 3561 fecerunt
1107 3483 1201 3545 ratur
1221 3500 1288 3545 csse
1308 3414 1461 3563 &abybon
1483 3486 1518 3546 ut
1540 3481 1649 3547 multis
1671 3487 1717 3547 est
1737 3482 1805 3547 iam
1826 3486 1994 3546 ostensum.

77 3569 189 3653 (Apoe.
212 3571 279 3644 16).
1198 3564 1483 3648 Quadrapesimum
1505 3566 1675 3633 secundnm
1697 3569 1839 3650 sipnum:
1864 3567 1955 3648 Quod
1976 3564 2093 3633 inBa-

171 3653 362 3721 Vicesimum
381 3652 548 3732 septimum
567 3654 706 3741 sipnmn:
740 3649 842 3715 Homo
857 3654 1000 3731 peccator
1020 3649 1056 3714 in
1108 3649 1215 3733 bylone
1238 3655 1315 3729 [pag.
1333 3655 1410 3729 669]
1435 3652 1519 3718 sedet
1540 3659 1686 3718 coronata
1707 3652 1814 3733 bestia,
1837 3656 2035 3734 purpurata,
2064 3655 2095 3718 et

75 3739 187 3822 templo
203 3738 268 3807 Dei
288 3738 407 3815 sedenis,
430 3739 524 3819 quasi
540 3736 632 3802 Deus
652 3738 689 3802 in
710 3737 805 3801 terris
827 3735 873 3820 (2.
887 3735 995 3801 Tbess.
1007 3740 1054 3810 2).
1104 3743 1188 3802 'auro
1204 3736 1303 3819 piena
1324 3735 1436 3820 (Apoc.
1463 3740 1531 3819 17).

171 3823 362 3891 Vicesimum
388 3829 531 3888 octarmm
557 3824 697 3907 sianum:
728 3821 917 3904 Mysterium
938 3821 1056 3902 iniqui·
1198 3821 1482 3905 Quadrupesimum
1501 3823 1644 3888 tertium:
1670 3822 1759 3903 Quod
1780 3822 1818 3888 in
1839 3842 1878 3888 ea
1897 3826 1943 3887 est
1962 3841 2093 3907 repnum
2187 3899 2192 3909 ¹

76 3913 150 3978 tatis
171 3910 268 3975 buius
283 3929 406 3989 papae,
427 3908 564 3973 bominis
579 3908 769 3989 peccatoris,
791 3907 873 3988 quod
895 3906 961 3971 iam
983 3912 1056 3971 tnnc
1107 3927 1202 3989 snper
1222 3927 1311 3990 repes
1332 3912 1440 3973 terrae.
1486 3907 1623 3973 Ibidem.

75 3996 255 4079 incipiebat,
288 3998 322 4060 ut
354 3995 401 4060 ait
427 3994 473 4058 ibi
501 3992 637 4058 Paulus.
683 3994 766 4074 Quia
789 3993 829 4056 ab
848 3992 1056 4074 apostolorum
1198 3993 1483 4075 Quadraccsimum
1509 3998 1674 4075 quartum:
1714 3992 1804 4073 Quod
1832 3991 1901 4057 eius
1936 3992 2095 4075 consibiis

75 4091 215 4166 tempore,
238 4085 266 4146 et
287 4100 327 4145 en
348 4081 420 4161 ipsa
441 4078 650 4160 apostolorum
665 4098 813 4160 persona,
836 4077 916 4142 banc
938 4077 1056 4142 autori
1108 4077 1397 4146 decertationibus
1418 4084 1524 4145 errem
1543 4084 1647 4162 pentes
1671 4077 1783 4164 (Apoc.
1807 4077 1877 4161 18).

76 4175 168 4236 tatem
189 4167 251 4234 sibi
272 4167 377 4244 sumit,
400 4184 513 4249 maereo
534 4165 716 4246 iniquitatis
736 4163 892 4246 mysterio.
1199 4162 1481 4247 Quadrapesimum
1498 4167 1659 4245 quintum:
1679 4164 1768 4244 Quod
1784 4167 1973 4229 mercatores
1989 4168 2094 4229 terrm

169 4253 360 4318 Vicesimum
387 4270 504 4319 mnum
542 4250 686 4334 siynum:
728 4249 816 4330 Quod
842 4248 960 4330 spiritu
991 4247 1057 4312 oris
1108 4250 1246 4332 undique
1267 4248 1310 4315 ad
1329 4269 1399 4314 eam
1417 4250 1576 4333 macipant.
1620 4248 1757 4315 Ibidem.

80 4338 199 4405 Obristi
220 4337 263 4402 sit
283 4336 490 4416 conficiendus
512 4336 562 4401 bic
583 4335 671 4401 bomo
687 4339 838 4418 peccator,
860 4334 897 4399 id
919 4338 973 4412 cst,
995 4354 1058 4414 per
1200 4334 1482 4417 Quadrupesimum
1503 4341 1644 4401 sentum:
1669 4335 1758 4416 Quod
1779 4333 1826 4399 ibi
1847 4338 1894 4399 est
1914 4337 2093 4401 mmcabma

77 4422 262 4506 spirituales
292 4419 409 4488 Gloristi
431 4424 608 4504 ministros,
632 4442 695 4503 per
722 4440 800 4502 quos
827 4425 895 4503 acet
923 4421 1058 4502 spiritns
1110 4420 1327 4503 etneaotiatio
1357 4421 1556 4501 animarum,
1589 4420 1766 4498 bominum,
1804 4424 1835 4483 et
1861 4418 2002 4484 alicrmn
2028 4438 2093 4485 orm

77 4509 145 4576 oris
167 4506 286 4573 Obristi
304 4508 465 4574 nordeum
484 4508 661 4575 illustrans.
1109 4507 1200 4571 nium
1221 4525 1329 4570 rerum
1350 4507 1615 4572 desiderabilium.
1662 4505 1687 4570 1
1689 4505 1798 4571 bibam.

168 4592 376 4657 Tricesimmn
413 4588 555 4676 sipnmn:
599 4592 770 4660 Micbailis
807 4597 836 4659 et
877 4591 1057 4692 uncelenum
1153 4678 1159 4690 ἱ
1199 4592 1482 4691 roadrapesimum
1492 4594 1672 4690 septimum:
1697 4590 1787 4671 Quod
1806 4588 1933 4671 desectio
1945 4590 2090 4690 monimo
2133 4599 2136 4601 ’

71 4676 310 4842 {Tdbbil
319 4682 377 4829 d
395 4677 544 4841 bid·
556 4680 634 4846 iil
669 4676 883 4831 {dimid
891 4677 1058 4831 “3120le
1107 4676 2092 4845 {ll}iilicwl“edilm‘ebliifbldii

76 4852 245 4934 sexcuncia
282 4848 370 4934 repui
408 4848 491 4928 eius,
529 4856 689 4934 consurget
717 4856 790 4930 [pag.
813 4854 890 4928 668]
919 4849 1057 4916 Micbebl
1108 4868 1184 4914 ocra
1202 4848 1266 4930 ride
1289 4846 1417 4928 Obristi,
1439 4847 1574 4913 subortis
1595 4847 1696 4913 tribus
1716 4847 1783 4914 diis
1806 4847 1851 4931 (2.
1878 4846 1988 4912 Tbess.
2009 4848 2058 4930 2).

77 4943 167 5004 stans
194 4954 258 5017 pro
288 4932 369 5015 titiis
388 4934 502 5017 populi
522 4933 588 4999 Dei
615 4937 727 5001 eterit
752 4941 873 5018 tempus
898 4937 1057 5001 maximae
1198 4933 1482 5016 Quadrayesimum
1492 4936 1634 5018 odeum
1644 4935 1786 5017 sipnmn:
1807 4932 1966 4999 Adoratio
1976 4932 2092 4998 bestiae

76 5022 250 5107 anpustice.
306 5020 395 5086 Vidit
422 5019 560 5086 Ioannes
583 5019 727 5101 futuram
750 5026 823 5103 post
843 5041 944 5087 aurcos
969 5022 1057 5088 mille
1107 5021 1336 5104 etimapinum,
1360 5039 1455 5100 quam
1472 5019 1609 5100 quotidie
1619 5020 1762 5086 videnum
1781 5017 1860 5100 (Ap.
1882 5021 1950 5095 13).
1975 5016 2093 5082 Pastor

75 5109 221 5174 ducentos
241 5106 406 5191 senapinta
426 5105 507 5173 banc
532 5104 690 5172 coelestem
711 5127 863 5190 prienam
907 5106 1056 5174 Caelestia
1108 5107 1277 5173 etidotnm
1299 5106 1417 5170 dicitur
1437 5105 1525 5187 opud
1547 5104 1756 5172 Zacbariam:
1781 5105 1861 5188 quia
1887 5104 1956 5186 ipse
1977 5101 2094 5168 adore·

76 5199 106 5261 et
133 5190 295 5258 terrestria
329 5197 435 5258 contra
467 5193 631 5260 draconem
669 5192 955 5258 etAnticlnistum
989 5194 1056 5259 iam
1107 5197 1169 5273 tur,
1190 5196 1220 5256 et
1240 5189 1326 5257 idola
1345 5210 1402 5258 nos
1424 5191 1560 5258 adorare
1578 5192 1666 5274 feeit.
