4800 5902
961 295 1145 376 PRoons
1167 309 1232 376 ΒΕ
1251 307 1445 378 BOLSIIO.

640 694 736 762 LXI.

365 851 658 936 Deliberation
690 864 736 937 et
765 853 1013 966 Ingement

245 1034 403 1119 (Regietre
430 1035 485 1101 deo
507 1035 782 1117 proces-verbane
811 1039 854 1104 du
882 1037 1005 1105 Ooaeel
1042 1039 1106 1106 Vol.
1132 1044 1178 1104 46

355 1121 424 1186 Fcl.
447 1125 523 1186 121.
560 1120 677 1187 Sdaece
698 1123 742 1188 du
762 1127 811 1188 22
831 1122 1022 1209 Decenbre.)

285 1312 350 1378 Me.
363 1310 415 1376 Ih.
428 1309 559 1376 Bolhet.
582 1310 613 1375 A
638 1319 712 1375 ente
724 1333 788 1378 veu
804 1311 836 1378 le
853 1332 989 1395 procepe
1004 1333 1176 1396 rosponeee

199 1406 232 1464 et
259 1397 442 1464 confession
471 1393 583 1461 dudiot
606 1334 727 1462 detenn
754 1405 774 1463 a
797 1419 894 1464 conse
915 1398 972 1464 dee
993 1397 1177 1465 scondellee

201 1491 233 1550 et
261 1482 402 1567 parellee
430 1480 672 1548 scendellensee
700 1483 789 1549 aneei
815 1483 884 1570 quil
912 1504 949 1547 ez
974 1483 1115 1550 mesdict
1143 1489 1177 1549 et

198 1569 291 1654 perle
319 1588 362 1633 en
391 1567 425 1631 la
446 1570 682 1653 congregation
710 1575 744 1632 et
768 1568 901 1634 allieurs
924 1568 981 1635 dee
1008 1569 1176 1633 ministres

199 1654 240 1720 de
261 1659 349 1719 ceste
371 1652 435 1719 cite
457 1659 490 1717 et
510 1672 530 1716 e
551 1653 641 1719 volln
663 1654 832 1719 eoubtenir
853 1654 939 1737 qnila
956 1655 1094 1737 preecho
1119 1660 1177 1719 ent

198 1739 304 1808 nune
326 1736 473 1804 doctrine
494 1744 569 1804 tent
585 1759 646 1822 par
663 1740 785 1822 esoript
801 1760 865 1824 que
882 1739 1081 1805 enltrement
1092 1677 1174 1805 gnr-

198 1844 286 1908 qnoy
303 1830 413 1888 estant
434 1843 499 1907 ony
512 1824 621 1901 ledict
641 1824 780 1890 detenua
802 1832 837 1890 et
857 1824 989 1890 lesdiotz
1007 1824 1176 1889 ministres

198 1909 283 1993 lung
304 1908 428 1974 devant
444 1908 564 1975 laultre
582 1917 616 1974 et
632 1909 860 1992 pareillement
875 1911 968 1976 avoir
985 1931 1051 1975 ven
1069 1909 1175 1977 ladvie

199 1995 257 2061 dee
278 2014 314 2059 es
336 1993 431 2059 lissee
457 1992 498 2057 dc
519 1995 630 2060 Berne
656 1994 756 2061 Baelo
784 2003 818 2061 et
837 1995 977 2074 zurich,
1004 1995 1175 2079 leeqnenlx

198 2080 231 2146 le
255 2015 499 2163 condempnent
531 2088 566 2145 et
597 2102 658 2146 eon
689 2081 846 2164 oppinion
878 2088 1054 2163 requerent
1086 2081 1174 2146 anesi

200 2166 293 2232 evoir
313 2163 406 2231 eduis
433 2185 492 2228 eur
518 2165 635 2232 lediotn
660 2165 813 2232 different
840 2186 956 2232 eoeuee
982 2164 1027 2231 dn
1047 2165 1175 2231 trouble

199 2272 262 2334 que
283 2251 408 2333 porroit
439 2259 526 2317 estre
557 2251 636 2316 feict
667 2274 708 2319 en
741 2252 872 2337 leglisse
905 2251 946 2319 de
971 2259 1084 2317 nostre
1111 2252 1174 2317 sei-

201 2357 307 2420 gneur
336 2342 370 2400 et
405 2335 436 2399 le
469 2344 542 2402 tout
573 2336 743 2403 considere
781 2358 802 2402 e
831 2344 900 2403 esto
932 2336 1078 2402 ordonne
1111 2356 1174 2419 qne

201 2418 336 2486 attende
368 2441 433 2503 que
465 2422 563 2488 lediot
591 2423 745 2489 Iherome
772 2421 911 2488 detenua
943 2443 986 2486 ne
1019 2443 1054 2487 ee
1081 2421 1176 2487 veult

201 2505 329 2572 desdire
368 2514 402 2571 et
441 2509 511 2589 quil
549 2510 688 2592 persiste
727 2529 769 2573 en
803 2528 839 2572 se
874 2507 959 2572 dicte
992 2506 1175 2573 maulvaiee

200 2590 369 2676 oppinion:
437 2592 516 2674 Quil
562 2596 626 2659 ecit
668 2593 820 2677 bempnie
862 2592 1174 2676 porpetuellementa

199 2676 482 2759 publioquementz
504 2686 604 2745 aeon
626 2678 667 2744 de
688 2689 816 2762 trompe
838 2678 909 2743 ale
924 2677 1022 2742 mode
1041 2696 1174 2743 cocone-

200 2768 307 2826 tumee
336 2781 394 2826 sur
418 2784 569 2848 poyenne
596 2764 640 2830 dn
662 2765 753 2849 foyet
778 2770 812 2829 et
833 2762 967 2831 debvoir
987 2769 1075 2828 estre
1095 2783 1174 2829 con·

199 2846 341 2930 dempne
369 2866 437 2912 eux
463 2848 603 2933 despene
631 2847 672 2916 de
699 2848 817 2916 ledicte
860 2849 958 2914 rison.
1001 2849 1053 2913 Le
1075 2849 1175 2914 traie-

197 2941 273 2998 tnnt
305 2933 582 3016 greciousscment
612 2957 655 3001 en
681 2944 750 3002 cest
788 2870 945 3020 endroytr
974 2932 1114 2998 attende
1141 2933 1174 2998 le

196 3027 348 3101 reqneete
371 3017 428 3086 dee
450 3021 497 3087 eei
545 3042 622 3087 eure
649 3020 690 3087 de
712 3021 821 3087 Borne
847 3041 908 3086 noe
928 3020 1173 3102 combonrgeoie

195 3112 232 3169 et
262 3106 352 3171 anesi
384 3112 404 3169 a
436 3126 473 3172 ee
517 3127 626 3190 ongne
654 3106 834 3173 detencion.
879 3107 925 3171 Et
949 3125 1013 3189 que
1041 3103 1173 3170 demain

195 3189 316 3256 ladiote
343 3197 497 3256 sentence
524 3212 560 3257 eo
585 3199 599 3256 t
619 3192 765 3273 proferee
791 3199 826 3257 et
846 3210 1030 3274 prononcee
1053 3189 1175 3256 devant

194 3275 229 3339 la
249 3276 375 3341 maison
397 3274 438 3342 de
464 3277 498 3341 la
518 3215 596 3342 ville
617 3277 883 3361 publioquement
904 3296 1028 3342 comme
1050 3275 1173 3342 doeens.

581 3569 783 3579 ——-——

625 3886 739 3954 LXII.

398 4046 659 4132 -Sommaire
691 4046 750 4129 du
779 4053 939 4158 proces.

194 4228 364 4309 (Archicec
384 4230 423 4296 de
443 4229 570 4296 Getice.
609 4227 723 4294 Prone
743 4228 781 4294 de
801 4226 922 4294 Boleee.
960 4226 1067 4294 Pidcee
1087 4229 1172 4296 de‘lo·

193 4314 277 4378 oties
301 4314 342 4379 N.
363 4319 393 4379 5.
436 4313 518 4380 O'eet
538 4316 571 4381 lo
588 4315 830 4396 recapitulatae
850 4314 906 4380 dee
927 4312 1053 4398 charges
1074 4315 1172 4381 rieul

192 4403 259 4462 tout
287 4401 325 4465 de
353 4400 523 4466 l'eneemdle
549 4402 587 4466 dc
616 4399 648 4465 lo
669 4400 845 4480 procidere
873 4404 902 4464 et
928 4419 987 4465 eor
1013 4399 1171 4482 lesquelles

429 4487 534 4552 deecit
554 4506 588 4552 ee
608 4484 698 4552 baeer
720 4485 754 4550 la
774 4486 934 4569 emmane)

276 4673 365 4760 Prye
386 4675 507 4742 detenu
525 4675 665 4741 atteinot
682 4682 716 4741 et
733 4673 914 4740 convaincu
929 4694 1013 4757 pour
1028 4695 1064 4739 ee
1081 4679 1169 4740 estre

190 4766 556 4843 presumptueneement
588 4760 857 4826 temerairement
889 4764 923 4825 et
955 4764 1069 4825 eontm
1097 4767 1169 4825 tout

190 4841 287 4909 ordre
307 4845 382 4911 leve
410 4868 452 4913 cn
479 4846 513 4912 le
538 4847 663 4912 saincte
689 4846 920 4930 congregation
941 4852 1168 4911 acoouetumee

190 4927 334 4996 descire
361 4952 404 4998 en
420 4940 509 4999 ceste
528 4932 592 4998 cite
612 4938 688 4996 tous
714 4930 764 4996 les
785 4929 956 5014 vendredy
981 4931 1088 4996 motin
1105 4950 1168 5014 per

188 5014 238 5080 les
259 5015 428 5083 ministres
448 5016 575 5105 dycelle
597 5025 631 5082 ot
651 5017 685 5081 lc
705 5014 1006 5100 impudioquement
1022 5023 1056 5082 et
1070 5015 1165 5082 effre-

188 5110 326 5167 noment
355 5105 448 5170 avoir
473 5101 655 5170 oontredict
685 5123 752 5168 aux
780 5101 922 5169 seinotes
948 5102 1166 5186 propositione

189 5184 226 5252 la
251 5205 313 5269 par
340 5189 501 5274 anlonnge
524 5187 648 5254 deedite
675 5188 842 5254 ministres
868 5187 968 5254 miees
993 5209 1037 5254 en
1064 5196 1166 5256 arant

2144 323 2208 386 246

1231 503 1265 561 et
1286 517 1328 561 eu
1350 496 1417 563 lien
1438 497 1479 563 de
1500 520 1536 563 se
1558 497 1695 565 debvoir
1716 506 1888 565 eontenter
1910 500 1967 567 des
1984 502 2210 574 reieonnablee

1230 589 1493 650 remonstranoee
1515 589 1537 648 a
1556 583 1617 683 lu)⁷
1634 585 1747 650 faictes
1769 605 1829 668 par
1851 585 1899 651 les
1921 587 2063 654 eeinctee
2086 593 2209 675 escrip·

1231 673 1321 731 tures
1344 667 1411 732 dict
1428 668 1497 749 quil
1514 668 1617 735 volort
1633 669 1809 753 impugner
1826 671 1860 735 le
1877 670 2023 737 doctrine
2041 684 2139 755 quest
2154 677 2209 762 icy

1230 771 1272 815 en
1294 759 1381 817 ceste
1403 752 1466 818 cite
1488 752 1644 835 preschee
1666 761 1699 819 et
1721 775 1868 820 enuncee
1886 762 1919 821 et
1940 769 2209 841 arrogantement

1230 834 1369 901 exhorta
1389 837 1422 901 le
1483 859 1505 902 u
1527 838 1558 903 le
1580 845 1602 903 a
1623 859 1659 904 εθ
1677 839 1797 922 garder
1818 840 1859 906 de
1880 841 1983 908 ladite
2005 842 2152 911 doctrine
2174 856 2209 912 et

1230 922 1360 1005 appelle
1380 858 1482 988 ioeffg
1497 859 1644 988 doctrine
1666 923 1886 991 scandalenee.

1314 1041 1403 1106 Item
1423 1048 1457 1107 et
1478 1041 1585 1125 lequel
1608 1043 1915 1110 scandeleueement
1935 1054 2023 1131 myst
2044 1067 2087 1112 en
2104 1058 2209 1118 event

1229 1127 1361 1209 opinion
1391 1126 1496 1192 fenlee
1524 1137 1558 1190 et
1589 1147 1725 1193 erronee
1758 1129 1799 1194 de
1824 1130 1965 1212 laquelle
1998 1132 2022 1195 il
2054 1143 2105 1198 eet
2138 1143 2207 1200 este

1229 1213 1429 1279 conveincna
1458 1232 1517 1295 per
1544 1212 1666 1278 devant
1698 1235 1759 1279 noa
1787 1214 1853 1279 dits
1875 1213 2055 1300 Seignenrs
2083 1216 2206 1285 dhene-

1228 1305 1320 1363 ment
1341 1319 1401 1380 per
1422 1297 1663 1382 tesmoigneges
1685 1298 1726 1364 de
1744 1298 1777 1364 le
1798 1300 1923 1366 saincte
1945 1302 2133 1386 eeoriptnre.

1230 1502 1236 1516 ⁸
1284 1418 1399 1518 ‘Item
1432 1424 1467 1481 et
1498 1417 1647 1516 eombien
1680 1438 1744 1518 que
1776 1419 1800 1482 il
1833 1439 1868 1484 se
1900 1420 1963 1485 eoit
1995 1422 2131 1506 submye
2163 1443 2206 1489 an

1227 1500 2008 1672 ttfffttlntsslnnlntpttlttt
2025 1505 2207 1678 title

1228 1673 1292 1737 soit
1313 1681 1381 1739 este
1403 1680 1586 1739 remonstre
1607 1695 1660 1740 εοε
1681 1677 1899 1758 propositione
1920 1683 2008 1741 estre
2030 1677 2151 1744 feulece
2172 1687 2207 1745 et

1227 1758 1337 1824 icellee
1359 1757 1634 1841 condempnables
1661 1760 1687 1823 il
1714 1761 1892 1843 apersieto
1914 1782 1956 1826 en
1978 1782 2038 1826 eon
2061 1762 2206 1829 obstine·

1226 1844 1297 1908 tion
1319 1850 1353 1909 et
1375 1865 1509 1910 encoree
1552 1866 1593 1909 ue
1615 1847 1862 1931 souventeffoys
1891 1846 1914 1911 il
1941 1867 1976 1911 se
1997 1847 2062 1913 eoit
2088 1869 2206 1915 enses

1227 1950 1400 2013 responces
1422 1865 1605 1996 contmdict
1624 1930 1742 1997 iameis
1762 1952 1806 1995 na
1824 1931 1901 1999 volu
1918 1934 2141 2016 recognoistre
2157 1955 2205 2019 ny

1227 2015 1393 2081 confessor
1413 2036 1450 2081 ea
1470 2014 1573 2080 fanlte
1595 2024 1627 2079 et
1649 2037 1772 2081 erreur.

1312 2134 1400 2200 Item
1427 2142 1462 2199 et
1493 2135 1643 2200 eombien
1669 2134 1738 2217 quil
1766 2135 1829 2199 soit
1862 2143 1930 2202 oete
1962 2136 2204 2203 treshumaine-

1226 2227 1319 2284 ment
1335 2220 1452 2286 traicto
1469 2240 1535 2284 eux
1548 2220 1679 2304 prisone
1696 2240 1775 2285 erec
1793 2219 1924 2286 doulcee
1942 2231 2205 2288 remonstrancee

1226 2314 1260 2370 et
1292 2305 1479 2388 gracieuees
1514 2304 1677 2371 deffences
1710 2302 1750 2369 de
1788 2326 1830 2370 ne
1869 2306 1998 2389 publier
2029 2328 2066 2373 ea
2097 2307 2204 2374 faulse

1226 2390 1361 2472 opinion
1392 2412 1439 2476 ny
1466 2411 1527 2473 per
1552 2391 1680 2457 bonohe
1709 2411 1755 2474 ny
1783 2412 1845 2475 per
1872 2393 1993 2475 escript
2025 2413 2061 2458 ce
2088 2400 2204 2458 noant

1226 2475 1357 2559 moings
1378 2496 1462 2558 pour
1483 2475 1554 2542 cele
1579 2475 1605 2539 il
1631 2496 1677 2540 na
1697 2485 1787 2541 cesse
1815 2483 1850 2541 et
1868 2487 1983 2543 contre
2010 2483 2081 2543 tout
2107 2477 2205 2544 ordre

1227 2569 1261 2624 et
1282 2559 1441 2625 modestie
1462 2559 1672 2627 ohrestienne
1693 2560 1718 2625 il
1741 2571 1808 2626 sest
1824 2562 1937 2645 ingere
1956 2582 2036 2628 avec
2053 2564 2204 2630 temerite

1227 2654 1261 2709 et
1294 2644 1415 2711 audace
1452 2645 1492 2711 de
1524 2646 1607 2711 faire
1641 2645 1744 2712 troble
1771 2655 1806 2710 et
1833 2647 1986 2713 ecendnle
2018 2668 2060 2712 en
2090 2647 2204 2732 legliec

1226 2741 1394 2814 evanpant
1410 2751 1531 2815 propos
1549 2730 1726 2797 seditienlx
1743 2741 1776 2797 et
1794 2752 1831 2798 ce
1849 2742 1922 2796 tant
1939 2731 1979 2797 de
1996 2732 2122 2798 bonohe
2139 2754 2204 2816 que

1226 2836 1287 2899 per
1306 2815 1486 2899 eecriptnre
1509 2816 1549 2882 de
1571 2817 1705 2883 baledes
1726 2823 1760 2883 et
1781 2816 1954 2882 chensons.

1310 2936 1397 3000 Item
1419 2944 1453 3000 et
1474 2955 1512 3001 ce
1533 2957 1575 3001 en
1595 2935 1732 3001 tachent
1753 2942 1787 3001 et
1803 2937 1983 3018 persistant
2005 2935 2046 3003 de
2068 2939 2204 3005 attrairo

1225 3020 1432 3191 geeisegffiee
1454 3022 1585 3104 opinion
1607 3021 1772 3102 plusieurs
1793 3043 1876 3107 gene
1894 3043 1937 3088 au
1956 3043 2032 3106 gros
2050 3021 2204 3090 scandale

1310 3225 1397 3291 Item
1421 3232 1455 3292 et
1475 3225 1584 3309 lequel
1602 3247 1622 3290 a
1639 3225 1761 3310 oberge
1777 3225 1826 3291 lce
1843 3226 2011 3293 ministres
2029 3226 2070 3291 de
2087 3227 2203 3310 legliee

1226 3309 1266 3375 de
1295 3317 1383 3376 ceste
1410 3311 1474 3377 cite
1506 3318 1579 3376 tant
1607 3311 1648 3376 de
1676 3310 1801 3377 bonohe
1851 3333 1892 3375 ne
1924 3332 1984 3394 par
2013 3312 2134 3394 escript
2162 3309 2203 3376 de

1224 3397 1329 3461 feulse
1352 3396 1516 3462 calumnie
1534 3404 1568 3460 et
1589 3418 1610 3461 a
1626 3395 1740 3461 teeohe
1762 3395 1803 3460 do
1825 3332 1977 3461 diffamer
1997 3396 2031 3461 la
2052 3395 2202 3461 doctrine

1225 3481 1266 3631 ge
1292 3480 1382 3546 Dieu
1406 3491 1440 3546 et
1469 3480 1502 3545 la
1529 3479 1649 3545 rendre
1676 3479 1808 3545 odienee
1835 3489 1950 3546 contre
1976 3488 2066 3545 toute
2092 3481 2203 3546 raison

1247 3567 1400 3633 everito.

1311 3686 1398 3751 Item
1420 3692 1454 3748 et
1474 3683 1744 3748 temerairement
1770 3690 1804 3747 et
1830 3682 2113 3766 magistralement
2133 3691 2203 3748 sest

1223 3771 1339 3856 ingere
1361 3768 1551 3835 denticuller
1577 3777 1691 3832 contre
1716 3767 1750 3832 la
1772 3766 1920 3833 doctrine
1942 3765 2066 3834 desdite
2087 3767 2202 3834 minis-

1224 3864 1292 3922 tres
1310 3855 1426 3922 choses
1443 3854 1681 3920 oalumnieuses
1698 3862 1732 3918 et
1743 3851 1962 3919 destructivee
1979 3851 2019 3920 de
2030 3854 2063 3917 le
2077 3854 2202 3920 saincte

1223 3942 1362 4026 religion
1383 3941 1599 4007 ohrestienne.

1309 4060 1397 4126 Item
1425 4066 1460 4124 et
1485 4057 1633 4124 eombien
1661 4057 1730 4140 qnil
1762 4078 1824 4144 aye
1851 4065 1982 4140 accepte
2012 4064 2046 4122 et
2072 4056 2140 4122 diet
2167 4077 2202 4122 ee

1223 4146 1329 4212 voloir
1349 4145 1437 4211 tenir
1458 4152 1480 4210 a
1501 4164 1538 4210 oe
1556 4163 1619 4226 qne
1640 4144 1673 4207 ie
1692 4142 1717 4206 il
1739 4146 1830 4208 avoit
1851 4162 1915 4208 ven
1937 4163 2000 4226 que
2022 4141 2070 4206 loe
2087 4141 2201 4206 minis-

1223 4240 1291 4298 tres
1326 4229 1383 4299 dee
1421 4229 1540 4330 eglieee
1572 4227 1727 4328 roysines
1759 4250 1820 4311 per
1850 4228 1924 4292 leur
1957 4225 2062 4310 edvye
2094 4225 2135 4291 de
2169 4226 2203 4290 le

1223 4318 1348 4383 saincte
1370 4321 1553 4398 eecnpture
1573 4333 1642 4396 pne
1659 4335 1702 4378 en
1720 4311 1860 4380 dieoient
1876 4333 1920 4379 ne
1938 4321 2006 4379 sest
2022 4331 2083 4394 pce
2099 4311 2202 4377 voulu

1223 4402 1378 4469 detorner
1400 4400 1441 4466 de
1467 4421 1506 4466 ee
1533 4397 1620 4465 dicte
1641 4398 1748 4464 feulee
1771 4398 1904 4483 opinion
1926 4397 2067 4481 laquelle
2094 4397 2203 4464 iceulx

1223 4488 1403 4553 iustement
1436 4484 1681 4567 condempnent
1712 4485 1796 4550 maie
1827 4483 2050 4550 obstinement
2082 4502 2102 4547 a
2134 4481 2203 4549 dict

1221 4572 1328 4639 voloir
1349 4570 1522 4638 demourer
1543 4589 1586 4635 en
1607 4568 1701 4634 icelle
1724 4589 1781 4633 eon
1799 4569 1943 4653 opinion.
