4604 5896
78 294 142 356 sss
745 251 1403 353 'ssfflaossssnossvnsasr
2031 291 2100 353 oso

77 482 203 559 occepta
224 495 346 556 semper
366 473 495 539 habetur
515 471 589 538 haee
610 471 716 553 ipsius
733 471 826 551 tides,
855 475 883 533 et
904 470 934 534 ei
952 469 1057 552 pratis
1103 492 1165 553 per
1186 471 1342 556 insiqnem
1370 472 1547 554 apostasiae
1568 471 1761 539 illusionem:
1782 479 1839 539 out
1872 479 1993 558 torpore
2019 495 2093 556 quo·

78 563 195 629 aceedit
226 561 361 641 spiritus
399 559 575 639 cicilinus,
617 558 742 638 ipseque
782 555 927 620 Christus
966 559 1055 620 totus.
1109 557 1185 622 (ιονν
1207 558 1250 622 ael
1269 563 1425 622 mortuam
1444 557 1539 637 helem
1551 559 1680 640 penius
1693 559 1856 640 ducamur,
1880 560 1968 624 vitiis
1984 561 2093 627 concis

79 648 181 715 Actus
202 646 256 711 ille
287 645 363 726 helei
390 644 521 709 seorsim
541 642 765 720 consideratus,
796 661 859 705 nen
879 659 918 705 erc
938 645 1057 704 natura
1108 640 1218 708 abrech.
1244 642 1292 706 Hi
1313 643 1373 708 soli
1395 648 1469 707 sunt
1490 644 1552 708 duc
1573 643 1667 721 morli,
1690 646 1804 725 quibus
1820 646 1908 710 horno
1919 666 1981 727 ρον
1995 646 2093 728 spiri-

77 755 141 800 sua
162 731 328 809 iustiheot,
351 750 406 796 nec
427 749 466 793 ea
487 749 519 793 se
540 729 606 794 solo
625 732 669 793 est
690 728 738 791 ita
757 744 920 807 operosus,
942 725 997 790 sul
1017 744 1057 788 ea
1108 733 1175 791 tum
1199 724 1320 792 Christi
1339 729 1496 811 reqenitus
1518 728 1561 793 ael
1581 733 1712 793 mortem
1726 736 1829 812 petest
1844 751 1981 811 peecare.
2030 731 2093 811 Qui

76 819 186 904 qratia
211 822 240 882 οι
267 816 385 896 spiritu
407 812 532 898 Christi.
577 813 654 895 Ipso
675 811 836 890 Christus,
858 811 913 891 qui
935 809 1058 875 credere
1109 812 1171 877 elue
1192 813 1279 878 mooli
1311 813 1354 878 aa
1386 833 1484 877 unum
1511 814 1718 894 reducuntur,
1752 817 1796 881 ael
1824 816 1929 896 ipsius
1954 816 2093 896 spiritus

78 905 143 983 aar,
166 923 204 969 ea
226 921 287 966 sua
301 901 410 984 pratia
429 899 600 964 ibaaaum
614 899 638 980 ¹)
657 902 814 978 acceptum
827 894 923 975 habet,
941 895 1058 976 spiritu
1108 896 1185 977 helei
1206 899 1370 963 iacturam.
1414 898 1538 964 Eadem
1559 899 1672 981 iqitru,
1706 920 1786 980 quae
1813 906 1881 967 erat
1907 900 1988 982 heles
2009 901 2095 979 oica,

79 1009 137 1055 suo
144 991 172 1065 ²)
199 991 304 1053 saneto
331 986 422 1050 illum
447 984 578 1065 mirifice
598 987 741 1061 moenai,
768 1001 806 1046 oc
826 980 968 1046 coelestia
983 979 1059 1061 plu·
1110 987 1154 1047 est
1169 988 1280 1064 postea
1297 983 1377 1063 tides
1397 990 1535 1064 mutuo,
1558 984 1625 1048 nisi
1645 984 1720 1065 quis
1740 987 1891 1066 spirillum
1910 987 1987 1067 fidei
2009 986 2095 1051 auu

79 1075 166 1139 rima
191 1074 294 1157 protis
321 1071 428 1149 lenm,
469 1090 548 1151 quoe
568 1089 630 1149 per
656 1068 758 1133 alium
780 1070 883 1131 caum
904 1064 1056 1147 donare⁸)
1110 1088 1175 1132 esse
1194 1068 1297 1148 fidem.
1341 1067 1505 1150 Differuut
1536 1073 1640 1135 tanuen
1665 1073 1818 1151 maxime,
1852 1074 1931 1153 quia
1957 1071 2094 1154 uberes

73 1160 236 1242 potuisset.
273 1156 347 1222 Non
362 1157 494 1237 proprie
515 1174 586 1237 erpo
608 1154 726 1218 ‹tieitm
747 1153 867 1218 caritas
888 1169 953 1216 esse
972 1151 1057 1231 fruc
1107 1152 1183 1232 fidei
1211 1158 1257 1217 est
1279 1152 1377 1231 Deus,
1410 1160 1437 1218 et
1467 1154 1547 1234 libes
1576 1160 1620 1219 est
1647 1161 1737 1221 aetus
1765 1162 1888 1222 oreatus
1913 1158 1950 1222 in
1972 1157 2092 1221 anima.

80 1249 132 1309 tus
151 1244 234 1324 (idei,
257 1243 312 1307 secl
330 1242 455 1324 fruaus
474 1240 620 1321 spiritus,
642 1243 676 1302 ut
697 1239 781 1303 dccet
804 1235 945 1301 Paulus:
979 1235 1059 1301 sicut
1112 1236 1176 1301 Per
1195 1239 1344 1318 spiriteum
1368 1238 1446 1318 fiaes
1473 1241 1580 1304 οαᾱονι
1604 1240 1693 1305 Petri
1711 1241 1798 1323 faeta
1826 1249 1871 1308 est
1892 1243 1980 1321 oica,
2009 1261 2091 1322 quae

77 1329 159 1410 'ides
186 1327 260 1409 ipsa
287 1331 331 1391 est
354 1327 480 1407 fructus
506 1325 650 1406 spiritus.
696 1321 840 1403 Spiritus
864 1321 982 1386 aeuu
996 1340 1059 1400 per
1109 1327 1201 1388 antea
1221 1343 1284 1389 nen
1305 1329 1372 1389 erat
1394 1324 1441 1388 ita
1461 1325 1543 1389 oica.
1589 1324 1679 1390 Sicut
1697 1332 1858 1407 peccatum
1880 1328 1978 1406 ν’ἁονν,
2011 1324 2094 1407 quael

79 1413 328 1479 exercitationem
355 1411 517 1493 quandam
542 1430 600 1474 nes
625 1409 754 1474 corhote
775 1412 803 1472 et
824 1405 968 1488 operibus
1028 1425 1059 1469 o·
1110 1412 1181 1472 ante
1201 1414 1229 1473 et
1245 1413 1318 1490 post
1333 1411 1593 1492 reqenerationem
1603 1411 1628 1493 ¹)
1651 1411 1789 1476 uincitur
1808 1434 1830 1476 a
1847 1413 1929 1477 aito:
1951 1410 2094 1491 italides

77 1498 219 1581 ptumus,
254 1518 276 1561 a
297 1497 411 1578 quibus
432 1494 570 1576 eoriches
594 1493 768 1576 efficaciam
794 1493 916 1575 accipit.
992 1490 1059 1555 ides
1110 1493 1217 1557 coelem
1238 1491 1358 1559 Christi
1378 1497 1617 1577 perspiritum
1675 1496 1759 1561 utine
1784 1497 1880 1563 vincit
1900 1502 2038 1576 mortem
2065 1498 2094 1560 et

74 1604 138 1666 per
158 1584 321 1648 caritatem
343 1587 388 1647 est
404 1581 524 1664 efhcaa,
547 1578 721 1661 efficaciam
737 1579 829 1657 doru,
847 1576 1058 1659 aaompiens:
1110 1579 1179 1642 sine
1200 1598 1233 1644 ec
1259 1580 1396 1644 elusim
1417 1600 1439 1644 o
1459 1585 1564 1645 morte.
1609 1517 1708 1646 ebba
1728 1602 1799 1663 erqo
1820 1584 1894 1647 oioa
1915 1588 1975 1661 est,
1997 1599 2093 1662 quam

79 1668 116 1733 iol
137 1668 219 1749 quod
239 1667 318 1733 alibi
339 1667 420 1732 inter
441 1670 528 1731 actus
549 1669 576 1730 et
597 1664 722 1729 habitus
732 1663 882 1741 uidemus,
901 1667 937 1726 ut
952 1665 1059 1725 mutuo
1110 1663 1246 1743 spiritus
1269 1665 1393 1746 qratioe
1418 1665 1563 1746 viviticat.
1617 1665 1698 1730 Vina
1717 1666 1796 1747 heles
1821 1688 1948 1733 semum
1969 1666 2094 1731 clarum

80 1773 114 1820 se
135 1752 282 1818 roborent.
328 1751 442 1818 Fidem
470 1751 509 1816 ab
536 1751 613 1815 aliis
633 1747 791 1832 sumere⁴)
819 1748 885 1812 oim
905 1748 1059 1828 aliquam,
1110 1747 1201 1813 habet
1220 1749 1574 1832 vivificantisspiritus‚
1597 1755 1764 1816 etcertum
1783 1754 1986 1819 eonscientiae
2008 1751 2091 1816 testi·

81 1839 129 1903 oel
150 1837 406 1919 hiuc'maniseste
426 1836 598 1920 coiliqitur:
618 1836 697 1916 quia
717 1835 748 1900 si
768 1832 808 1899 ab
830 1834 876 1897 eis
896 1852 1058 1910 cessemus,
1111 1834 1250 1898 propium
1278 1835 1316 1900 ele
1341 1833 1472 1900 Christo.
1524 1835 1623 1900 Fides
1649 1839 1722 1902 cieo
1749 1843 1794 1902 est
1824 1845 1898 1917 [pag.
1923 1840 1998 1915 632]
2027 1856 2093 1918 quo

80 1923 216 1989 nentur
234 1924 320 2004 heles.
345 1923 422 1987 Nisi
442 1923 572 1987 curiale
593 1926 621 1985 et
639 1917 785 2002 operibus
805 1917 948 1983 vestitam
966 1917 1060 1998 {idun
1111 1939 1176 1999 nos,
1203 1917 1327 1984 Christo
1348 1921 1503 1999 credendo,
1536 1919 1695 1986 Christum
1713 1923 1748 1987 in
1769 1923 1858 1988 nobis
1880 1925 1983 1988 viuere
2000 1922 2095 1987 senti·

82 2027 247 2088 serbonius,
269 2009 390 2074 nuelate
410 2008 552 2072 moritum.
584 2004 673 2071 Siout
694 2025 733 2069 ea
754 2003 873 2069 actibus
895 2002 1060 2068 roboratur
1112 2023 1192 2068 mus.
1222 2002 1352 2087 Coqnita
1371 2005 1532 2086 riderico,
1552 2005 1649 2087 fonte
1668 2012 1712 2072 est
1733 2009 1907 2074 discernere
1928 2012 2092 2073 manuam.

81 2093 215 2172 babitus,
237 2094 318 2163 sicut
339 2092 609 2158 exercitationibus
630 2091 795 2156 roboratur
815 2108 937 2170 corpus,
960 2094 989 2152 et
1006 2087 1062 2151 leo
1116 2089 1202 2170 Quoue
1222 2089 1341 2155 oluobus
1361 2091 1463 2155 modis
1489 2096 1613 2156 mmtua
1635 2091 1760 2158 clieitm.
1806 2093 1917 2158 Primo
1938 2093 2028 2157 moola
2050 2096 2097 2155 est

80 2179 219 2245 tionibus
249 2179 415 2244 roboratur
445 2177 624 2255 intellectus,
662 2176 708 2240 ita
741 2180 770 2239 et
800 2175 889 2238 benis
915 2173 1061 2254 operibus
1112 2179 1237 2239 mortua
1255 2175 1346 2256 fides,
1386 2195 1467 2257 quae
1504 2196 1666 2259 nunquam
1700 2178 1796 2257 eicit,
1835 2197 1931 2259 quam
1958 2177 2094 2258 spiritus

81 2262 247 2330 roboretur
269 2264 356 2346 fides.
409 2263 496 2329 Sicut
520 2261 641 2328 ieiunio
667 2265 695 2325 οι
719 2260 858 2324 motione
884 2257 1062 2339 uiuiticotur
1111 2261 1236 2342 qratioe
1257 2280 1421 2342 nunquam
1452 2261 1638 2336 vivificavit:
1668 2263 1725 2328 secl
1757 2264 1877 2327 mansit
1906 2263 1990 2328 oelut
2019 2262 2098 2327 leuis

81 2349 186 2433 neoqis
212 2350 363 2431 spiritus,
389 2349 489 2412 itaet
514 2346 692 2427 vivificatur
720 2345 823 2428 maqis
848 2342 936 2424 fides.
984 2343 1061 2407 Nisi
1113 2345 1244 2426 quietam
1270 2345 1436 2411 historiens
1465 2367 1622 2413 essemus.
1675 2347 1786 2412 Sernen
1814 2350 1850 2413 in
1877 2348 2001 2412 sterilia
2028 2348 2098 2412 loca

81 2435 196 2518 iupiter
216 2436 412 2518 neqotiemur,
441 2434 509 2517 iqni
531 2433 631 2499 olerum
658 2436 686 2496 et
705 2432 875 2511 fauentum
896 2428 1059 2505 oldamm,
1113 2430 1160 2494 ita
1181 2431 1313 2508 iaoturm
1342 2437 1486 2512 raptum,
1508 2438 1563 2497 aret
1584 2432 1807 2513 commeatum,
1830 2438 1865 2500 ut
1885 2433 2010 2499 rarlices
2031 2451 2093 2496 reon

82 2521 235 2586 eoanmcil
255 2520 396 2601 spiritns,
417 2519 474 2602 qui
496 2522 540 2583 est
561 2519 636 2598 ipsa
655 2516 730 2596 helei
746 2515 822 2580 vito.
868 2512 956 2579 Siout
977 2514 1062 2597 iqnis
1112 2515 1224 2580 iecerit.
1269 2516 1377 2581 Altero
1406 2519 1496 2584 uuae
1524 2523 1648 2583 mortua
1675 2518 1804 2596 cl'uitm,
1832 2538 1913 2600 qnae
1941 2519 2012 2584 iecit
2033 2516 2096 2583 oli·
2187 2546 2190 2551 ·

82 2604 134 2670 hio
155 2604 349 2671 immutaris
367 2605 526 2670 uobiscum
542 2623 605 2668 non
624 2605 737 2680 nmnet,
758 2600 824 2664 nisi
834 2598 1061 2681 pabulatorea·
1112 2620 1208 2681 quom
1234 2603 1384 2680 radicem,
1413 2603 1509 2684 prins
1530 2604 1625 2682 aiei,
1652 2604 1707 2668 secl
1733 2624 1803 2669 eam
1823 2609 1935 2687 pastea
1956 2604 2093 2684 spiritus

82 2694 143 2770 tur,
166 2695 195 2753 et
208 2691 329 2770 pabulo
351 2690 469 2769 crescit,
492 2690 539 2754 ito
560 2692 587 2753 et
608 2688 694 2770 iqnis
714 2685 850 2766 spiritus
863 2683 936 2749 Dei.
959 2685 1061 2764 Adde,
1112 2685 1254 2767 reliquit,
1281 2693 1316 2752 ut
1342 2688 1378 2752 in
1398 2688 1533 2754 rrihilum
1550 2687 1677 2767 abiait,
1711 2694 1767 2755 aut
1787 2695 1913 2756 mortua
1933 2690 2098 2769 manserit,

82 2775 165 2859 queo
190 2795 281 2840 coena
310 2775 431 2840 lomim
452 2773 569 2839 elicitur
586 2774 681 2839 etiam
706 2772 877 2854 fomertum
897 2769 988 2850 poet,
1014 2769 1062 2852 fo·
1112 2772 1195 2836 uelut
1219 2772 1296 2853 helei
1322 2773 1463 2839 οοοιουον.
1509 2772 1641 2839 Mortua
1668 2794 1739 2858 erqo
1758 2773 1838 2855 fides
1860 2780 1920 2854 est,
1948 2795 2028 2856 quae
2052 2777 2098 2840 est

82 2866 219 2926 meretum
251 2861 367 2925 interni
401 2859 552 2940 hominis,
591 2859 648 2940 qui
683 2859 752 2922 sine
783 2855 966 2937 quotidiano
994 2855 1060 2920 cibo
1113 2856 1182 2921 sine
1202 2858 1320 2938 spiritu
1341 2858 1430 2923 citae.
1465 2858 1599 2924 Mortua
1618 2859 1697 2939 tides
1714 2881 1775 2925 non
1797 2866 1841 2927 est
1855 2862 1989 2942 proprie
2009 2859 2098 2941 heles,

81 2945 272 3012 contabescit.
316 2945 506 3025 Baptismus
530 2964 601 3009 aero
627 2961 822 3026 reponemus,
854 2941 971 3007 licitur
996 2941 1062 3005 aito
1112 2941 1195 3007 sicut
1213 2942 1301 3010 leorae
1323 2947 1464 3009 mortuus
1485 2965 1548 3010 non
1569 2949 1612 3011 est
1629 2943 1725 3010 hano.
1756 2944 1844 3012 Mori
1861 2952 1966 3011 autem
1978 2945 2095 3011 sensim

81 3032 156 3114 helei
180 3035 255 3109 [pig.
276 3034 351 3109 631]
374 3050 430 3095 seu
451 3030 706 3108 instrumentum,
729 3048 788 3109 quo
810 3027 875 3092 rita
895 3027 1060 3108 confertur,
1113 3028 1149 3090 in
1180 3028 1270 3094 uobis
1304 3030 1421 3099 cucur
1439 3029 1533 3110 pidet,
1572 3031 1696 3113 quondo
1723 3032 1877 3098 hhuntur
1903 3033 2097 3110 vestimenta,

77 3138 140 3201 per
161 3117 367 3197 mmfieentem
388 3116 631 3199 reqmcratienis
651 3114 810 3195 spirituum.
839 3111 937 3178 Fides
957 3113 1061 3194 itaque
1112 3119 1233 3178 cessant
1250 3114 1396 3196 fonsneta,
1414 3115 1560 3199 lanquent
1576 3136 1680 3198 opera,
1701 3116 1844 3200 friqeseit
1864 3118 1991 3195 caritas,
2015 3117 2096 3198 ον’ροι

83 3203 250 3284 diffinitur,
273 3222 339 3267 csse
357 3201 477 3282 fillucio
498 3206 582 3266 tanto
598 3199 775 3283 perfectior,
797 3202 912 3280 quanm
935 3199 1061 3276 eunies,
1113 3218 1195 3278 caro,
1229 3205 1396 3282 erumpunt
1423 3202 1517 3280 vitia,
1552 3201 1764 3284 exstinquitur
1790 3202 1933 3283 spiritus,
1962 3202 2097 3266 moritum

84 3292 200 3369 quanto
222 3287 372 3365 stabilior,
405 3292 442 3352 ut
468 3287 588 3351 indicat
614 3305 673 3350 aar
694 3297 787 3376 potin
812 3284 947 3363 heernin,
980 3283 1062 3348 unae
1115 3282 1268 3349 Christus.
1315 3285 1403 3367 Quae
1427 3285 1598 3371 tempore&
1623 3291 1731 3350 nostro
1757 3289 1875 3352 sensim
1902 3287 1946 3353 ael
1967 3291 2098 3352 mortem

84 3393 194 3437 nuncu
221 3374 333 3453 accipit
362 3372 448 3453 fides.
494 3371 545 3436 De
573 3391 610 3437 ea
640 3372 686 3434 ita
713 3369 852 3451 loquitur
873 3367 1063 3451 Iehosaphat
1112 3389 1262 3450 mamm,
1290 3371 1373 3435 docet
1396 3367 1542 3437 Cluistus
1563 3373 1598 3436 in
1619 3370 1832 3453 Apocalypsi:
1862 3373 1947 3455 Quia
1969 3372 2096 3454 tepidus

85 3457 243 3522 2Paral.
264 3463 328 3521 20:
367 3456 501 3523 Stabiles
522 3457 595 3521 sitis
615 3456 650 3520 iu
671 3454 739 3520 Deo
756 3460 855 3520 oestro
877 3460 905 3518 et
925 3455 1062 3520 mabilio-
1113 3474 1154 3533 es,
1176 3455 1330 3537 incipiam
1351 3459 1379 3519 te
1400 3475 1524 3522 camec
1537 3458 1565 3541 Β)
1610 3455 1784 3537 Incipiam,
1808 3457 1868 3538 ait,
1889 3479 1952 3524 non
1972 3463 2001 3521 tc
2021 3477 2096 3524 moa

86 3543 175 3606 mini.
215 3541 260 3606 Et
280 3542 358 3607 Eso.
384 3548 420 3607 7:
457 3541 495 3608 Si
517 3541 643 3606 stabiles
661 3540 724 3622 risle
745 3560 808 3605 nou
829 3541 913 3619 estis,
934 3559 988 3605 nec
1009 3559 1063 3604 aas
1107 3538 1252 3621 perulam.
1284 3539 1353 3624 Epo
1375 3541 1432 3606 eliu
1454 3546 1481 3606 te
1503 3546 1649 3623 exspecto,
1671 3545 1792 3621 tempus
1813 3543 2019 3624 resipiscendi
2040 3543 2097 3609 elo:

85 3628 211 3710 qur'elem
237 3627 448 3693 stabiliuniui.
494 3626 650 3711 Maqnorn
672 3625 767 3706 helem
795 3629 880 3690 coeat
909 3622 1063 3705 Christus,
1113 3629 1149 3689 tu
1169 3626 1318 3707 confirma
1338 3645 1404 3705 eos,
1432 3627 1488 3706 qui
1516 3627 1559 3692 ael
1579 3630 1707 3692 mortem
1726 3632 1832 3693 ruunt.
1878 3627 2000 3696 Memor
2027 3633 2099 3709 esto,

85 3718 114 3778 et
145 3713 299 3778 medicam
332 3714 441 3794 siden,
481 3713 535 3777 ubi
568 3717 612 3778 est
648 3710 822 3776 haesitatio.
875 3710 962 3775 Hine
994 3729 1064 3774 cere
1114 3710 1196 3776 uncle
1222 3713 1390 3790 cecideris,
1416 3732 1472 3794 aqe
1487 3712 1713 3792 poenitentiam
1736 3718 1765 3778 et
1786 3713 1899 3795 prima
1920 3735 2015 3796 opera
2034 3716 2098 3797 tac.

85 3818 258 3883 coqnesces,
286 3798 422 3880 qualiter
442 3798 479 3862 in
499 3797 587 3863 nobis
608 3797 744 3860 mmitur
763 3795 855 3875 fides,
879 3802 907 3860 et
928 3795 1063 3875 qualiter
1118 3796 1207 3876 Quart
1223 3797 1254 3861 si
1276 3799 1310 3862 in
1330 3797 1414 3862 malo
1425 3816 1614 3878 perseveres,
1636 3797 1743 3862 tollam
1759 3799 1981 3865 candelabrum
1998 3805 2097 3879 tuum,

85 3905 142 3950 nos
163 3885 206 3949 at
233 3889 358 3949 marian
373 3903 549 3964 peccamus.
595 3882 668 3948 Noa
676 3882 705 3965 ⁵)
735 3900 774 3943 ea
794 3882 905 3962 quouis
925 3881 1020 3961 lapsu
1042 3902 1063 3945 a
1114 3886 1143 3946 et
1174 3886 1248 3946 tune
1274 3883 1403 3963 penitus
1429 3883 1589 3963 morieris,
1629 3884 1780 3950 exstincta
1813 3885 1949 3951 lucerna.
2006 3884 2096 3951 Mori

84 3970 211 4053 nobis⁶)
234 3969 354 4035 tellitm
372 3968 599 4048 spiritusfidei,
621 3967 675 4032 sed
694 3986 752 4049 per
765 3966 913 4031 inertiam
924 3971 1064 4031 nostram
1114 3968 1150 4032 in
1171 3967 1259 4032 nobis
1285 3973 1358 4033 tune
1385 3967 1502 4033 dicitm
1526 3967 1684 4047 Christus,
1712 3970 1768 4050 qui
1794 3975 1887 4035 antea
1913 3970 2032 4036 virebat
2059 3970 2096 4034 iu

85 4060 130 4119 est
146 4056 273 4138 passim
293 4053 442 4135 sepultus,
462 4055 614 4119 etcarnis
632 4050 778 4133 fluetibus
793 4052 859 4133 fere
875 4052 1062 4117 submersus.
1115 4052 1211 4118 nobis.
1246 4052 1427 4135 Quicunque
1441 4074 1503 4135 per
1523 4055 1673 4134 spiritum
1686 4053 1805 4120 Christi
1825 4075 1936 4121 sumus
1956 4055 2096 4139 repositi,

87 4139 205 4205 Carnis
222 4140 373 4219 illecebra,
394 4140 462 4205 nisi
479 4139 584 4206 sedulo
602 4157 774 4217 caveamus,
797 4137 892 4218 quasi
904 4137 1064 4202 insidians
1115 4143 1143 4203 et
1163 4139 1302 4220 corporis
1322 4136 1441 4204 Christi
1455 4140 1632 4222 participes
1652 4140 1740 4223 sacti,
1762 4141 1793 4206 si
1814 4141 1849 4205 in
1869 4141 1958 4205 uobis
1979 4142 2096 4205 moria·

86 4225 218 4304 torpeelo,
247 4244 373 4291 sensum
404 4226 540 4308 spiritus
570 4225 661 4289 uobis
691 4222 814 4301 hebetat,
846 4242 961 4305 nosque
986 4227 1064 4287 totos
1115 4228 1167 4288 tur
1186 4225 1279 4305 heles,
1306 4224 1442 4289 elioirnur
1465 4222 1626 4290 Christum
1653 4227 1739 4291 intus
1765 4246 1889 4305 necare,
1917 4232 1946 4290 et
1966 4227 2095 4308 turpius

66 4308 227 4374 mebriat.
285 4312 372 4376 Tunc
403 4331 458 4377 nos
496 4310 716 4377 tentationibus
753 4309 904 4394 qrooibus
936 4308 1065 4390 passim
1115 4329 1212 4393 quarn
1230 4308 1346 4376 Iudaei
1367 4329 1436 4375 eum
1457 4309 1603 4376 instabis
1624 4311 1766 4390 uotae,
1789 4333 1810 4376 a
1831 4329 1892 4392 quo
1909 4316 1994 4377 tanto
2018 4311 2100 4392 faci

87 4393 322 4475 sruacmbimm,
350 4398 404 4463 seri
423 4417 485 4462 nou
506 4398 550 4464 ael
571 4400 713 4463 mortem:
740 4394 807 4460 uisi
826 4395 958 4476 quanrlo,
981 4395 1064 4459 iusto
1115 4415 1190 4461 nore
1210 4415 1267 4462 nos
1288 4395 1382 4462 Iesus
1403 4393 1555 4462 Christus
1577 4401 1681 4462 seruet.
1726 4395 1840 4461 Amen.

83 4475 154 4543 Dei
180 4479 306 4558 iudicio,
339 4480 433 4545 datm
461 4484 550 4549 nobis
580 4488 656 4548 tam⁴
673 4480 805 4564 reproba
837 4500 932 4559 mens,
966 4484 1001 4544 ut
1029 4480 1065 4543 in

88 4565 281 4628 cultrarium
304 4563 426 4631 Christo
453 4567 604 4636 ethnicam
635 4569 846 4650 infidelitatum
873 4566 1063 4644 tendamus,

159 4836 189 4903 1)
208 4838 296 4907 pratia
312 4843 403 4893 aetum
418 4836 501 4893 illum.

158 4904 189 4972 2)
208 4921 258 4960 sua
277 4921 328 4961 om.
789 4957 795 4961 ,Δ
1189 4906 1219 4971 1)
1238 4905 1317 4962 Hace
1333 4920 1367 4960 en
1386 4903 1450 4960 118.
1468 4905 1509 4960 sie
1524 4903 1709 4960 restituenda.-
1732 4944 1739 4959 .
1759 4945 1766 4959 .
1785 4945 1792 4960 .
1810 4944 1817 4959 .
1834 4911 1899 4973 post
1915 4906 2099 4975 regeneratis

158 4972 190 5039 3)
210 4975 285 5030 dare.
1118 4991 1181 5030 nem
1198 4975 1277 5030 nobis
1294 4976 1374 5043 inest,
1391 4980 1455 5029 unte
1471 4975 1704 5044 romnomtionem
1721 4989 1774 5030 nas
1790 4974 1874 5029 vinea
1890 4973 1927 5030 sb
1938 4979 2055 5031 mortem
2069 4976 2100 5032 ot

158 5040 191 5108 4)
209 5044 342 5112 accipere.
1119 5051 1185 5113 post
1202 5043 1433 5113 regenerationem
1451 5043 1566 5098 vincitur
1582 5058 1599 5098 a
1616 5043 1672 5098 vitu
1689 5047 1769 5098 caen.
1946 5050 1949 5056 '

159 5108 191 5179 b)
209 5110 272 5167 Non
290 5112 368 5167 enim.
1188 5110 1219 5177 2>
1237 5118 1340 5179 tepora.
1558 5118 1560 5123 ⁴

159 5176 191 5247 6)
209 5178 283 5235 AM.
300 5196 372 5235 mox.
1188 5179 1218 5245 3)
1238 5193 1372 5235 evomere·
1401 5221 1403 5225 ,

196 5264 312 5322 Oatoim
323 5279 416 5336 opera.
454 5264 513 5321 Vel.
534 5260 622 5320 VIII.
1857 5261 1894 5318 44
