4762 5918
168 333 210 393 rr
993 325 1057 393 uu
1081 326 1356 425 semonnia.
1460 384 1465 392 .
1800 428 1802 433 .
2146 336 2188 400 re
2225 276 2229 282 ’

161 506 342 601 quae'non
364 515 541 580 obscurum
568 512 752 580 divinitatis
773 514 844 580 eius
865 513 1031 597 specimen
1052 533 1149 596 prae·
1199 517 1315 582 mortis
1348 524 1502 584 aeternae
1539 518 1679 584 exitium
1717 518 1902 604 effugiant
1944 519 2066 605 Itaque
2103 524 2184 593 hinc
2238 568 2246 583 ·

164 604 267 668 beret
312 601 389 667 Nisi
411 599 471 664 tibi
492 598 610 665 liberet
631 602 758 685 fingere
779 606 949 682 portenta,
964 598 990 683 ¹)
1017 598 1149 664 nullum
1199 620 1258 666 cus
1281 603 1362 668 icari
1390 603 1533 683 discant,
1562 607 1749 688 quicunque
1776 614 1896 687 sponte
1922 607 2042 672 nolunt
2064 608 2182 693 decipi,

163 689 221 754 hic
243 695 332 754 certe
353 686 532 751 invenires.
577 683 678 750 Fides
699 690 814 751 nostra
836 683 944 762 habet,
967 683 1055 782 quod
1076 707 1148 751 sus·
1199 694 1234 751 et
1256 622 1384 773 decepti
1405 689 1528 772 perire:
1556 696 1595 754 ut
1616 710 1694 755 cum
1715 689 1789 755 Deo
1817 690 1924 757 sciant
1944 690 2007 757 sibi
2029 714 2100 759 esse
2121 717 2182 762 ne·

163 774 291 857 ceperit
313 771 407 837 Deus
428 790 547 853 corpus
576 771 675 836 morti
702 770 888 836 obnoxium.
933 769 1000 834 Hm
1021 777 1147 854 myste·
1199 772 1342 854 gotium,
1371 776 1423 839 cui
1450 775 1553 841 semel
1580 774 1749 841 reddenda
1770 784 1820 841 cst
1841 776 1943 841 ratio:
1976 777 2182 849 horrendum

163 859 252 925 rium
275 856 370 923 audis
392 856 478 938 quod
500 856 633 935 adores,
660 877 729 921 non
751 856 910 935 fabulam,
937 875 1037 938 quam
1060 855 1147 921 deri·
1199 855 1282 920 illud
1304 860 1404 924 etiam
1426 861 1553 944 angelis
1574 860 1720 926 tribunal
1731 868 1917 944 proponant
1929 860 1992 927 sibi
2003 870 2080 928 ante
2102 886 2181 931 ocu·

165 944 260 1022 deas,
293 964 360 1008 non
392 949 580 1006 monstrum
609 940 696 1025 quod
727 941 871 1006 horreas.
917 941 1008 1006 'linae
1036 943 1146 1024 potius
1198 941 1261 1007 los:
1290 950 1513 1010 accusatorem
1535 944 1701 1010 diabolum
1728 947 1790 1011 sibi
1817 947 1991 1011 imminere
2018 950 2181 1032 cogitent:

164 1027 398 1115 ingratitudini
414 1029 553 1111 imputa,
587 1027 675 1110 quod
702 1034 771 1091 tam
798 1025 1048 1094 inaestimabilis
1071 1046 1145 1110 gra-
1199 1026 1338 1098 audiant
1360 1035 1435 1110 [pag.
1456 1036 1509 1109 17]
1532 1031 1750 1097 conscientiae
1772 1051 1852 1096 suae
1874 1033 2115 1101 testimonium:
2138 1034 2182 1100 ad

165 1117 233 1182 tiae
253 1113 426 1180 admiratio
448 1110 604 1179 adversas
625 1133 740 1178 omnes
762 1112 977 1196 cogitationes
1000 1133 1067 1176 non
1088 1111 1146 1177 ab·
1199 1113 1350 1181 stimulos
1370 1116 1496 1198 peccati
1518 1137 1560 1181 ne
1582 1115 1813 1182 obdurescant:
1842 1122 1914 1182 tum
1935 1118 2071 1183 minime
2091 1122 2181 1204 peri·

165 1200 304 1268 sorbeat.
361 1197 439 1264 Scio
477 1198 602 1264 frustra
637 1198 750 1263 multis
783 1199 865 1263 hacc
902 1196 975 1264 dici.
1030 1197 1145 1280 Neque
1199 1198 1310 1264 culum
1332 1202 1405 1278 erit,
1428 1221 1470 1265 ne
1491 1200 1571 1284 quid
1591 1200 1782 1285 pudendum
1803 1201 1975 1267 inveniant
1995 1205 2030 1268 in
2053 1203 2181 1270 Christi

165 1288 266 1353 etiam
301 1306 355 1350 me
383 1284 483 1360 latet,
522 1284 640 1366 quibus
673 1305 733 1349 nos
765 1283 936 1349 cachinnis
968 1283 1145 1365 excipiant,
1198 1295 1319 1349 morte:
1343 1307 1385 1349 ne
1405 1286 1587 1370 ignominia
1608 1288 1715 1353 crucis
1737 1293 1938 1352 terreantur:
1961 1289 2104 1371 nequod
2122 1291 2180 1356 de·

163 1371 251 1455 quod
273 1373 309 1436 in
332 1370 457 1437 Christi
484 1376 591 1434 morte
612 1369 731 1447 vitam,
760 1370 903 1454 gratiam
928 1368 965 1432 in
991 1367 1146 1434 maledic-
1198 1369 1306 1452 nique
1327 1371 1416 1435 aliud
1442 1372 1649 1438 obstaculum
1683 1372 1757 1437 illos
1777 1370 1941 1439 ¹retardet
1985 1375 2096 1441 Huius
2129 1376 2180 1440 rei
2263 1393 2269 1406 ’

163 1461 264 1534 tione
286 1455 551 1521 indemnatione
572 1455 732 1520 iustitiam
754 1473 959 1538 quaeramus.
1000 1451 1145 1532 Scilicet,
1197 1455 1454 1540 pulcherrimam
1467 1496 1471 1504 ·
1484 1458 1664 1542 imaginem
1696 1477 1833 1524 cernere
1859 1457 1939 1524 licet
1970 1459 2007 1523 in
2040 1460 2178 1526 muliere

164 1544 339 1626 inquiunt,
369 1542 416 1605 ita
437 1561 480 1605 ex
501 1538 630 1605 ardenti
659 1541 790 1605 fornace
819 1538 928 1624 gelida
949 1559 1034 1622 aqua
1054 1539 1144 1604 fluit:
1198 1539 1419 1607 Samaritana.
1477 1542 1645 1624 Quamdiu
1688 1542 1729 1607 de
1762 1544 1903 1627 mystico
1940 1565 2045 1626 aquae
2082 1546 2180 1612 vivso

164 1650 209 1697 ex
230 1629 375 1694 tenebris
397 1626 454 1690 lux
472 1626 585 1691 oritur.
622 1624 834 1690 Concludunt
855 1645 944 1709 ergo,
967 1623 1052 1690 nihil
1074 1645 1145 1689 csse
1198 1625 1322 1692 haustu
1343 1647 1418 1693 cum
1441 1650 1480 1693 ea
1502 1626 1690 1712 disputabat
1706 1628 1870 1707 Christus,
1894 1631 2042 1694 suaviter
2062 1651 2180 1713 garru-

164 1713 260 1781 nobis
281 1712 425 1789 stultius,
455 1711 511 1794 qui
532 1720 704 1781 emortuo
729 1711 830 1775 vitam
852 1710 945 1774 nobis
968 1709 1082 1775 datum
1104 1710 1145 1773 iri
1197 1710 1292 1777 litate
1314 1722 1348 1776 et
1369 1713 1495 1779 cavillis
1507 1712 1603 1779 dicax
1625 1713 1831 1783 etaudacula
1841 1713 1989 1782 ludebat:
2003 1715 2028 1799 ¹)
2052 1736 2179 1798 verum,

165 1816 354 1884 speramus:
388 1798 445 1881 qui
476 1818 496 1861 a
525 1796 678 1862 damnato
712 1804 864 1878 petamus
895 1795 1144 1875 absolutionem,
1195 1806 1373 1880 postquam
1400 1799 1598 1883 exprobrata
1630 1798 1678 1863 illi
1710 1800 1908 1866 scortatione
1940 1800 2179 1868 conscientiam

165 1907 211 1952 ex
231 1884 462 1950 maledictione*
480 1882 672 1948 hauriamus
692 1881 758 1947 Dei
780 1880 934 1965 gratiam:
969 1887 1002 1946 et
1023 1881 1066 1946 ad
1086 1902 1145 1963 pa·
1196 1882 1269 1948 eius
1290 1886 1446 1968 pupugit,
1473 1884 1667 1951 facetiarum
1696 1886 1809 1950 statim
1835 1885 1954 1966 oblita,
1982 1886 2180 1969 prophetam

163 1971 308 2037 tibulum
327 1969 563 2052 confugiamus,
586 1975 745 2050 tanquam
766 1968 898 2032 unicam
920 1975 1075 2033 aeternae
1093 1987 1144 2032 sa·
1197 1980 1387 2034 reverenter
1422 1970 1585 2054 agnoseit,
1621 1991 1719 2053 quem
1751 1971 1844 2053 prius
1874 1969 2020 2037 dicterhs
2054 1992 2178 2039 vexare

166 2057 249 2122 lutis
271 2054 456 2120 anchoram.
502 2053 548 2118 llt
569 2052 703 2135 quidem
730 2060 878 2117 nostram
900 2052 1144 2135 simplicitatem
1196 2073 1264 2117 non
1287 2053 1460 2120 dubitabat
1481 2055 1610 2139 (Ioann.
1634 2062 1664 2135 4,
1691 2055 1755 2139 19).
1799 2055 1853 2121 Ita
1874 2077 1956 2138 quos
1979 2056 2120 2121 offendit
2140 2060 2178 2122 in

165 2139 302 2207 ridendo
323 2139 419 2205 valde
446 2139 508 2206 sibi
529 2140 616 2203 acuti
645 2135 808 2203 videntur.
852 2138 926 2221 Ego
947 2144 1058 2203 autom
1080 2137 1145 2202 illis
1197 2137 1331 2204 Christo
1353 2139 1510 2205 divinitas
1531 2161 1606 2207 cum
1628 2140 1832 2205 humanitate
1845 2142 1991 2205 inunum
2002 2161 2179 2225 personam

165 2226 279 2292 deesse
301 2225 382 2304 dico,
406 2224 494 2307 quod
516 2232 567 2288 est
587 2223 622 2288 in
640 2244 720 2291 vera
732 2221 895 2307 sapientia
915 2223 1142 2306 praecipuum:
1197 2225 1380 2302 coniuncta,
1404 2224 1522 2308 quibus
1535 2225 1715 2292 absurdum
1726 2223 1860 2291 videtur
1882 2247 1902 2290 a
1920 2234 2049 2292 mortuo
2070 2229 2177 2293 vitani
2306 2295 2310 2300 ,

164 2318 242 2392 [pag.
263 2317 315 2391 16]
344 2332 464 2395 nempe
487 2330 622 2376 sensum
643 2308 872 2375 eonscientiae.
917 2307 1034 2389 Qualis
1056 2310 1145 2373 enim
1196 2321 1318 2392 petere,
1346 2318 1380 2375 et
1401 2331 1533 2376 erucem
1552 2310 1762 2376 maledictam
1783 2310 1909 2375 fontem
1930 2332 2048 2378 vocare
2069 2314 2179 2379 omnis

161 2397 357 2481 prudentia,
387 2395 493 2479 qualis
521 2395 622 2474 ratio,
657 2393 753 2477 quale
781 2393 954 2471 iudicium,
982 2392 1041 2458 ubi
1069 2415 1145 2459 oon·
1196 2395 1322 2479 gratiae
1343 2403 1378 2461 et
1398 2395 1528 2462 salutis:
1558 2395 1620 2461 hos
1642 2397 1820 2481 sciamus2)
1842 2394 1915 2461 ideo
1938 2396 2070 2477 offendi,
2091 2395 2178 2481 ‘quia

162 2483 303 2549 scicntia
319 2480 509 2565 obstupuit?
554 2480 668 2563 Atqui,
691 2477 778 2545 unde
797 2478 858 2545 hoc
881 2486 994 2558 totum,
1019 2479 1146 2562 quoda
1196 2480 1313 2547 timore
1334 2481 1399 2546 Dei
1420 2482 1517 2546 vacui
1529 2481 1659 2546 nullum
1671 2481 1850 2564 spiritualis
1861 2480 2029 2548 doetrinae
2040 2491 2178 2567 gustum

145 2567 362 2634 christianae
391 2566 561 2650 religionis
587 2565 757 2649 principiis
783 2565 830 2631 sic
852 2563 1048 2643 abhorrent,
1079 2564 1144 2631 nisi
1196 2564 1328 2632 habent
1374 2566 1487 2646 Quare
1521 2588 1562 2632 ue
1595 2567 1639 2632 sit
1670 2567 1764 2631 nobis
1797 2566 1995 2632 offendiculo
2026 2569 2178 2650 ipsorum

162 2653 251 2738 quod
274 2674 294 2716 a
316 2652 444 2719 Satana
464 2671 599 2736 prorsus
622 2659 700 2717 sunt
720 2650 889 2727 inebriati,
919 2658 958 2714 ut
979 2650 1072 2715 nullo
1093 2651 1143 2714 iu·
1195 2665 1320 2733 stupor,
1343 2649 1402 2717 sed
1422 2653 1531 2734 potius
1553 2651 1594 2717 ab
1615 2651 1764 2718 humana
1775 2650 1901 2718 Christi
1921 2662 2041 2717 natura
2062 2653 2104 2717 ad
2127 2653 2178 2717 di·

161 2739 242 2806 dicii
252 2739 318 2804 Dei
340 2738 469 2817 timore,
491 2736 720 2819 nullapececti
732 2736 929 2821 cogitatione
942 2735 1142 2818 tangantur?
1195 2736 1308 2802 vinam
1331 2737 1469 2822 gloriam
1491 2738 1646 2817 feramur,
1669 2758 1754 2820 quae
1775 2758 1889 2802 omnes
1912 2738 2057 2804 curiosas
2075 2759 2178 2821 quae-
2233 2748 2236 2756 ‘

161 2826 247 2891 Dixi
268 2825 335 2890 iam
362 2822 470 2906 prius,
498 2844 564 2888 uon
585 2821 652 2887 aha
672 2821 727 2888 via
751 2843 846 2905 posse
868 2819 910 2886 ad
928 2819 994 2886 Dei
1014 2820 1144 2903 sapien·
1195 2822 1318 2888 stiones
1340 2823 1375 2887 in
1405 2821 1658 2888 admirationem
1687 2829 1871 2888 convertat:
1901 2832 2048 2888 amorte
2070 2825 2178 2891 erucis

161 2909 439 2993 tiamperveniri,
462 2909 527 2974 nisi
543 2907 637 2974 stulti
648 2908 766 2972 fiamus
785 2905 918 2971 mundo.
954 2905 1021 2972 Sed
1044 2906 1144 2971 huius
1195 2907 1238 2970 ad
1259 2907 1437 2991 gloriosam
1454 2909 1729 2974 resurrectionem
1747 2908 1938 2992 dirigamur,
1962 2929 2046 2991 quae
2067 2916 2178 2974 totum

162 2996 375 3074 humilitatis,
411 2994 508 3060 sicuti
539 2993 710 3077 religionis
742 2994 857 3070 totius,
890 2991 1144 3057 fundamentum
1195 2994 1301 3059 crucis
1312 2992 1525 3077 opprobrium
1543 2990 1705 3061 deleatz'a
1726 2995 1835 3060 earnis
1845 2995 2040 3059 infirmitate
2059 2993 2102 3060 ad
2118 3015 2180 3078 po·

161 3089 217 3147 eat
238 3081 436 3148 conscientia
448 3087 482 3144 et
503 3079 602 3143 timor
613 3077 765 3143 Domini:
789 3088 854 3161 quc
872 3077 1001 3142 sublato
1022 3078 1145 3143 entra
1195 3079 1337 3143 tentiam
1368 3079 1503 3162 spiritus
1537 3087 1765 3156 transcamus,
1802 3100 1886 3162 quae
1913 3079 2033 3146 stultas
2060 3101 2178 3148 omnes

162 3165 348 3233 aedificium
370 3164 527 3231 moliaris.
560 3164 678 3246 Itaque
700 3163 849 3247 quisquis
868 3163 988 3240 omnia,
1009 3161 1049 3227 ds
1072 3163 1143 3245 qui·
1195 3163 1409 3249 cogitationes
1429 3164 1610 3230 absorbeat
1656 3163 1730 3230 Tali
1757 3186 1857 3231 sensu
1883 3164 2048 3231 imbutum
2074 3166 2177 3232 brisso

161 3253 227 3319 bus
248 3252 395 3331 memini,
419 3248 574 3316 seandala
594 3240 689 3314 nullo
710 3249 843 3333 negotio
866 3270 905 3314 su
948 3269 1023 3313 rare
1045 3248 1142 3327 volet,
1194 3248 1339 3314 Paulum
1366 3257 1494 3317 certum
1522 3259 1586 3330 est,
1620 3272 1722 3333 quum
1749 3251 1796 3314 ita
1829 3250 1964 3316 diceret:
2016 3251 2092 3316 Non
2122 3273 2177 3318 me

130 3409 135 3414 ,
162 3336 195 3403 is
215 3345 347 3402 tantum
369 3339 405 3402 in
422 3358 458 3402 se
479 3337 589 3419 ipsum
611 3333 800 3401 descendat:
823 3335 909 3399 simu
934 3334 1023 3398 enim
1044 3340 1143 3416 atque
1193 3333 1296 3417 pudet
1324 3335 1488 3484 evangelii
1510 3334 1654 3415 Christi,
1681 3335 1746 3400 Dei
1773 3336 1863 3400 enim
1890 3336 2037 3418 potentia
2064 3345 2114 3402 est
2140 3337 2177 3402 in

165 3441 261 3487 suam
281 3423 451 3488 miseriam
473 3422 654 3506 agnoverit,
677 3422 733 3486 via
755 3428 823 3484 tam
839 3419 890 3484 illi
908 3418 950 3484 ad
961 3418 1142 3498 Christum,
1194 3419 1703 3504 salutemcreeutibusfflonn
1729 3420 1845 3502 1,16).
1878 3420 1967 3485 Nam
1989 3421 2042 3485 his
2064 3422 2176 3486 verbis

191 3527 268 3572 uam
289 3507 420 3573 Christo
449 3505 492 3573 ad
518 3507 613 3572 illum
641 3507 706 3571 erit
733 3514 838 3571 strata
865 3512 900 3570 et
926 3504 1141 3587 complanata.
1195 3524 1251 3570 eos
1279 3504 1415 3570 demum
1448 3506 1613 3591 evangelii
1648 3504 1773 3589 pudere
1800 3505 1978 3588 significat,
2018 3506 2073 3587 qui
2105 3507 2176 3573 vim

163 3529 299 3658 dilaniet
325 3614 388 3659 vox
415 3593 624 3677 prophetica:
653 3592 776 3657 Parate
805 3591 876 3656 vias
904 3589 1042 3655 Domini
1064 3590 1141 3674 (Ios.
1194 3591 1267 3655 cius
1294 3590 1471 3656 salutarem
1498 3611 1567 3656 ncn
1596 3588 1933 3674 apprehenderunt⁸l
1975 3591 2081 3656 Porro
2106 3612 2176 3656 non

161 3683 217 3756 40,
237 3679 281 3763 3).
326 3679 373 3744 Et
393 3700 476 3762 quae
497 3677 637 3761 parandi
658 3677 758 3755 ratio,
788 3677 853 3742 nisi
882 3684 961 3740 uta
1011 3675 1056 3740 'ta
1077 3697 1143 3758 qua
1194 3676 1290 3741 aliter
1316 3674 1519 3759 apprehendi
1545 3677 1691 3754 subiicit,
1724 3695 1824 3758 quam
1850 3674 2011 3758 patefacta
2037 3677 2088 3741 ira
2109 3677 2176 3742 Dei

160 3771 361 3849 premuntur
381 3765 576 3831 necessitate
597 3762 747 3828 homiues
764 3761 936 3828 Christum
979 3761 1142 3826 esiderare
1193 3762 1229 3825 in
1250 3769 1402 3826 nostrum
1424 3761 1570 3826 exitium.
1616 3759 1701 3841 Quis
1718 3762 1784 3826 iam
1806 3760 1953 3839 miretur,
1974 3761 2086 3827 cibum
2106 3783 2176 3827 non

161 3851 338 3934 incipiant,
374 3871 472 3934 quem
500 3851 592 3932 prius
619 3847 832 3914 fastidiebant
860 3846 925 3912 sibi
950 3845 1140 3929 placentes?
1193 3868 1309 3930 sapere
1335 3847 1376 3912 iis
1408 3846 1527 3929 quibus
1557 3846 1686 3912 nullum
1716 3854 1767 3912 est
1799 3845 1969 3929 palatum?
2015 3846 2175 3930 Quisquis

159 3935 289 4002 Eodem
312 3937 412 4002 etiam
432 3933 642 4000 modoviam
664 3933 706 3999 ad
728 3931 901 4006 Christum
923 3931 1017 3996 nobis
1045 3953 1141 4015 pura-
1194 3933 1284 3996 enim
1310 3932 1359 3997 ita
1388 3931 1572 4015 obstupuit,
1598 3940 1638 3998 ut
1666 3932 1760 4014 nulla
1787 3931 1857 3996 irae
1878 3930 1945 3998 Dei
1972 3932 2174 3999 revelatione

159 4041 252 4087 mus:
291 4021 358 4087 imo
389 4022 481 4103 pium
512 4019 595 4085 illud
628 4017 827 4084 desiderium
856 4016 951 4082 nobis
982 4037 1141 4099 equorum
1192 4025 1300 4084 tactus
1323 4038 1438 4085 secure
1461 4018 1616 4096 dormiat,
1643 4017 1730 4082 nihil
1749 4018 1786 4082 in
1807 4014 2014 4100 agnoscendo
2037 4017 2174 4084 Christo

160 4106 320 4172 instaret
341 4108 478 4173 navium
499 4106 571 4183 erit,
595 4103 712 4187 quibus
729 4105 840 4169 omnia
859 4102 1026 4169 obstacula
1044 4123 1140 4185 prae·
1193 4101 1296 4168 abiis
1319 4103 1438 4182 differt,
1467 4109 1542 4182 [pag.
1566 4109 1619 4183 18]
1646 4103 1765 4188 quibus
1779 4103 1827 4172 in
1853 4101 2029 4167 iudicando
2056 4124 2174 4186 sapore

160 4190 385 4258 tervehamur.
432 4189 537 4257 Sicuti
566 4191 656 4256 enim
686 4188 728 4254 ad
757 4188 973 4273 capessendas
1006 4189 1140 4255 altiores
1192 4187 1320 4254 ablatus
1342 4197 1392 4255 est
1413 4188 1516 4274 palati
1537 4210 1664 4255 sensus.
1709 4188 1806 4254 Tales
1828 4193 1941 4252 autem
1962 4209 2173 4272 nequaquam

159 4275 351 4360 disciplinas
373 4276 505 4343 exculto
533 4276 660 4358 riteque
688 4281 883 4358 praeparato
908 4273 1058 4357 ingenio,
1091 4274 1140 4341 ita
1192 4273 1336 4339 solemus
1357 4275 1489 4353 morari,
1519 4281 1558 4340 ut
1579 4296 1599 4340 a
1620 4274 1692 4340 cibo
1713 4280 1888 4357 propterea
1908 4272 2074 4356 quispiam
2094 4296 2174 4342 nos·

147 4362 205 4427 'ad
237 4363 410 4428 coelestem
442 4361 682 4445 philosophiam
691 4361 718 4445 ²)
751 4361 886 4426 subacto
918 4360 1027 4424 animo
1058 4380 1140 4442 opus
1191 4365 1282 4424 trum
1304 4359 1490 4439 abhorreat,
1512 4359 1600 4443 quod
1621 4360 1662 4425 ab
1685 4359 1751 4424 illis
1773 4360 1986 4442 respuitur.⁴)

158 4453 223 4512 est.
266 4447 355 4523 Nam
376 4449 449 4530 quis
471 4456 596 4532 gustus,
625 4445 683 4512 ubi
703 4443 932 4528 fastidinmll)
978 4442 1062 4525 Quis
1084 4467 1137 4512 ac·
1278 4443 1347 4510 Sed
1369 4445 1431 4511 hoc
1463 4446 1645 4511 etiamnum
1674 4443 1879 4524 scandalum,
1908 4443 1995 4527 quod
2018 4444 2173 4512 similiter

159 4552 288 4607 cessus,
317 4533 374 4598 ubi
402 4534 509 4598 ferrea
533 4532 678 4615 undique
701 4531 825 4596 duritia
852 4530 1000 4595 clausum
1022 4539 1137 4615 pectus
1191 4551 1234 4596 ex
1255 4529 1405 4597 doctrina
1426 4532 1581 4616 emergit,
1610 4529 1786 4597 violentius
1810 4538 1861 4595 est
1889 4551 1926 4596 ac
1955 4531 2061 4614 magis
2083 4540 2173 4598 com·'

160 4623 200 4682 et
225 4617 430 4684 obseratum?
481 4619 624 4684 Frustra
660 4617 763 4700 igitur
796 4616 836 4681 de
870 4615 1004 4682 Christo
1036 4615 1138 4682 verba
1189 4635 1307 4681 mune:
1330 4617 1531 4700 quicquum
1552 4622 1671 4681 natura
1692 4616 1880 4700 placeamus
1902 4615 2011 4694 nobis,
2039 4623 2171 4683 nostra·

156 4703 278 4783 facias,
310 4704 377 4770 nisi
404 4703 492 4788 apud
518 4725 573 4770 cos
600 4702 656 4788 qui
685 4723 763 4769 vere
795 4701 961 4766 humiliati
989 4702 1138 4767 sentiunt
1189 4722 1252 4784 que
1279 4703 1389 4767 omnia
1415 4703 1557 4769 velimus
1584 4701 1700 4767 haberi
1728 4702 1764 4766 in
1796 4722 1927 4768 summo
1951 4703 2073 4785 pretio,
2100 4701 2171 4767 illic

155 4796 361 4873 quantopere
394 4789 567 4875 indigeant
599 4789 832 4870 redemptore,
854 4788 947 4854 cuius
979 4785 1138 4855 beneficio

157 4935 363 4948 -ι-ιι

1259 4957 1288 5024 1)
1309 4965 1382 5013 ceste
1401 4957 1500 5018 affetee
1526 4974 1560 5013 ne
1584 4949 1676 5013 sciscit
1699 4972 1751 5026 que
1770 4955 1827 5013 s'en
1848 4959 1927 5012 icuer
1943 4971 1978 5011 sn
1995 4953 2170 5012 brcoardent.

230 5028 260 5091 1)
280 5030 302 5084 si
319 5029 360 5084 les
377 5029 499 5085 hommes
520 5045 554 5085 ne
573 5045 603 5084 se
621 5027 782 5098 lorgeoyont
803 5024 1058 5095 desimaginaticns
1077 5043 1137 5082 sau·
1258 5023 1289 5096 2)
1308 5026 1356 5083 Sic
1372 5028 1438 5083 berae
1489 5027 1588 5096 inceps.
1625 5025 1754 5081 Οθθίθναθ
1770 5040 1876 5081 maes:
1892 5024 1946 5079 hoe
1963 5023 2087 5079 sommus.

151 5112 243 5168 rages
261 5099 278 5153 b
294 5098 355 5152 leur
371 5098 473 5167 plaisir.
602 5123 605 5127 ·
1259 5094 1289 5160 tl)
1308 5097 1448 5166 apprehen
1467 5103 1545 5151 erent
1562 5094 1639 5150 Besa
1655 5101 1681 5151 et
1697 5094 1784 5149 Aust.
1930 5127 1932 5132 =

228 5164 260 5232 2)
278 5164 389 5222 l'aseola
406 5165 440 5221 de
457 5167 534 5221 Dian.
1257 5161 1290 5232 4)
1309 5163 1346 5219 Or
1374 5166 1398 5220 si
1414 5181 1484 5221 nous
1502 5180 1607 5235 voyons
1629 5164 1670 5219 les
1687 5161 1808 5218 malades
1830 5159 1938 5215 refuser
1955 5162 1983 5216 la
1999 5158 2106 5230 danda,
2132 5175 2170 5217 ne

147 5271 154 5282 .
227 5233 259 5300 3)
278 5235 342 5303 quel
358 5241 441 5304 goust
457 5251 524 5290 aurs
540 5235 569 5290 la
585 5233 682 5288 viauds
701 5233 724 5288 si
740 5230 899 5288 l’estcmsch
917 5238 960 5286 est
976 5230 1109 5287 desbiffs?
1189 5232 1307 5288 laissons
1324 5250 1375 5303 pas
1393 5249 1463 5303 pour
1481 5234 1540 5288 ecla
1558 5233 1592 5287 de
1609 5246 1727 5299 manger..

266 5318 378 5374 Caluini
391 5334 483 5390 opera.
522 5321 579 5385 Vol.
603 5318 689 5373 VIII.
903 5336 907 5341 ·
1493 5313 1497 5319 ’
1833 5392 1835 5397 λ
1942 5315 1961 5370 2
