4762 5918
1100 352 1470 424 PROLEGOMENA.
2118 354 2189 423 XV

173 547 304 631 incipit:
333 548 439 612 Dum
461 546 588 614 vitam
610 544 833 612 christiani
854 545 1048 624 hominis,
1071 553 1106 609 et
1127 544 1249 608 desinit
1270 545 1304 607 ia
1327 543 1442 609 verba:
1471 541 1827 625 pretiosissimam
1849 541 2060 608 habeatur.
2086 543 2212 623 (adin,

54 731 56 733 ,
172 666 307 725 nostrae
328 658 420 723 Tam.
444 656 463 721 I
484 678 558 741 pag.
587 655 824 739 llas-1152.)
868 657 1101 722 Praemittitur
1123 655 1281 739 praefatio
1303 654 1391 719 talis:

894 870 896 876 ·
973 841 1164 917 &maianis
1187 842 1329 908 omnibus
1358 839 1391 906 S.

331 992 608 1074 Quemadmodum
620 1010 682 1056 non
703 989 803 1055 solum
824 994 915 1071 turpe
938 995 967 1055 et
984 990 1171 1065 indecorum,
1193 987 1248 1052 sed
1270 987 1509 1070 atflapitiosnm
1528 991 1615 1064 assat,
1636 986 1755 1069 fratres
1775 988 1811 1052 in
1836 985 1961 1053 Christo
1982 989 2188 1072 dilectissimi,

173 1105 205 1171 si
225 1105 309 1188 quis,
326 1109 400 1186 post
417 1104 527 1168 datum
548 1103 684 1168 udiliae
705 1122 822 1181 naueh,
839 1100 1091 1183 praemiumque
1119 1119 1177 1165 suo
1199 1099 1273 1164 duci
1289 1098 1411 1163 solenne
1432 1104 1679 1179 sacramentum,
1707 1099 1872 1180 stipiendiis
1885 1102 2104 1183 praemiisque
2121 1124 2188 1168 am·

165 1215 328 1298 plsamis
347 1214 515 1294 deuinctus,
537 1234 598 1279 nen
619 1213 707 1279 modo
724 1213 819 1295 fidem
840 1214 947 1279 datam
967 1211 1098 1293 falleret,
1125 1211 1181 1276 sad
1202 1210 1245 1275 ad
1266 1209 1366 1276 hostes
1388 1230 1506 1292 quaqua
1526 1209 1751 1295 transfuqeret:
1772 1211 1818 1276 sie
1834 1209 1917 1275 nileil
1936 1213 1986 1278 nal
2005 1215 2189 1279 sceleratum

171 1328 221 1395 ael
243 1327 486 1393 aborninandum
510 1326 614 1410 maqis
635 1344 701 1390 assa
715 1328 824 1406 potest,
847 1344 943 1406 quam
964 1343 1020 1389 nos
1043 1323 1114 1404 (qui
1127 1320 1378 1388 Christianorum
1395 1321 1519 1386 nomine
1538 1326 1693 1402 tartepere
1708 1322 1882 1405 pandamus
1899 1327 1928 1388 at
1944 1322 2186 1406 triumphamus,

171 1440 286 1521 quique
307 1438 365 1503 sub
389 1436 510 1504 Christi
532 1436 649 1502 summi
671 1436 872 1518 imperatoris
894 1455 930 1499 aa
947 1435 1035 1500 unici
1057 1436 1225 1499 secueris
1247 1435 1348 1499 nostri
1369 1434 1480 1517 siquis
1501 1420 1654 1499 nandino
1675 1453 1791 1518 meqna
1813 1435 1957 1512 mercede,
1979 1435 2033 1500 sad
2054 1439 2082 1500 et
2102 1436 2187 1502 bane

169 1550 256 1632 ficiis
275 1548 412 1631 infinitis
433 1547 621 1627 militamus,
655 1545 835 1627 initialique
858 1545 1008 1629 baptismi
1036 1551 1229 1611 sauamento
1255 1547 1290 1609 in
1315 1545 1407 1610 illius
1434 1544 1529 1609 narba
1556 1537 1758 1627 iampridem
1773 1546 1965 1629 iuravimus)
1991 1548 2188 1627 usqueadeo

172 1662 307 1744 turpiter
328 1659 368 1724 ab
389 1680 423 1725 ao
452 1659 495 1723 ad
516 1659 653 1724 nomime
678 1658 732 1722 sui
754 1653 985 1740 infensissimos
1007 1655 1122 1736 hostes,
1157 1655 1311 1722 Salonam
1333 1657 1462 1737 seilicet,
1495 1657 1662 1736 mundum,
1693 1661 1722 1722 et
1749 1657 1858 1722 cornis
1883 1661 2007 1722 nostrae
2027 1656 2188 1725 illecebras

171 1771 309 1852 deficere,
326 1769 499 1854 palamque
521 1775 737 1837 sacrosanctae
758 1769 849 1835 illius
870 1769 1037 1847 maiestati,
1060 1788 1122 1834 non
1143 1769 1212 1834 sina
1233 1788 1345 1852 maqno
1368 1769 1469 1851 lequm
1490 1768 1745 1850 sanctionumque
1765 1788 1900 1833 suarum
1921 1773 2092 1850 contemptu
2113 1769 2188 1835 illu·

171 1884 252 1963 dare,
274 1887 303 1947 at
323 1902 361 1946 aaa
376 1860 522 1964 ¹professo
544 1879 657 1946 ballum
674 1881 817 1947 indecere.
845 1880 933 1962 Quod
944 1885 1047 1970 tomen
1064 1880 1189 1960 passim
1207 1884 1235 1944 at
1255 1878 1369 1962 ubique
1390 1879 1526 1945 locorum
1543 1880 1627 1944 inter
1648 1901 1704 1945 nos
1726 1879 1816 1945 hodia
1834 1878 2043 1964 (prohdolor)
2062 1900 2187 1946 cernere

171 1998 223 2060 est.
270 1990 448 2059 Cnidiam
468 1993 595 2075 quidam
618 1991 726 2058 habui
748 2011 852 2072 amnes
872 1991 1029 2056 volumus:
1061 1991 1115 2057 sed
1136 1977 1380 2073 quotusquisque
1405 1997 1450 2076 est
1475 1996 1631 2070 acastum,
1660 1992 1794 2072 obsecra,
1827 1992 1883 2073 qui
1907 1988 2025 2057 Christi
2046 1993 2186 2076 aastiqiis

170 2103 314 2184 iusistat
336 2107 392 2185 qui
413 2105 615 2185 aequissimis
636 2104 782 2185 imperiis
802 2103 1072 2185 sanctissimisque
1093 2102 1212 2185 lapibus
1232 2102 1322 2168 illius
1340 2109 1467 2186 pareat,
1490 2103 1545 2185 qui
1567 2103 1610 2168 ad
1622 2102 1756 2184 piatatis
1776 2103 2024 2186 inteqritatisqua
2045 2104 2186 2169 auctum

170 2235 272 2282 mores
293 2220 454 2297 componat
473 2215 571 2281 aeos?
608 2214 687 2294 Ima,
710 2220 862 2297 quantum
883 2215 919 2278 in
939 2214 1028 2280 nohs
1050 2220 1103 2293 est,
1125 2220 1256 2280 mentem
1278 2220 1369 2297 atque
1390 2214 1491 2281 omlos
1513 2237 1533 2279 a
1549 2215 1711 2295 preposito
1727 2214 1816 2279 rioms
1835 2215 1917 2279 ciac
1939 2214 2077 2294 aaarnplo
2100 2235 2185 2279 aaar-

169 2329 282 2393 timus:
304 2328 367 2392 imo
389 2327 608 2392 inimicissime
629 2331 722 2409 atqua
742 2326 945 2408 infestissime
965 2326 1118 2391 adversus
1138 2325 1228 2391 illius
1245 2326 1345 2393 edicta
1363 2326 1584 2404 melectinus,
1603 2326 1799 2407 nominisque
1820 2308 1890 2390 aius
1910 2325 2091 2409 stipulatam
2106 2326 2184 2407 fidei

166 2446 293 2506 nostrae
310 2440 508 2505 aernmissam
529 2438 598 2504 delo
614 2438 832 2520 periuriisque
848 2437 1030 2519 prodimus:
1054 2437 1117 2502 imo
1132 2438 1272 2520 persidia
1294 2444 1323 2503 et
1344 2438 1455 2503 seelera
1476 2437 1612 2517 auras,
1634 2457 1715 2520 quoe
1734 2438 1811 2518 fidei
1831 2437 1883 2502 illi
1901 2438 1993 2503 datae
2010 2443 2100 2503 testas
2118 2457 2184 2505 assa

166 2550 326 2630 aueum,
355 2550 519 2616 nummus.
566 2547 634 2614 Cur
654 2550 755 2634 iqitur
777 2548 867 2614 illius
893 2549 1015 2632 insiqne
1034 2554 1193 2632 qestarnan
1215 2549 1481 2631 circumferimus,
1510 2568 1567 2615 cur
1589 2549 1681 2615 illius
1702 2555 1897 2615 sacramanto
1919 2550 2121 2629 accessimus,
2148 2550 2181 2614 si

165 2663 309 2728 consiliis
331 2665 359 2727 et
379 2659 501 2726 viribus
522 2662 718 2727 nrauuatam
739 2659 809 2726 eins
830 2660 1072 2744 oppuqnamus?
1116 2658 1183 2727 Cur
1203 2662 1247 2726 ad
1268 2662 1458 2742 impietatem
1480 2665 1509 2727 at
1529 2661 1630 2727 scelus
1652 2661 1851 2727 candissimo
1872 2661 1941 2726 eius
1962 2661 2086 2727 nomina
2107 2659 2182 2727 abu-

166 2775 291 2840 tirnur?
341 2772 368 2839 Ο
394 2794 452 2839 nas
478 2772 626 2856 indiqnos
658 2776 743 2838 tanto
771 2774 960 2854 imperatore
981 2772 1096 2838 militm
1104 2774 1117 2837 !
1164 2773 1328 2855 Quousque
1349 2772 1473 2838 tandem
1488 2773 1646 2855 patientia
1673 2772 1764 2838 illius
1785 2771 1970 2838 abutantur?
2014 2771 2181 2856 Sanrperne

165 2890 286 2952 aterno
306 2886 366 2950 isto
387 2890 453 2950 tam
471 2885 565 2968 qroai
586 2884 857 2951 consenescamus?
901 2883 1062 2967 Aqedum,
1089 2884 1221 2966 fratres,
1244 2885 1405 2967 paulatim
1423 2885 1466 2950 ad
1486 2905 1542 2951 nos
1563 2885 1743 2966 redeamus,
1772 2889 1800 2950 et
1821 2889 1962 2950 unteada
1984 2885 2182 2966 deprecantes

164 2996 323 3080 supplices
334 2999 491 3078 paecmat
512 2997 636 3062 naniam
649 3001 802 3077 petamus.
840 2995 889 3060 Ne
910 2996 1059 3062 saelarmn
1075 3001 1251 3061 nostrorum
1268 2997 1454 3061 conscientia
1475 2998 1634 3078 furiisque
1650 2998 1774 3063 diutim
1790 3017 1848 3062 nos
1865 2997 2003 3078 opprimi
2021 2998 2167 3062 ananus

165 3108 223 3174 sed
244 3129 341 3190 quum
355 3109 565 3190 poenitentiae
587 3108 629 3173 sit
661 3107 763 3172 adhuc
792 3107 889 3187 locus,
918 3107 1103 3172 conditionis
1135 3111 1259 3172 nostrae
1291 3107 1493 3172 deterrimum
1523 3130 1622 3193 qenus
1654 3129 1725 3174 cum
1742 3110 1861 3191 pietate
1893 3113 1920 3173 et
1951 3109 2076 3173 institia
2101 3127 2180 3175 eom
2220 3110 2223 3115 ’

165 3225 328 3286 mutamus.
373 3220 477 3302 Atque
498 3225 533 3285 ut
554 3220 679 3285 tundam
701 3218 844 3303 aliquam
865 3218 1102 3301 resipiscentiae
1124 3220 1278 3284 rationem
1296 3219 1449 3299 ineamus,
1473 3241 1584 3303 operae
1599 3222 1741 3301 pretium
1760 3221 1921 3303 facturum
1941 3240 1989 3285 me
2004 3221 2130 3301 putavi,
2151 3222 2182 3285 si

166 3331 223 3398 Da
242 3334 326 3399 cita
350 3330 586 3398 Christiana
607 3330 694 3396 breve
716 3330 770 3396 lua
799 3330 854 3396 sad
886 3332 1067 3413 cereptum
1088 3331 1272 3412 opusculum
1304 3352 1343 3398 ee
1362 3331 1419 3397 illo
1442 3330 1727 3398 Institutionis
1752 3331 2012 3398 Christianae
2036 3332 2182 3397 thesauro

168 3444 273 3527 (cuius
294 3464 356 3508 reon
378 3444 533 3525 speciosas
556 3448 679 3508 tantum
701 3463 787 3524 opes,
819 3442 874 3506 sad
900 3444 1023 3507 auaris
1044 3443 1149 3525 ipsius
1170 3463 1279 3508 noman
1306 3442 1392 3508 cobis
1407 3464 1469 3525 par
1490 3465 1523 3509 sa
1544 3445 1624 3509 satis
1645 3451 1751 3510 notum
1779 3464 1845 3509 essa
1865 3443 2022 3526 existimo)
2047 3444 2082 3508 in
2103 3462 2182 3508 eum

166 3575 293 3621 munem
314 3561 458 3621 nostrum
478 3556 619 3620 omnium
639 3574 734 3619 usum
755 3573 954 3634 eucarpum
1000 3552 1123 3620 Certum
1145 3555 1228 3619 urim
1248 3553 1423 3620 methodum
1444 3556 1670 3621 constituendae
1691 3558 1726 3621 in
1750 3555 1874 3622 Christo
1895 3556 1990 3634 citae,
2012 3556 2183 3636 nudisque

165 3673 291 3733 nostrae
312 3667 356 3732 ad
372 3666 506 3749 piatatis
526 3667 668 3732 uacum
693 3665 916 3747 informandae
936 3666 1154 3747 disciplinam,
1180 3666 1299 3747 paucis
1323 3667 1379 3731 sed
1400 3672 1471 3748 apte
1489 3667 1704 3748 complectitur.
1751 3644 1896 3733 intrans
1916 3666 2028 3751 iqitur,
2056 3666 2199 3748 fratres,

166 3780 237 3846 siue
259 3777 325 3842 ulla
347 3778 579 3843 intermissione
600 3776 765 3860 diliqanter
786 3777 1018 3858 incumbamus,
1054 3783 1081 3841 et
1109 3777 1229 3861 inqanii
1251 3779 1353 3843 nostri
1374 3779 1553 3844 derelictum
1580 3783 1608 3843 et
1633 3778 1784 3844 incultum
1805 3778 1906 3844 selum
1927 3778 2134 3861 uepribusque
2156 3783 2184 3843 at

169 3888 309 3955 Satanae
330 3889 469 3954 sicaniis
485 3909 547 3972 per
568 3889 733 3973 iqnaoiam
754 3895 894 3955 nostram
911 3888 1066 3955 obsessum
1087 3888 1139 3952 his
1150 3889 1221 3970 piis
1240 3888 1362 3956 artibus
1380 3890 1556 3973 studiisque
1572 3891 1759 3957 continenter
1776 3890 1963 3969 excolamus,
1985 3896 2021 3954 nt
2037 3891 2094 3971 qni
2111 3891 2184 3956 inda

166 3999 316 4066 hedenus
331 4000 591 4082 praenimium
623 4005 652 4066 et
680 4000 803 4066 steriles
829 4021 946 4067 acanus
978 3999 1060 4066 nihil
1075 4002 1304 4082 percepimus,
1327 4000 1501 4067 uberrimos
1517 4002 1649 4084 posthac
1676 4002 1803 4084 fructus
1829 4021 1941 4085 moqna
1969 4021 2040 4066 aum
2060 4003 2184 4084 foenore

165 4113 352 4195 referamus,
388 4111 557 4177 Maximus
578 4112 663 4177 anim
685 4112 737 4177 illa
758 4132 796 4177 ac
813 4113 950 4193 optimus
970 4113 1142 4193 imperator
1163 4117 1266 4177 noum
1290 4109 1450 4191 Christus,
1473 4115 1525 4178 cui
1545 4134 1607 4179 non
1626 4118 1783 4180 terrenum
1803 4114 1892 4179 modo
1910 4115 1965 4179 sad
1986 4118 2014 4177 at
2034 4099 2186 4184 coelerum

66 4217 71 4227 ’
165 4223 269 4290 urbest
290 4224 459 4304 imperium
482 4223 529 4305 (ut
551 4229 594 4289 est
616 4244 690 4306 arqn
711 4223 905 4288 observantes
923 4224 975 4290 sui
993 4223 1162 4304 munificus
1179 4228 1206 4287 et
1224 4223 1390 4305 liberalis),
1412 4223 1467 4290 ubi
1477 4226 1732 4306 perditissimam
1748 4228 1830 4291 citae
1840 4231 1963 4292 nostrae
1980 4226 2186 4291 conditionem

164 4336 201 4399 in
222 4335 337 4400 malins
359 4339 589 4412 commutatam,
614 4355 730 4417 uosque
753 4355 791 4401 ea
810 4335 1021 4418 immoriqaris
1043 4335 1291 4415 obsequentiores
1308 4335 1426 4416 effectos
1447 4337 1568 4418 uident,
1592 4360 1653 4405 non
1675 4339 1831 4404 donativis
1853 4338 1954 4403 solnm
1975 4336 2030 4403 sed
2051 4341 2079 4402 at
2100 4335 2187 4402 bane·

162 4446 249 4527 fian
268 4448 512 4528 muneribusque
528 4447 820 4528 praestantissimis
840 4467 898 4512 nos
913 4451 1079 4535 nostraque
1100 4446 1206 4511 munia
1217 4452 1432 4529 prosequetur.
1485 4449 1597 4515 Valate.

321 4559 410 4624 Huic
431 4558 627 4639 praefationi
658 4558 738 4642 (qua
759 4558 903 4640 perlecta
924 4577 1021 4622 nemo
1044 4578 1124 4623 sane
1141 4556 1289 4623 libellum
1318 4557 1409 4625 hunc
1436 4567 1471 4625 et
1495 4561 1618 4628 similes
1647 4584 1713 4628 non
1736 4561 1876 4628 Calvino
1897 4560 2001 4628 inscio
2023 4560 2184 4645 prodiisse
2266 4544 2268 4548 ὗ

164 4668 228 4735 sibi
250 4668 475 4754 persuadebit)
498 4669 720 4736 subiiciuntur
742 4668 805 4734 duo
829 4668 1005 4753 apostolice
1027 4668 1115 4733 dicta
1135 4668 1234 4734 Iacob
1256 4669 1284 4734 Ι.
1308 4672 1344 4733 21
1372 4679 1405 4735 ct
1431 4679 1456 4739 l.
1479 4675 1569 4740 Petr.
1592 4673 1639 4739 II.
1666 4678 1757 4738 1-5.

320 4781 443 4846 Exstat
465 4780 527 4847 hoc
550 4780 745 4863 opusculum
767 4780 803 4846 in
824 4787 938 4846 nostro
958 4780 1108 4864 ipsorum
1129 4801 1243 4847 museo
1266 4780 1457 4851 calviniana.
1508 4806 1515 4816 ·
