4604 5896
75 318 138 380 sss
766 309 1030 379 EPISTOLAE
1053 310 1119 378 AD
1142 302 1402 380 OALVINUM
2029 331 2093 390 cm

74 523 144 569 cum
165 502 259 565 venia
280 501 340 565 erit
359 520 466 565 eorum
486 499 595 579 atiquo
616 518 739 563 mneos.
787 497 891 580 Opera
912 505 946 563 tn
968 500 1056 565 nobis
1108 500 1192 563 ritus
1212 499 1325 579 naus,
1348 501 1395 565 ita
1416 522 1512 582 quum
1528 505 1692 586 poenitens
1713 507 1912 589 instificetur,
1934 513 2022 575 omis
2039 512 2094 577 iili

74 588 236 653 advitam
252 586 402 668 prodesse
422 605 526 669 nepas,
554 585 634 664 quia
654 587 774 647 statum
796 605 832 649 ac
851 585 981 664 firmum
1001 591 1055 664 est,
1108 605 1142 648 se
1163 585 1307 648 insinuat
1328 585 1463 667 spiritus
1482 589 1589 668 bonus,
1612 596 1638 655 et
1660 594 1831 658 secernitur
1853 595 1965 659 matus.
2001 595 2090 661 Sicut

75 675 176 739 vitam
199 678 358 737 menam
382 691 440 752 per
466 671 560 751 idem
589 669 678 733 nobis
704 669 794 734 dori:
832 689 903 752 erpo
931 691 992 734 non
1018 690 1056 735 esc
1109 670 1241 734 intrarit
1264 669 1405 735 Satanas
1425 674 1461 736 in
1482 693 1536 738 cor
1558 675 1669 754 Indae,
1687 679 1723 741 in
1743 699 1795 742 cor
1816 679 1966 745 Ananiae
1987 685 2015 743 et
2028 680 2090 746 Sa·

75 757 226 841 operibus.
276 756 330 821 Ee
357 755 501 837 spebus
530 755 607 838 lepis
633 775 696 818 non
728 774 793 818 esse
825 753 1055 834 mendenen,
1103 755 1236 835 phirae,
1266 756 1392 836 quando
1414 767 1598 840 peccorum,
1626 763 1674 825 ita
1700 763 1736 825 in
1757 765 1853 828 corda
1880 766 2018 830 aliorum
2039 768 2091 831 in-

75 845 130 910 sed
151 864 188 907 ee·
207 842 278 922 fide,
301 847 336 906 ut
357 842 526 906 secundnm
545 842 684 923 pratiam
702 837 800 919 fimna
821 842 863 904 sit
878 843 1056 922 promissio
1109 845 1171 905 trat
1191 842 1296 923 mapis
1317 841 1365 905 oei
1386 845 1502 908 miuus.
1547 847 1651 927 Atque
1672 848 1719 911 ita
1745 869 1843 929 quum
1864 850 2091 930 iustificantur,

75 931 160 994 omrri
188 928 333 994 umenti.
391 927 498 992 Vitam
520 932 548 990 et
569 925 790 992 munaum
812 927 859 990 ita
886 927 975 992 nobis
997 948 1057 1007 per
1108 926 1266 1008 ceredum·
1288 925 1326 989 ab
1354 927 1400 991 eis
1421 931 1556 1008 spiritus
1582 933 1779 1012 immundus,
1809 940 1844 999 ut
1865 937 1912 1000 ait
1935 934 2089 1000 Obristns.

77 1013 238 1080 Obristum
266 1014 354 1091 dari,
381 1018 460 1077 certe
485 1011 633 1094 fatemur.
680 1010 742 1074 Sed
769 1012 803 1074 in
831 1032 868 1076 cc
895 1014 963 1077 cito
984 1014 1057 1093 quis
1111 1011 1174 1075 Sed
1195 1015 1265 1077 esto.
1312 1011 1543 1094 Imopinemnr,
1571 1018 1672 1081 solam
1700 1020 1746 1083 ita
1772 1040 1838 1084 esse
1860 1021 1925 1085 Dei
1952 1022 2090 1102 imputa·

75 1105 199 1183 reparet
220 1100 331 1182 nuperi
350 1098 502 1181 pieriam,
525 1103 553 1161 et
573 1117 701 1178 operum
722 1116 787 1162 esse
808 1102 923 1162 entem
945 1118 1056 1163 merce-
1109 1099 1235 1174 tionem,
1266 1101 1295 1160 et
1323 1098 1457 1177 offborsae
1483 1102 1518 1164 in
1545 1103 1615 1183 ipso
1637 1101 1706 1167 Deo
1732 1106 1965 1185 remissionem,
1993 1107 2091 1188 quasi

75 1185 169 1253 dem?
213 1184 318 1262 Filio,
347 1184 412 1261 ais,
442 1185 620 1265 insurperet
648 1184 683 1245 in
710 1187 856 1261 matrem,
885 1186 915 1249 si
937 1185 1056 1248 caritas
1108 1181 1199 1246 Dens
1219 1185 1366 1262 mutetur,
1394 1204 1456 1248 non
1483 1185 1581 1252 bomo.
1629 1188 1741 1253 Nonne
1762 1195 1792 1255 et
1816 1192 1853 1255 in
1874 1193 1925 1255 tis
1946 1197 1992 1256 est
2013 1192 2090 1258 darc

75 1272 250 1354 qumquam
271 1269 411 1350 efficeret,
433 1273 488 1332 aut
510 1269 577 1332 atio
598 1288 701 1347 opero,
731 1287 829 1347 quum
849 1271 913 1334 sint
932 1270 1056 1350 fructus
1108 1268 1213 1349 mapis
1232 1270 1297 1348 et¹)
1319 1270 1453 1334 minus?
1498 1272 1612 1336 Nonne
1629 1272 1703 1337 bnis
1723 1277 1827 1358 mapis
1848 1277 2034 1355 remittitur,
2062 1282 2090 1341 et

73 1358 158 1439 fidei.
204 1354 334 1437 Mapica
356 1361 400 1419 est
416 1354 490 1418 bace
506 1353 624 1418 diaboii
643 1353 820 1433 fascinatio.
857 1355 959 1438 Opera
977 1354 1057 1419 bona
1108 1352 1158 1416 itti
1180 1352 1310 1416 minus?
1354 1352 1408 1417 [ta
1431 1354 1576 1422 Obristns
1602 1359 1684 1424 docet
1712 1360 1789 1426 Luc.
1815 1367 1845 1426 7.
1906 1361 1992 1427 Hinc
2012 1362 2090 1427 dici·

75 1463 141 1509 esse
165 1442 287 1524 fructus
309 1441 459 1523 spiritns,
489 1440 649 1519 scriptura
676 1438 773 1518 docet,
801 1441 883 1505 sicut
906 1441 985 1521 fides
1011 1443 1057 1504 est
1108 1443 1161 1500 tur
1186 1436 1237 1502 bic
1265 1458 1413 1520 mapnus,
1439 1440 1497 1505 iste
1522 1444 1641 1520 maior,
1674 1444 1727 1508 iiic
1747 1449 1908 1512 mcmncus
1933 1447 1968 1509 in
1996 1467 2089 1529 repuo

74 1529 198 1612 fructus
229 1528 376 1608 spiritns,
406 1531 433 1590 et
459 1526 578 1590 caritas
607 1525 729 1605 fructus
754 1526 888 1605 putus
919 1526 994 1591 Gal.
1027 1529 1057 1589 5.
1108 1522 1267 1586 coeiornm.
1307 1521 1394 1588 Sicut
1416 1526 1619 1608 imputatione
1640 1529 1690 1593 bic
1711 1531 1828 1596 dieitur
1849 1534 1964 1610 iustus,
1986 1552 2090 1597 recon-

78 1614 140 1679 See
161 1618 230 1691 esto,
253 1611 318 1676 sint
337 1613 461 1693 fructus
480 1610 564 1691 fidei.
607 1615 725 1673 Annon
744 1610 815 1692 filia
836 1632 911 1676 cera
922 1613 947 1691 ¹)
967 1615 1058 1692 anpet
1108 1608 1234 1672 citiatus
1255 1612 1282 1672 et
1307 1615 1434 1690 pratus:
1465 1613 1512 1676 ita
1541 1615 1747 1693 irnputotione
1773 1617 1826 1681 iile
1846 1619 1963 1681 antur
1985 1617 2090 1698 mapis

75 1701 212 1782 effutum
229 1697 368 1763 matris?
414 1697 530 1761 Annon
552 1700 580 1759 ot
599 1696 634 1759 in
655 1695 747 1761 rebus
769 1696 846 1760 aliis
867 1697 989 1778 effectus
1010 1697 1056 1776 fo
1108 1695 1219 1773 iustus,
1239 1694 1343 1777 noapis
1364 1697 1590 1777 reconciliatis,
1613 1705 1640 1763 et
1660 1701 1762 1783 mapis
1784 1702 1854 1766 Deo
1873 1708 1992 1785 pratus.
2026 1702 2089 1782 Qui

75 1791 123 1850 oet
143 1805 236 1848 snam
258 1803 394 1860 cansam,
416 1781 584 1848 roboratet
606 1781 721 1863 supet?
765 1782 884 1849 Annon
905 1781 990 1847 calor
1009 1781 1056 1861 fo
1107 1784 1182 1858 [pag.
1206 1782 1281 1855 610]
1303 1782 1486 1862 nepotianobo
1507 1788 1552 1847 est
1579 1787 1717 1864 quinque
1744 1788 1861 1852 talenta
1888 1787 2089 1867 superlucra-

75 1876 123 1935 oet
143 1876 171 1934 et
191 1869 270 1950 facit
290 1869 418 1952 poem?
463 1867 581 1930 Annon
602 1872 689 1930 actus
710 1867 833 1932 roborat
854 1872 881 1930 et
901 1867 978 1946 facit
999 1866 1054 1930 ba-
1108 1870 1168 1942 tus,
1187 1865 1311 1947 pratior
1331 1871 1385 1943 est,
1402 1886 1500 1947 quom
1520 1870 1578 1948 qui
1599 1870 1671 1948 duo,
1695 1877 1724 1935 ot
1739 1872 1889 1953 pluribus
1910 1871 2088 1938 arietibus

76 1955 200 2020 muns
237 1954 346 2019 Nonne
356 1954 441 2018 ieetio
462 1955 578 2034 fbcctet
600 1953 909 2034 aupninteitectum?
943 1952 1056 2017 Nonne
1101 1950 1299 2029 praeficitur.
1354 1949 1469 2015 Omnia
1502 1954 1537 2016 in
1565 1954 1655 2018 nobis
1684 1959 1808 2039 auperi,
1840 1958 1923 2024 docet
1953 1957 2087 2038 Pontus,

76 2041 252 2107 exercitatio
278 2039 402 2104 roborat
428 2037 553 2102 artern?
600 2037 712 2101 Nonne
738 2039 953 2103 vestimentum
973 2038 1055 2117 fooet
1107 2036 1210 2117 mapis
1231 2039 1260 2098 et
1279 2035 1384 2117 mapis
1404 2038 1582 2116 mandare,
1615 2042 1821 2106 etiustitiam
1847 2048 1875 2107 et
1898 2044 2037 2125 pretinm
2060 2049 2089 2107 et

76 2124 255 2206 artificem?
290 2125 344 2190 Ita
366 2145 387 2188 a
408 2124 551 2188 caritatis
568 2122 734 2201 exercitiis,
751 2124 953 2202 orationibus,
975 2123 1054 2187 ieiu-
1105 2120 1249 2202 pieriam.
1295 2118 1338 2185 lo
1359 2121 1467 2203 ipsum
1488 2124 1591 2189 docuit
1614 2123 1768 2205 Christus,
1790 2128 1917 2192 dicens:
1951 2127 2005 2205 Ei,
2029 2129 2089 2208 qui

75 2213 149 2290 niis,
173 2215 202 2275 et
224 2210 301 2276 abiis
322 2211 458 2290 spiritns
478 2210 632 2290 operibus,
653 2211 793 2288 vcstitur,
813 2210 941 2289 foretur,
970 2208 1056 2273 robo-
1107 2205 1197 2269 tabet
1216 2205 1356 2285 dabitur,
1378 2209 1855 2291 circumponeremus
1908 2211 2012 2278 Vitam
2032 2213 2089 2278 ba·

75 2302 169 2364 ratur
190 2302 218 2361 et
239 2301 371 2380 cupetur
406 2316 477 2362 eum
504 2315 564 2358 sua
585 2295 710 2359 iustitio
729 2295 817 2374 fides,
844 2296 913 2359 sine
940 2292 1055 2375 quibus
1107 2291 1204 2368 beant,
1232 2296 1262 2355 et
1285 2292 1496 2359 abundantius
1520 2295 1659 2361 babeant.
1706 2296 1805 2361 Facit
1824 2297 1924 2377 Deus,
1947 2296 2086 2376 Oaioine,

75 2384 195 2448 nudata
216 2384 359 2447 moritur.
406 2381 470 2445 His
485 2381 588 2445 modis
609 2400 648 2442 ea
663 2400 762 2462 prauo
780 2381 893 2462 ecipno
908 2381 943 2460 fit
961 2378 1055 2443 orbor
1106 2380 1142 2439 nt
1162 2375 1298 2458 deposito
1317 2380 1437 2460 mapico
1463 2384 1515 2443 tuo
1541 2381 1677 2460 fascino,
1705 2385 1741 2446 in
1762 2382 1904 2448 omnibus
1925 2383 2087 2450 abundare

75 2490 202 2551 mopna.
250 2474 352 2549 (fuum
374 2486 445 2532 caro
467 2466 688 2546 mortificatur,
717 2466 853 2547 spiritns
874 2464 1055 2546 vivificatur
1107 2466 1243 2544 satopos.
1290 2463 1366 2528 Sota
1389 2464 1479 2529 Petri
1505 2467 1678 2547 disputatio
1706 2474 1815 2533 eontra
1840 2469 1997 2534 Simorum
2017 2490 2086 2533 mo·

76 2560 104 2620 et
123 2555 202 2635 fides
220 2560 358 2636 cupetur.
1104 2568 1181 2630 pum
1198 2552 1226 2612 te
1243 2550 1412 2630 confundit,
1431 2555 1459 2614 et
1478 2571 1606 2633 operum
1623 2549 1788 2632 iustitiam,
1806 2555 1901 2618 etiam
1918 2556 1952 2619 in
1970 2555 2088 2620 dirimo

1106 2634 1197 2699 aocet.
1244 2633 1346 2717 Ropat
1369 2635 1559 2715 Peterson
1576 2638 1668 2704 Deus
1689 2640 1731 2703 sit
1752 2640 1883 2704 iustus?
1925 2640 1981 2704 An
2003 2640 2088 2706 berce-

1104 2719 1291 2800 facientibus
1328 2719 1401 2785 bene
1431 2722 1557 2802 faciat?
1596 2725 1914 2806 amobefacientibus
1936 2725 2018 2791 maie
2038 2727 2089 2807 fo·

243 2804 478 2875 EPISTOLA
499 2805 684 2873 DECIMA
706 2806 887 2871 TERTIA.
1105 2804 1194 2870 ciat?
1241 2803 1279 2869 Si
1307 2805 1382 2872 baec
1410 2813 1454 2872 est
1481 2809 1605 2875 iustitia
1634 2812 1809 2889 natmaiis,
1838 2811 1873 2876 ob
1900 2813 1974 2892 ipsa
2002 2812 2089 2876 bene·

1105 2891 1192 2971 facta
1231 2891 1299 2972 ipse
1331 2891 1493 2976 benefacit,
1532 2896 1612 2959 sicut
1644 2895 1679 2959 ob
1717 2897 1882 2978 malefacta
1918 2897 2087 2979 malefacit.

161 2988 236 3062 [pag.
256 2985 332 3059 609]
355 2978 461 3042 Erras
483 2984 516 3041 tu
532 2980 678 3058 pessime,
701 2997 835 3041 errorem
859 2978 1052 3056 eccistimons,
1107 2976 1168 3039 Est
1195 2978 1304 3060 erpo³)
1338 2981 1419 3042 inter
1445 2979 1580 3046 ethnicos
1612 2982 1724 3063 aliqua
1758 3003 1887 3063 operum
1918 2983 2088 3062 retributio,

72 3071 103 3135 si
124 3069 197 3149 quis
218 3066 302 3132 dieat
323 3065 479 3129 iustitiam
500 3064 617 3146 nuperi.
664 3062 741 3127 Solo
762 3062 829 3128 Dei
850 3063 1053 3142 imputatione
1106 3061 1775 3144 utipsemetdocetAct.10etPauius,
1805 3068 1894 3133 Rom
1917 3073 1949 3132 2.
2002 3068 2090 3132 Hinc

73 3156 124 3219 ais
153 3152 318 3217 consistere
346 3151 612 3231 iustificationem,
640 3149 729 3214 noto
757 3150 792 3213 in
821 3149 943 3214 bomine
967 3150 1053 3230 facta
1108 3147 1224 3212 Petrus
1248 3153 1424 3216 necessario
1449 3154 1539 3233 sequi
1560 3152 1607 3216 ait
1631 3155 1901 3232 resurrectionem,
1931 3155 2013 3233 quod
2041 3152 2089 3218 be-

72 3240 252 3316 mutatione,
281 3243 316 3301 ut
343 3237 445 3300 iustus
472 3234 555 3299 nibil
582 3234 707 3315 differat
735 3235 774 3300 ab
796 3236 921 3299 iniusto.
969 3234 1053 3314 (fuid
1105 3232 1286 3315 nefaeturns
1314 3237 1357 3299 sit
1377 3235 1470 3302 Dens
1496 3239 1556 3316 iis,
1586 3239 1642 3318 qui
1664 3238 1884 3320 benefacientes
1905 3244 1980 3303 sunt
2000 3239 2087 3303 mata

74 3323 196 3390 auam?
241 3322 305 3388 Per
321 3326 484 3402 peccatum
505 3340 566 3384 non
587 3320 773 3386 incrustatur
799 3321 936 3400 spiritus
957 3320 1054 3383 borni
1100 3320 1255 3400 perpessi.
1309 3321 1411 3401 Quam
1439 3323 1598 3386 iustitiam
1625 3329 1659 3387 tu
1680 3344 1751 3388 cnm
1777 3322 1904 3388 Simone
1924 3344 2016 3406 mapo
2037 3344 2091 3388 ne-

73 3410 149 3474 nis?
200 3406 237 3473 Si
263 3407 394 3472 mutctio
423 3411 481 3484 est,
516 3406 640 3486 qnando
670 3426 793 3489 puros,
835 3407 966 3471 mutatio
1001 3411 1053 3484 est,
1103 3425 1171 3487 pas.
1216 3404 1327 3469 Instar
1345 3405 1485 3472 Simonis
1506 3409 1595 3490 mapi
1615 3412 1650 3472 tu
1671 3409 1768 3485 doces,
1790 3408 2088 3489 irutificationemet
2213 3437 2215 3440 ·

74 3495 199 3576 quando
227 3494 346 3558 totiitrrr
370 3498 540 3573 peccatum.
587 3492 649 3572 Qui
677 3492 736 3557 sub
764 3490 895 3557 onnus
916 3495 975 3569 est,
1004 3492 1053 3554 ni-
1103 3490 1198 3571 fidem
1232 3510 1298 3555 esse
1330 3492 1431 3557 solam
1463 3494 1672 3574 copnitionem.
1733 3492 1983 3559 observationem
2015 3516 2086 3560 vero

74 3580 120 3644 nit
161 3579 265 3659 differt
303 3578 342 3642 ab
382 3578 508 3644 babente
545 3578 668 3643 tuum?
733 3580 796 3659 Qui
827 3577 978 3642 liberatus
1010 3581 1055 3641 est
1099 3580 1340 3657 praeceptorum
1359 3598 1424 3641 esse
1439 3579 1567 3662 penitus
1588 3578 1820 3658 inpossibilem.
1868 3578 1984 3645 Gorrtra
2005 3582 2088 3646 docet

74 3666 113 3732 ab
137 3665 335 3746 oppressione
360 3662 514 3737 Satanae,
547 3663 629 3728 nibil
655 3664 762 3744 differt
791 3663 831 3727 ab
857 3663 970 3743 coqui
994 3661 1054 3726 Sa·
1107 3660 1271 3740 Ieremias,
1293 3664 1400 3743 ipsam
1416 3668 1651 3744 praeceptorum
1672 3665 1917 3730 observationum
1936 3686 2001 3731 esse
2022 3687 2088 3750 cop-

73 3757 182 3817 tanam
222 3750 311 3814 babet
347 3750 590 3831 opprimentur?
654 3749 715 3830 Qui
754 3748 866 3813 bonum
905 3749 1055 3827 spiritum
1106 3748 1256 3812 nitionem
1282 3747 1346 3813 Dei
1374 3748 1454 3830 (Ier.
1476 3753 1548 3829 22).
1595 3748 1732 3814 loorrnes
1759 3752 1827 3831 ipse
1854 3753 1916 3815 ait:
1950 3751 2013 3817 Per
2033 3752 2089 3817 boc

72 3837 283 3913 ncrnoiseitur,
312 3836 395 3900 ntttt
416 3835 521 3916 differt
541 3834 580 3898 ab
602 3855 644 3912 eo,
672 3836 728 3915 qni
749 3834 856 3898 caret?
904 3833 968 3913 Qui
984 3833 1055 3914 pta
1105 3835 1231 3912 scurrus,
1253 3833 1336 3915 quod
1356 3836 1568 3916 copuoscimus
1593 3856 1677 3914 eum,
1708 3837 1786 3916 quia
1802 3842 1974 3917 praecepta
1996 3839 2088 3904 itlius

72 3929 176 3989 catam
203 3923 423 3988 conscientiam
447 3920 550 3997 babet,
578 3939 640 3984 non
661 3921 766 4000 differt
793 3919 832 3984 ab
855 3939 902 3995 eo,
932 3920 984 3982 cui
1006 3939 1055 3983 ro
1106 3919 1313 3984 observamus.
1361 3921 1423 4000 Qui
1451 3921 1542 3999 dicit,
1570 3922 1644 3985 nooi
1666 3941 1752 4000 eum,
1782 3928 1810 3985 et
1826 3927 1996 4005 praecepta
2019 3925 2089 3989 eius

72 4009 227 4090 detur?²)
278 4006 422 4090 Repnum
448 4007 602 4070 coelorum
628 4026 690 4070 non
716 4005 822 4086 differt
844 4004 882 4069 ab
904 4004 1052 4084 inferno?
1105 4025 1170 4069 non
1196 4010 1315 4083 serum,
1344 4005 1479 4069 mendox
1503 4012 1563 4070 est:
1578 4012 1749 4086 praecepta
1770 4010 1854 4072 enim
1881 4010 1950 4073 eius
1975 4012 2091 4092 praoia

75 4093 227 4160 Satanico
261 4099 305 4158 est
333 4092 516 4175 testificatio
544 4096 615 4170 tna,
650 4091 681 4154 si
708 4091 785 4156 tatis
814 4092 900 4155 intus
929 4089 1062 4154 esttibi
1106 4110 1169 4154 non
1187 4096 1267 4154 sunt.
1313 4089 1466 4156 Ridicula
1487 4090 1558 4155 binc
1579 4094 1751 4157 ostenditur
1776 4095 1907 4175 copnitio
1927 4100 1999 4173 tna,
2027 4098 2091 4160 imo

73 4181 268 4258 conscientia,
290 4179 395 4260 quaiis
417 4182 484 4242 erat
496 4182 603 4255 'antea
626 4177 702 4241 etsi
718 4177 754 4241 in
771 4181 798 4241 te
813 4177 889 4257 fidei
905 4176 972 4240 oito
992 4195 1054 4240 non
1106 4176 1229 4258 mapiea
1249 4176 1428 4257 fascinatio,
1451 4181 1479 4241 et
1500 4178 1643 4242 ementita
1665 4178 1854 4260 iustificatio.

74 4262 178 4343 differt
199 4286 221 4328 a
237 4266 345 4344 priori
365 4269 469 4329 morte.
516 4262 641 4327 Pontus
661 4261 743 4326 docet
764 4283 821 4327 nos
843 4263 982 4342 occipere
1002 4261 1054 4325 do

74 4366 150 4410 num
166 4349 316 4428 institiae,
339 4349 429 4414 Rom
451 4353 480 4414 5.
528 4347 750 4413 Vestimentum
767 4348 909 4412 iustitiae
924 4347 1053 4426 possim

74 4431 202 4496 dicitm.
253 4431 494 4514 iustificationes
520 4439 714 4514 sanctorum,
744 4435 792 4500 ait
814 4433 959 4510 Ioannes,
988 4453 1054 4498 esse
1267 4430 1501 4498 EPISTOLA
1522 4433 1702 4499 DECIMA
1725 4432 1927 4512 QUAR'PA.

73 4517 110 4581 in
142 4517 189 4581 eis
220 4517 380 4599 byssinum
413 4540 535 4599 prorum
571 4525 599 4584 et
630 4520 828 4602 splendidum
866 4518 967 4599 Apoc.
1000 4523 1055 4582 19.
2104 4586 2106 4589 ,

75 4601 164 4685 Erpa
194 4607 240 4667 est
266 4602 436 4667 iiimtratio
461 4605 577 4685 aliqua.
624 4605 704 4687 Ipsa
724 4607 850 4682 ctaro³)
872 4604 1054 4684 instifcmio
1195 4602 1261 4667 Nec
1280 4604 1374 4684 fidem
1397 4602 1531 4683 Christi,
1560 4624 1612 4670 nee
1638 4624 1733 4686 opera
1762 4603 1844 4670 bono
1866 4608 1965 4686 probe
1984 4613 2019 4670 tu
2040 4609 2090 4674 nr-

69 4708 131 4769 per
156 4688 313 4771 pretinm
341 4693 386 4751 est
406 4690 541 4767 spiritus
560 4692 698 4773 prauae,
730 4697 765 4756 at
798 4693 845 4755 ait
868 4689 1053 4754 Zmbarios.
1105 4688 1237 4772 teilipis,
1267 4709 1322 4754 nec
1349 4710 1478 4772 repnurn
1505 4690 1575 4754 eius
1604 4689 1732 4755 coeleste.
1785 4690 1823 4755 Ut
1844 4713 1912 4756 rem
1929 4694 2088 4776 imapinn

77 4774 165 4839 Nam
199 4771 382 4854 iustificatio
416 4793 479 4837 non
511 4775 547 4854 fit
580 4777 647 4840 sine
678 4779 755 4858 fide,
788 4795 842 4841 nec
872 4775 951 4856 fides
986 4777 1055 4840 sine
1106 4775 1192 4838 riam
1212 4794 1340 4859 repnum
1357 4775 1411 4840 boc
1424 4773 1542 4839 Christi
1562 4775 1695 4853 (1611ᾱὲ3,
1716 4777 1810 4857 quasi
1832 4779 1872 4842 sit
1895 4798 1946 4841 res
1968 4780 2005 4842 cie
2022 4779 2088 4844 solo

74 4861 201 4941 spiritu.
255 4858 343 4926 Sient
363 4857 482 4923 bomini
497 4863 639 4940 peccanti
660 4864 750 4928 carie
770 4883 803 4927 se
824 4863 970 4927 insinuat
990 4863 1056 4943 spi
1106 4860 1211 4939 titulo,
1239 4861 1324 4943 quod
1351 4881 1410 4926 nos
1432 4880 1503 4924 eum
1528 4860 1651 4926 Christo
1678 4863 1745 4926 iano
1767 4882 1849 4927 nunc
1869 4883 2032 4946 repnemus
2052 4865 2092 4930 in

76 5017 281 5025 -υ--ψ
1157 5019 1313 5025 -4,.,-.-.

144 5081 175 5215 ii
192 5097 303 5203 {iiis
1175 5153 1203 5215 n)
1223 5152 1296 5205 een.
1324 5153 1361 5205 sc
1378 5151 1450 5206 ann.

144 5217 174 5285 3)
195 5218 268 5272 dats.
1176 5219 1206 5288 3)
1224 5223 1312 5290 igitur.

182 5302 294 5359 Sutrini
306 5319 399 5372 opera.
441 5303 496 5358 Vct
522 5302 607 5360 VIII.
627 5356 632 5367 ,
