4604 5896
74 307 138 370 625
836 301 1100 369 MICHAELIS
1123 295 1337 369 SERVE'I'I.
2031 308 2095 375 626

74 494 211 563 bitrium
246 489 372 557 cerebri
404 488 457 555 sui
490 485 687 570 vertiginem
719 487 903 570 supposuit.
958 485 1056 553 Adde
1108 486 1152 552 55
1183 489 1412 571 symmetriam
1444 491 1591 574 eorporis
1611 489 1762 556 alludens
1784 490 1913 558 Paulus
1934 517 2094 579 κατηρτισ-

74 576 171 664 5555,
206 577 286 642 dum
311 583 444 658 peoeato
466 573 616 639 vitiatam
638 593 710 638 esse
732 581 766 638 et
786 580 975 654 eorruptam
996 572 1055 636 ho·
1107 571 1214 651 μένους
1247 571 1335 652 dicit,
1375 576 1471 657 quasi
1503 574 1664 643 oeneinne
1696 583 1833 658 aptatos.
1848 580 1873 652 ¹)
1935 577 2091 647 Seeundo

74 663 175 731 minis
207 668 361 726 naturam
393 659 556 740 seriptura
589 657 691 736 doeet,
724 656 767 723 ad
799 656 905 723 solum
938 678 1056 739 eorpus
1108 657 1256 722 eiusdem
1276 659 1448 743 Epistulae
1469 680 1539 743 555.
1564 666 1609 736 (5.
1635 665 1668 738 t)
1702 661 1898 743 sapientiam
1931 685 1967 729 se
1999 663 2092 748 loqui

75 752 139 817 hoe
160 747 372 830 restringitur
393 766 415 808 a
435 742 585 821 Servate,
605 751 644 808 ut
664 742 775 807 anima
796 740 838 807 ab
862 743 952 807 omni
974 742 1056 808 vitio
1108 740 1189 807 dioit
1209 743 1298 807 inter
1320 745 1489 826 perlaetus.
1534 743 1604 810 Sed
1637 766 1738 828 quum
1772 746 1854 811 tales
1886 747 2024 814 rudibus
2057 757 2093 815 et

74 855 159 922 pura
180 835 225 900 sit
236 836 262 916 ¹)
305 831 392 896 Nam
424 828 487 894 hoo
517 828 566 892 illi
598 848 673 893 earo
702 826 875 911 signifieat,
908 828 1057 909 subque
1107 827 1220 976 &ueris
1242 837 1393 910 opponat,
1417 829 1501 895 nihil
1523 829 1612 895 aliud
1634 851 1733 914 quam
1754 831 1928 915 integritas
1946 841 2097 901 notaturr

74 931 187 988 tamen
227 926 316 982 totus
354 915 452 980 homo
492 921 635 996 quant-us
665 920 809 994 quantus
841 914 928 991 est²)
967 933 1055 978 eom·
1142 933 1195 976 am
1223 912 1273 976 ita
1292 934 1407 980 voeem
1427 914 1616 981 hebraicam
1638 915 1852 981 reddiderunt
1873 920 1982 1000 graeei
2015 924 2091 998 [pag.

74 1002 303 1092 prehenditur,
325 1000 447 1083 pagina
470 1002 541 1062 371.
586 997 677 1061 Η155
707 999 746 1063 fit
776 1008 813 1061 nt
834 1005 967 1081 5555555
990 998 1055 1062 ori·
1110 1000 1187 1076 235]
1208 998 1413 1080 interpretes.
1459 999 1516 1066 sio
1541 1005 1579 1063 14
1602 1000 1749 1066 eiusdem
1772 1002 1941 1085 Epistolae
1958 1003 2004 1090 (5.
2024 1007 2091 1087 20),

76 1091 181 1177 ginali
226 1088 392 1153 nemiuem
438 1082 591 1148 damnari
632 1089 735 1164 putet,
780 1081 1056 1164 quemadmodum
1108 1101 1237 1165 exque
1260 1081 1421 1150 Servetus
1443 1086 1579 1150 tertium
1603 1087 1831 1152 testimonium
1851 1089 1943 1170 petit,
1977 1087 2092 1154 admo-

74 1178 173 1262 55515
196 1183 272 1238 ante
294 1169 514 1253 exposuimus,
543 1176 577 1232 et
598 1168 718 1249 repetit
738 1186 813 1250 pag.
839 1171 910 1232 120.
956 1166 1055 1233 Obie·
1108 1174 1166 1231 net
1186 1175 1226 1231 ut
1246 1169 1314 1232 sint
1335 1170 1485 1236 sensibus
1506 1171 1651 1253 persenti
1696 1170 1786 1252 Quid
1806 1182 1919 1238 eutem
1946 1173 2007 1240 hoo
2028 1174 2092 1241 sibi

75 1281 186 1328 555555
207 1259 316 1341 ipsum
337 1255 481 1320 iustitiae
502 1252 734 1335 perfeetienem
753 1273 820 1317 una
837 1274 914 1318 eum
931 1252 1055 1318 (15555-
1109 1251 1190 1330 5515,
1224 1253 1289 1317 5151
1316 1262 1354 1317 55
1375 1255 1501 1320 sineere
1523 1255 1652 1333 iudieio,
1686 1265 1839 1340 reeteque
1870 1259 2092 1343 intelligentia

75 1348 132 1422 ris,
154 1346 285 1410 Novato
308 1349 341 1405 et
359 1338 521 1405 similibus
543 1336 716 1402 haereticis
738 1346 898 1402 statuere:
921 1337 1056 1402 mentiri
1107 1334 1249 1419 praediti
1271 1337 1359 1401 sint?
1415 1338 1588 1406 Secundae
1619 1341 1790 1423 Epistulae
1826 1347 1864 1406 13
1899 1350 1944 1420 (5.
1969 1351 2014 1421 9),
2047 1344 2091 1409 55

76 1453 130 1498 me
151 1425 336 1512 respondet
387 1426 444 1489 An
477 1423 628 1499 mentiar,
663 1441 705 1485 ex
736 1443 773 1486 re
804 1422 878 1505 ipsa
910 1421 1056 1488 iudieent
1108 1419 1297 1486 sectandam
1316 1423 1550 1505 perfeetienem
1567 1424 1760 1491 Corinthios
1781 1428 1982 1506 exstimulat,
2001 1450 2090 1494 eam·

75 1517 225 1582 leoteres.
275 1513 457 1592 Postquam
489 1529 562 1590 pag.
598 1510 660 1570 552
694 1505 866 1573 Christum
901 1506 1055 1573 substan-
1107 1526 1172 1588 que
1195 1527 1215 1571 5
1236 1508 1379 1573 Domino
1401 1509 1481 1590 ipsis
1502 1521 1665 1591 pretatur.
1710 1510 1795 1575 Inde
1815 1512 1947 1595 ¹telligit
1969 1512 2090 1579 Serve-

74 1601 199 1667 tialiter
232 1620 253 1664 a
285 1605 390 1661 morte
423 1591 625 1676 resurgendo
650 1591 853 1657 innovatum
868 1612 939 1657 esse
962 1590 1054 1670 dixit,
1108 1602 1163 1655 tue
1184 1592 1245 1656 sub
1267 1594 1376 1658 earnis
1397 1593 1590 1658 infirmitate
1612 1616 1674 1661 nos
1695 1604 1809 1661 tamen
1830 1618 1902 1662 esse
1920 1599 2090 1680 perfectos

75 1676 1056 1837 111111111111111111111111111
1109 1675 2092 1833 1111151515·111111511111111155

92 1794 179 1922 lllm
218 1790 284 1919 sldm
293 1788 398 1916 555515
437 1784 531 1913 551115
566 1847 792 1922 eommunieet.
853 1847 929 1913 Hoe
959 1812 1056 1913 modd
1108 1855 1210 1911 stare:
1256 1784 1360 1930 55155
1393 1785 1558 1931 55555551)
1574 1849 1667 1915 51155
1698 1859 1817 1918 sonent
1848 1789 2091 1932 lellapl‘auli,

76 1879 204 2007 destrui
242 1938 371 2004 variam
405 1934 568 1998 denorum
607 1932 744 2014 spiritus
783 1931 1055 2012 distributionem,
1108 1951 1242 2013 nempe:
1282 1931 1445 1999 Omnibus
1484 1935 1635 2017 peraetis,
1681 1936 1733 2000 vel
1772 1937 1936 2003 eonfeetis.
1998 1938 2090 2003 Hine

77 2028 201 2092 referre
222 2022 307 2088 nihil
326 2022 452 2087 attinet
475 2017 662 2100 Unicuique
684 2017 755 2082 dari
777 2019 919 2102 gratiam
940 2038 1057 2084 seeun-
1109 2014 1250 2081 Servate
1288 2018 1432 2099 perfecta
1469 2019 1614 2084 institiae
1652 2021 1789 2103 puritas.
1867 2020 2035 2087 Colossen.
2073 2027 2088 2084 l

78 2111 158 2177 dum
179 2126 369 2174 mensuram
391 2103 576 2169 donationis
598 2102 732 2181 Christi,
755 2125 823 2168 non
844 2103 941 2168 modo
963 2103 1057 2169 testis
1108 2106 1153 2181 (5.
1178 2103 1234 2177 28)
1267 2102 1303 2166 15
1323 2101 1386 2167 boe
1418 2103 1564 2168 studium
1596 2125 1632 2169 se
1652 2105 1844 2173 ineumbere
1864 2106 1990 2171 Paulus
2012 2107 2092 2172 dieit

78 2202 130 2263 est
161 2194 298 2272 Paulus,
338 2191 397 2256 sed
434 2188 511 2254 fidei
550 2208 666 2254 sensus
701 2189 812 2267 dietat,
852 2197 886 2253 et
924 2189 1057 2272 propria
1109 2193 1148 2250 55
1170 2206 1283 2251 omnes
1305 2186 1461 2253 exhibeat
1479 2190 1639 2271 perfeetos
1655 2191 1691 2255 in
1713 2191 1856 2259 Christo.
1887 2189 1991 2272 Quasi
2009 2212 2088 2258 5555

78 2278 282 2364 experientia
311 2277 412 2342 55555
457 2273 630 2339 Christum
659 2271 818 2340 Servatus
853 2274 928 2339 boni
962 2271 1057 2356 quid·
1109 2291 1178 2335 non
1204 2270 1279 2336 1555
1308 2273 1352 2335 511
1380 2272 1434 2338 hie
1465 2274 1641 2340 eontinnus
1673 2278 1735 2358 5115
1768 2277 1954 2342 doctoribus
1986 2276 2088 2354 labor,

76 2387 174 2451 quam
198 2366 325 2447 spirare
346 2383 413 2427 nen
435 2359 517 2439 vult,
544 2356 632 2440 quod
653 2377 722 2424 non
743 2358 882 2441 quisque
904 2366 1056 2423 nostrum
1109 2355 1187 2437 quia
1218 2378 1387 2439 nunquam
1426 2358 1464 2421 in
1502 2358 1565 2424 hae
1597 2360 1668 2426 5155
1704 2362 1886 2428 absolvitur
1924 2362 2088 2443 perfeetie.

78 2457 152 2532 [pag.
173 2456 250 2530 234]
282 2450 318 2513 in
347 2445 489 2512 solidum
510 2442 656 2525 55515155
701 2443 775 2509 Η55
807 2444 904 2510 515551
926 2443 1057 2509 videtur
1108 2440 1196 2506 Item
1217 2447 1237 2505 4
1260 2443 1306 2527 (5.
1331 2442 1386 2526 12)
1407 2464 1478 2526 555.
1500 2444 1691 2527 Epaphram
1719 2448 1817 2512 anxie
1849 2447 1979 2530 preeari
2000 2447 2089 2525 dieit,

8 2585 13 2595 .
77 2557 146 2602 non
168 2535 249 2601 satis
269 2530 431 2615 liquidum
453 2549 534 2608 esse,
557 2528 612 2594 551
633 2529 776 2607 firmum,
799 2528 941 2614 agedum
962 2526 1057 2611 quid·
1109 2533 1147 2590 ut
1185 2535 1273 2593 stent
1310 2528 1446 2610 perfeeti
1479 2539 1513 2594 et
1544 2531 1698 2612 eompleti
1730 2534 1764 2597 in
1795 2533 1887 2597 omni
1920 2532 2089 2597 voluntate

100 2620 158 2687 uid
179 2627 230 2686 est
251 2614 476 2700 ambiguitatis
497 2613 592 2678 tollat
611 2613 683 2695 ipse
705 2611 873 2679 Servatus.
908 2613 1059 2699 Epistola
1108 2612 1182 2677 Dei.
1226 2613 1330 2695 Atqui
1362 2634 1567 2698 5555555555
1598 2615 1715 2681 1515555
1734 2617 1912 2700 Epaphras
1935 2619 2048 2693 oratio,
2058 2619 2088 2695 ²)

78 2644 271 2772 duodeeima
293 2703 355 2768 hoe
376 2707 609 2784 argumentum
630 2698 706 2763 data
727 2718 828 2779 opera
849 2697 1058 2766 tractandum
1110 2696 1139 2762 si
1160 2698 1227 2761 iam
1248 2704 1328 2765 tune
1349 2699 1582 2781 perfeetienem
1612 2698 1722 2783 adepti
1743 2704 1858 2768 155555
1908 2702 2089 2785 Apostolus

79 2791 225 2874 suseipit
274 2789 349 2853 Hoe
379 2805 478 2869 porro
511 2780 684 2861 exordium
715 2792 779 2852 est:
813 2784 927 2866 Quum
960 2784 1058 2851 doeee
1111 2785 1129 2845 5
1164 2781 1207 2847 55
1227 2781 1329 2873 Hebr.
1353 2804 1421 2866 555.
1457 2795 1502 2862 (5.
1528 2785 1582 2865 14)
1614 2787 1767 2868 perfectis
1798 2787 1878 2853 dieit
1908 2807 2091 2871 eongruere
2123 2795 2125 2799 ’

79 2875 274 2961 quibusdam
314 2871 407 2939 velut
444 2867 588 2934 faeeibus
629 2888 759 2951 semper
797 2891 869 2936 esse
910 2869 1060 2935 admixta
1110 2865 1253 2932 solidum
1274 2869 1391 2935 eibum.
1437 2868 1522 2949 Quis
1550 2891 1616 2935 nen
1649 2881 1754 2938 statae
1775 2872 1894 2938 aetatis
1922 2872 2011 2939 viros
2044 2874 2092 2936 ita
2184 2877 2187 2883 '

78 2982 189 3045 opera,
222 2966 262 3025 ut
287 2959 431 3023 foeteant
451 2973 561 3020 eoram
583 2951 665 3032 Deo,
699 2954 729 3018 si
750 2953 792 3020 ad
814 2954 959 3039 rigidum
980 2977 1058 3021 exa·
1109 2954 1220 3018 555551
1257 2953 1435 3038 intelligit?
1499 2954 1589 3021 Hine
1628 2978 1744 3024 rursus
1783 2956 1925 3023 Serveto
1964 2957 2092 3024 illibata

78 3067 158 3113 men
180 3051 347 3122 vetentur,
379 3062 433 3123 me
464 3039 500 3103 in
532 3039 685 3120 spiritum
712 3038 941 3123 blasphemare
970 3039 1057 3107 dioit.
1108 3037 1254 3104 iustitiae
1275 3041 1411 3123 puritas
1456 3039 1560 3107 Sexto
1581 3060 1650 3125 555.
1671 3042 1770 3193 (ag
1793 3041 1835 3108 ad
1854 3043 2092 3126 perfeetienem

81 3131 195 3213 Quum
217 3129 315 3196 dooeo
338 3142 502 3208 nusquam
522 3145 618 3206 posse
638 3124 784 3188 inveniri
803 3127 983 3207 perfeetum
994 3126 1059 3190 Dei
1110 3122 1190 3187 ferri
1210 3122 1302 3189 iubet
1320 3124 1442 3191 fideles.
1486 3125 1576 3191 Hine
1598 3129 1715 3208 probat
1763 3137 1895 3193 etvetus
1918 3128 2090 3210 perfeetio-

80 3237 226 3282 amorem
247 3215 285 3279 in
307 3224 404 3291 terra,
438 3208 515 3292 quia
546 3229 622 3273 earo
654 3217 769 3274 eontra
801 3211 955 3293 spiritum
980 3232 1058 3277 eon-
1110 3208 1163 3273 nis
1185 3231 1320 3292 seopum
1341 3210 1499 3293 attigisse.
1529 3210 1617 3292 Quia
1636 3218 1653 3274 7
1673 3221 1706 3277 et
1726 3217 1764 3275 10
1787 3232 1857 3295 555.
1880 3213 2092 3295 evangelium

81 3294 1058 3462 (1551515515,5οοξξ135505515518ἰ55ἒι15ῧ551555ἷ551555ῗ555
1111 3291 1232 3442 {buitur
1264 3295 1306 3359 ad
1333 3296 1758 3461 periegettiotuemQaddnegre,
1792 3298 1828 3360 iu
1848 3295 1968 3445 lmedio
2001 3297 2092 3445 51555

126 3407 266 3451 versum
345 3402 474 3448 remus
500 3400 523 3443 u
593 3400 616 3442 n
688 3400 1059 3448 suerrusexaeam
1130 3400 1307 3445 ursueam
1329 3400 1485 3444 eons1u1
1606 3402 1661 3445 ura
1746 3402 1815 3447 55.
1862 3401 1880 3444 5
1924 3403 1957 3445 m
1990 3402 2032 3447 ne

81 3471 260 3554 puritatem
286 3467 446 3543 vendieet‚
480 3484 564 3549 quae
594 3400 774 3529 sustineatp
787 3476 972 3532 extremum
993 3467 1058 3531 Dei
1111 3465 1272 3546 perfeetos
1303 3463 1440 3529 reddere
1473 3484 1549 3529 suos
1582 3466 1732 3545 eultores,
1771 3401 2091 3549 elilligitgesservelds

82 3556 235 3638 rigorem.
267 3551 398 3619 Deinde
420 3560 458 3616 ut
479 3555 578 3632 neget
599 3550 708 3615 earnis
729 3551 885 3617 eonflietu
907 3551 1059 3634 impediri
1111 3549 1196 3614 nihil
1217 3549 1254 3613 in
1272 3548 1471 3616 Christianis
1493 3569 1565 3615 esse
1587 3551 1743 3616 meoniae.
1766 3551 1884 3634 Capite
1904 3554 1943 3615 12
1961 3553 2009 3637 (5.
2024 3553 2090 3633 23),

81 3646 214 3707 sanatos
234 3638 410 3721 quominus
431 3636 543 3703 Deum
564 3640 632 3698 toto
654 3633 752 3701 eorde
772 3637 914 3718 totisque
932 3638 1059 3703 viribus
1112 3642 1241 3701 sanatos
1263 3635 1318 3718 qni
1341 3641 1479 3698 mortem
1502 3632 1655 3700 obierunt
1675 3637 1836 3717 perfeetos
1859 3645 1963 3703 voest.
1996 3637 2091 3704 Heee

74 3724 230 3809 ¹diligant.
292 3722 484 3805 Faeessat⁸)
517 3719 620 3802 igitur
658 3740 676 3783 e
710 3720 818 3785 medio
852 3731 1060 3803 peeoatorum
1112 3719 1266 3803 perfeetio
1296 3717 1338 3782 ad
1366 3725 1573 3802 praesentem
1596 3720 1698 3785 vitam
1721 3720 1900 3788 aServete
1932 3723 2092 3788 transfer

79 3810 241 3890 remissio,
289 3810 318 3875 si
362 3808 541 3890 perfeetum
580 3804 742 3869 iustitiam
783 3827 947 3889 opponere
986 3806 1059 3873 Deo
1113 3813 1176 3870 tur.
1221 3804 1359 3871 Iaeobus
1384 3809 1410 3868 1.
1434 3825 1503 3886 eap.
1537 3811 1581 3882 (5.
1598 3806 1638 3886 ,4)
1672 3805 1786 3872 fideles
1819 3806 1862 3871 ad
1894 3808 2091 3890 patientiam

79 3897 166 3965 lieet.
1034 3956 1038 3963 ,
1112 3890 1276 3969 hortatur,
1297 3909 1381 3973 quae
1399 3892 1474 3968 [pag.
1495 3896 1570 3970 236]
1589 3891 1734 3972 perfeeto
1756 3901 1807 3957 est
1827 3893 1944 3971 virtus,
1966 3895 2092 3959 555155

166 3980 384 4065 Prosequitur
405 3975 573 4054 Servatus,
602 3973 781 4041 oetodeeim
808 3977 991 4060 scripturae
1011 3978 1059 4042 lo·
1112 3975 1249 4060 55515551
1270 3986 1305 4040 55
1324 3974 1460 4059 integri:
1494 3975 1536 4040 ob
1557 3974 1642 4042 hane
1665 3997 1797 4042 eausam
1819 3975 1978 4044 Servatus
1998 3979 2091 4044 omni

79 4089 135 4135 eos
157 4087 343 4145 reeensens,
365 4063 423 4130 ubi
444 4061 595 4128 fidelibus
616 4062 770 4142 555155515
792 4061 958 4127 tribuitur.
989 4061 1060 4129 Cur
1112 4081 1218 4126 naevo
1250 4081 1304 4126 eos
1337 4059 1505 4143 abstergit.
1561 4061 1672 4127 Tertio
1693 4082 1763 4145 555.
1798 4062 1844 4146 (5.
1867 4062 1903 4146 2)
1926 4062 2021 4128 dieit:
2049 4063 2089 4129 Si

81 4174 148 4219 non
170 4154 269 4217 etiam
290 4173 332 4217 ex
356 4148 460 4218 veteri
481 4154 676 4214 testamento
692 4146 841 4225 totidem,
865 4149 949 4213 sieut
967 4158 1059 4230 pote-
1112 4147 1185 4229 quis
1217 4145 1264 4210 lin
1312 4167 1332 4211 5
1362 4167 1430 4211 555
1462 4154 1583 4228 555555,
1634 4168 1710 4213 eum
1743 4146 1876 4212 demum
1908 4149 2091 4229 perfeetum

81 4249 143 4316 rat,
175 4237 315 4320 protulit
345 4239 423 4320 (quo
456 4245 601 4317 tempore
632 4241 733 4317 negat
754 4232 874 4315 spiritu
895 4235 1060 4316 regenitus
1112 4252 1192 4297 esse.
1255 4167 1369 4312 &dum
1409 4230 1474 4296 tale
1515 4232 1704 4315 exemplum
1742 4252 1905 4314 nusquam
1944 4233 2091 4314 proferre

80 4321 182 4386 151555
203 4321 368 4402 homines)
397 4321 462 4385 nisi
484 4320 562 4402 quia
582 4317 709 4384 veritus
737 4329 789 4383 est
817 4339 859 4382 ne
880 4318 943 4383 hoe
964 4317 1059 4384 modo
1111 4317 1217 4394 lioeat,
1250 4317 1343 4399 quasi
1374 4326 1485 4382 tamen
1520 4316 1650 4383 divinae
1681 4318 1748 4382 sint
1776 4317 1924 4381 omnium
1945 4317 2089 4400 linguae,

81 4406 153 4470 sine
190 4406 325 4487 spiritus
364 4405 473 4488 gratia
506 4410 673 4472 eonstaret
704 4403 847 4469 iustitiae
878 4403 1057 4486 5551555151
1112 4402 1272 4469 Servatus
1312 4399 1375 4467 diei
1413 4403 1573 4484 perfeetos
1607 4399 1783 4466 eontendit
1847 4402 2092 4470 Perfeetionem

84 4487 173 4570 Quid
213 4500 324 4554 tamen
362 4491 552 4556 eontineant
589 4488 653 4555 1551
693 4490 748 4554 1551
779 4486 960 4554 ridendum
1000 4496 1058 4555 est.
1111 4488 1232 4553 Petrus
1254 4507 1322 4570 555.
1349 4491 1364 4551 1
1389 4508 1468 4553 5555
1489 4486 1659 4569 1151555155
1681 4493 1724 4564 (5.
1750 4488 1787 4549 13
1810 4493 1893 4569 555.)
1923 4508 2090 4555 eommeu-

84 4571 274 4640 Corinthios
305 4575 458 4640 hortatur
488 4575 622 4654 Paulus,
660 4579 686 4640 1.
710 4575 784 4641 Cor.
811 4580 825 4637 1
863 4575 908 4662 (5.
934 4576 988 4660 10)
1021 4582 1061 4639 55
1112 4573 1178 4651 555,
1209 4592 1329 4656 nempe
1355 4579 1394 4637 ut
1420 4572 1462 4636 ad
1495 4592 1568 4637 eam
1602 4572 1770 4636 enitantur
1801 4571 1861 4635 filii
1881 4573 1955 4639 Dei.
2000 4573 2092 4640 Hine

81 4659 220 4744 55515551
241 4659 317 4724 5155.
362 4662 418 4725 An
437 4681 491 4724 sos
512 4669 686 4744 propterea
706 4661 743 4726 in
762 4659 867 4744 gradu
888 4661 1060 4744 perfeetio-
1111 4657 1237 4742 telligit
1259 4655 1428 4736 Servatus,
1451 4657 1518 4722 iam
1540 4656 1674 4739 adeptos
1697 4676 1776 4721 esse.
1821 4656 1987 4725 Iohannes
2012 4679 2091 4725 suae

80 4747 135 4810 nis
156 4743 303 4823 eolloeat,
340 4767 378 4811 ae
401 4766 469 4808 non
489 4745 597 4826 potius
619 4765 654 4809 55
685 4766 804 4829 555555
836 4746 990 4825 ostendit,
1021 4754 1060 4810 nt
1111 4742 1283 4829 Epistulae
1304 4747 1412 4826 5552
1435 4746 1448 4826 (
1471 4791 1479 4806 .
1500 4744 1535 4826 5)
1557 4742 1592 4806 15
1616 4741 1678 4807 hoe
1698 4741 1795 4807 sitam
1818 4762 1890 4806 esse
1910 4745 2092 4826 perfeetum

81 4837 154 4896 tota
174 4830 246 4895 vita
277 4830 319 4894 ad
347 4829 581 4914 perfeetienem
602 4829 769 4911 aspirent?
815 4830 943 4897 Omitto
974 4830 1061 4915 quod

1182 4981 1213 5049 1)
1232 4978 1473 5037 1515155555155
1491 4996 1543 5073 que
1562 4979 1588 5034 le
1606 4987 1664 5036 mot
1678 4981 1749 5037 Gree
1765 4980 1916 5051 n’emporte
1934 4981 2092 5051 pointper·

152 5048 182 5111 1)
200 5057 232 5105 51
250 5052 340 5106 anima
357 5056 434 5105 eeett
452 5064 505 5104 em.
524 5048 559 5104 θ.
890 5058 894 5065 ·
1112 5049 1228 5105 fection:
1247 5049 1315 5104 mais
1333 5049 1453 5117 plustost
1464 5065 1506 5116 ,qn
1514 5048 1548 5102 ils
1561 5056 1657 5120 seyent
1667 5051 1729 5105 unis
1746 5057 1776 5106 55
1785 5050 1942 5119 5555555555
1952 5051 2091 5107 ensemble

151 5117 182 5180 2)
201 5118 328 5175 5555155
346 5120 450 5187 parties
467 5126 496 5173 et
513 5117 628 5173 iaonltts
646 5117 680 5172 de
699 5134 749 5172 son
767 5134 834 5174 arne.
1113 5135 1147 5175 en
1164 5119 1254 5174 bonne
1272 5117 1369 5172 1151555
1388 5133 1489 5172 oomnis
1506 5117 1639 5172 membres
1656 5118 1718 5173 d'un
1736 5134 1827 5200 eorps.

152 5184 183 5253 3)
202 5185 259 5242 s'en
276 5187 339 5243 eills
358 5202 393 5243 an
410 5194 480 5257 grat.
1181 5186 1212 5252 2)
1230 5184 1305 5241 Aee.
1322 5186 1368 5255 qui
1385 5190 1429 5241 est
1450 5192 1510 5240 tout
1532 5201 1567 5240 au
1584 5186 1699 5242 rebours
1716 5186 1751 5244 de
1767 5186 1918 5243 l'mtsntion
1935 5186 1969 5243 de
1986 5186 2094 5244 Serret.

187 5270 406 5343 Celeint'epere.
444 5271 502 5330 Vel.
523 5267 611 5328 Vm.
1431 5359 1436 5365 ι
1850 5270 1887 5326 40
