<?xml version="1.0" encoding="UTF-8"?>
<!DOCTYPE html PUBLIC "-//W3C//DTD XHTML 1.0 Transitional//EN"
    "http://www.w3.org/TR/xhtml1/DTD/xhtml1-transitional.dtd">
<html xmlns="http://www.w3.org/1999/xhtml" xml:lang="en" lang="en">
 <head>
  <title>
</title>
<meta http-equiv="Content-Type" content="text/html;charset=utf-8" />
  <meta name='ocr-system' content='tesseract 3.04.00' />
  <meta name='ocr-capabilities' content='ocr_page ocr_carea ocr_par ocr_line ocrx_word'/>
</head>
<body>
  <div class='ocr_page' id='page_1' title='image "./ioanniscalvinio02reusgoog/ioanniscalvinio02reusgoog_0379.png"; bbox 0 0 4604 5896; ppageno 0'>
   <div class='ocr_carea' id='block_1_1' title="bbox 71 298 2093 376">
    <p class='ocr_par' dir='ltr' id='par_1_1' title="bbox 71 298 2093 376">
     <span class='ocr_line' id='line_1_1' title="bbox 71 298 2093 376; baseline 0 -2"><span class='ocrx_word' id='word_1_1' title='bbox 71 311 135 374; x_wconf 85' lang='grc'><strong><em>693</em></strong></span> <span class='ocrx_word' id='word_1_2' title='bbox 758 298 1024 369; x_wconf 73' lang='lat' dir='ltr'>EPISTOLAE</span> <span class='ocrx_word' id='word_1_3' title='bbox 1050 304 1117 372; x_wconf 81' lang='lat' dir='ltr'><strong><em>AD</em></strong></span> <span class='ocrx_word' id='word_1_4' title='bbox 1140 298 1400 372; x_wconf 78' lang='lat' dir='ltr'><strong><em>OALVINUM.</em></strong></span> <span class='ocrx_word' id='word_1_5' title='bbox 2026 313 2093 376; x_wconf 80' lang='lat'><strong><em>694</em></strong></span> 
     </span>
    </p>
   </div>
   <div class='ocr_carea' id='block_1_2' title="bbox 67 486 2089 2022">
    <p class='ocr_par' dir='ltr' id='par_1_2' title="bbox 67 486 2089 2022">
     <span class='ocr_line' id='line_1_2' title="bbox 69 486 2089 575; baseline -0.001 -12"><span class='ocrx_word' id='word_1_6' title='bbox 69 497 108 563; x_wconf 92' lang='lat' dir='ltr'><strong><em>in</em></strong></span> <span class='ocrx_word' id='word_1_7' title='bbox 127 494 280 573; x_wconf 85' lang='lat' dir='ltr'><strong><em>omnibns,</em></strong></span> <span class='ocrx_word' id='word_1_8' title='bbox 315 497 342 557; x_wconf 88' lang='grc' dir='ltr'><strong><em>ει</em></strong></span> <span class='ocrx_word' id='word_1_9' title='bbox 371 493 474 575; x_wconf 85' lang='lat' dir='ltr'><strong><em>pratis</em></strong></span> <span class='ocrx_word' id='word_1_10' title='bbox 506 489 651 571; x_wconf 70' lang='lat' dir='ltr'><strong><em>beneficia</em></strong></span> <span class='ocrx_word' id='word_1_11' title='bbox 685 487 808 570; x_wconf 83' lang='lat' dir='ltr'><strong><em>confert.</em></strong></span> <span class='ocrx_word' id='word_1_12' title='bbox 860 486 916 552; x_wconf 78' lang='lat' dir='ltr'><strong><em>Ec</em></strong></span> <span class='ocrx_word' id='word_1_13' title='bbox 944 490 1053 570; x_wconf 78' lang='lat' dir='ltr'><strong><em>pratia</em></strong></span> <span class='ocrx_word' id='word_1_14' title='bbox 1103 492 1180 556; x_wconf 86' lang='lat' dir='ltr'><strong><em>dam</em></strong></span> <span class='ocrx_word' id='word_1_15' title='bbox 1200 491 1298 557; x_wconf 86' lang='lat' dir='ltr'><strong><em>ooiuit</em></strong></span> <span class='ocrx_word' id='word_1_16' title='bbox 1314 492 1406 559; x_wconf 88' lang='lat' dir='ltr'><strong><em>Dens</em></strong></span> <span class='ocrx_word' id='word_1_17' title='bbox 1427 514 1465 559; x_wconf 85' lang='lat' dir='ltr'><strong><em>ec</em></strong></span> <span class='ocrx_word' id='word_1_18' title='bbox 1485 493 1599 559; x_wconf 81' lang='lat' dir='ltr'><strong><em>mnata</em></strong></span> <span class='ocrx_word' id='word_1_19' title='bbox 1618 493 1673 556; x_wconf 88' lang='lat' dir='ltr'><strong><em>sni</em></strong></span> <span class='ocrx_word' id='word_1_20' title='bbox 1693 491 1814 558; x_wconf 74' lang='lat' dir='ltr'><strong><em>habitus</em></strong></span> <span class='ocrx_word' id='word_1_21' title='bbox 1832 492 1946 560; x_wconf 70' lang='lat' dir='ltr'><strong><em>ciriae</em></strong></span> <span class='ocrx_word' id='word_1_22' title='bbox 1967 513 2034 561; x_wconf 84' lang='lat' dir='ltr'><strong><em>csse</em></strong></span> <span class='ocrx_word' id='word_1_23' title='bbox 2049 496 2089 562; x_wconf 84' lang='lat' dir='ltr'><strong><em>in</em></strong></span> 
     </span>
     <span class='ocr_line' id='line_1_3' title="bbox 70 573 2088 666; baseline -0.001 -17"><span class='ocrx_word' id='word_1_24' title='bbox 70 581 165 666; x_wconf 81' lang='lat' dir='ltr'><strong><em>ciipit,</em></strong></span> <span class='ocrx_word' id='word_1_25' title='bbox 195 601 257 644; x_wconf 91' lang='lat' dir='ltr'><strong><em>non</em></strong></span> <span class='ocrx_word' id='word_1_26' title='bbox 272 582 405 659; x_wconf 85' lang='lat' dir='ltr'><strong><em>propter</em></strong></span> <span class='ocrx_word' id='word_1_27' title='bbox 427 596 530 656; x_wconf 87' lang='lat' dir='ltr'><strong><em>opera.</em></strong></span> <span class='ocrx_word' id='word_1_28' title='bbox 576 574 662 639; x_wconf 88' lang='lat' dir='ltr'><strong><em>Hinc</em></strong></span> <span class='ocrx_word' id='word_1_29' title='bbox 697 573 825 637; x_wconf 76' lang='lat' dir='ltr'><strong><em>univoce</em></strong></span> <span class='ocrx_word' id='word_1_30' title='bbox 855 574 1052 653; x_wconf 65' lang='lat' dir='ltr'><strong><em>respondebis</em></strong></span> <span class='ocrx_word' id='word_1_31' title='bbox 1103 576 1241 640; x_wconf 86' lang='lat' dir='ltr'><strong><em>hominis</em></strong></span> <span class='ocrx_word' id='word_1_32' title='bbox 1256 582 1414 654; x_wconf 84' lang='lat' dir='ltr'><strong><em>potestate,</em></strong></span> <span class='ocrx_word' id='word_1_33' title='bbox 1436 579 1593 656; x_wconf 80' lang='lat' dir='ltr'><strong><em>quaedam</em></strong></span> <span class='ocrx_word' id='word_1_34' title='bbox 1613 597 1685 641; x_wconf 88' lang='lat' dir='ltr'><strong><em>ocra</em></strong></span> <span class='ocrx_word' id='word_1_35' title='bbox 1705 597 1783 643; x_wconf 84' lang='lat' dir='ltr'><strong><em>non:</em></strong></span> <span class='ocrx_word' id='word_1_36' title='bbox 1813 579 1897 660; x_wconf 78' lang='lat' dir='ltr'><strong><em>puod</em></strong></span> <span class='ocrx_word' id='word_1_37' title='bbox 1923 581 2008 645; x_wconf 89' lang='lat' dir='ltr'><strong><em>etin</em></strong></span> <span class='ocrx_word' id='word_1_38' title='bbox 2027 601 2088 647; x_wconf 88' lang='lat' dir='ltr'><strong><em>an·</em></strong></span> 
     </span>
     <span class='ocr_line' id='line_1_4' title="bbox 71 655 2089 747; baseline -0.002 -13"><span class='ocrx_word' id='word_1_39' title='bbox 71 667 115 734; x_wconf 84' lang='lat' dir='ltr'><strong><em>ad</em></strong></span> <span class='ocrx_word' id='word_1_40' title='bbox 136 688 173 732; x_wconf 92' lang='lat' dir='ltr'><strong><em>ea</em></strong></span> <span class='ocrx_word' id='word_1_41' title='bbox 194 666 309 742; x_wconf 80' lang='lat' dir='ltr'><strong><em>omnia,</em></strong></span> <span class='ocrx_word' id='word_1_42' title='bbox 331 663 366 727; x_wconf 92' lang='lat' dir='ltr'><strong><em>in</em></strong></span> <span class='ocrx_word' id='word_1_43' title='bbox 387 661 502 744; x_wconf 81' lang='lat' dir='ltr'><strong><em>quibus</em></strong></span> <span class='ocrx_word' id='word_1_44' title='bbox 520 679 645 725; x_wconf 84' lang='lat' dir='ltr'><strong><em>servum</em></strong></span> <span class='ocrx_word' id='word_1_45' title='bbox 663 663 754 723; x_wconf 89' lang='lat' dir='ltr'><strong><em>tuum</em></strong></span> <span class='ocrx_word' id='word_1_46' title='bbox 770 655 940 722; x_wconf 73' lang='lat' dir='ltr'><strong><em>arbitrium</em></strong></span> <span class='ocrx_word' id='word_1_47' title='bbox 957 676 1052 737; x_wconf 89' lang='lat' dir='ltr'><strong><em>prae·</em></strong></span> <span class='ocrx_word' id='word_1_48' title='bbox 1100 659 1182 741; x_wconf 84' lang='lat' dir='ltr'><strong><em>pciis</em></strong></span> <span class='ocrx_word' id='word_1_49' title='bbox 1202 664 1248 722; x_wconf 90' lang='lat' dir='ltr'><strong><em>est</em></strong></span> <span class='ocrx_word' id='word_1_50' title='bbox 1269 659 1316 722; x_wconf 91' lang='lat' dir='ltr'><strong><em>ita</em></strong></span> <span class='ocrx_word' id='word_1_51' title='bbox 1337 658 1516 725; x_wconf 77' lang='lat' dir='ltr'><strong><em>limitatum.</em></strong></span> <span class='ocrx_word' id='word_1_52' title='bbox 1562 659 1601 725; x_wconf 71' lang='lat' dir='ltr'><strong><em>se·</em></strong></span> <span class='ocrx_word' id='word_1_53' title='bbox 1621 661 1768 741; x_wconf 82' lang='lat' dir='ltr'><strong><em>prinmm</em></strong></span> <span class='ocrx_word' id='word_1_54' title='bbox 1788 664 1961 728; x_wconf 76' lang='lat' dir='ltr'><strong><em>membrum</em></strong></span> <span class='ocrx_word' id='word_1_55' title='bbox 1988 667 2089 747; x_wconf 87' lang='lat' dir='ltr'><strong><em>respi-</em></strong></span> 
     </span>
     <span class='ocr_line' id='line_1_5' title="bbox 72 741 2089 829; baseline -0.002 -10"><span class='ocrx_word' id='word_1_56' title='bbox 72 753 237 820; x_wconf 88' lang='lat' dir='ltr'><strong><em>destinatio</em></strong></span> <span class='ocrx_word' id='word_1_57' title='bbox 256 752 383 829; x_wconf 75' lang='lat' dir='ltr'><strong><em>enque.</em></strong></span> <span class='ocrx_word' id='word_1_58' title='bbox 406 746 543 812; x_wconf 79' lang='lat' dir='ltr'><strong><em>Scientia</em></strong></span> <span class='ocrx_word' id='word_1_59' title='bbox 564 744 637 823; x_wconf 89' lang='lat' dir='ltr'><strong><em>Dei,</em></strong></span> <span class='ocrx_word' id='word_1_60' title='bbox 659 746 742 808; x_wconf 89' lang='lat' dir='ltr'><strong><em>sicut</em></strong></span> <span class='ocrx_word' id='word_1_61' title='bbox 761 747 790 807; x_wconf 89' lang='lat' dir='ltr'><strong><em>et</em></strong></span> <span class='ocrx_word' id='word_1_62' title='bbox 810 741 952 806; x_wconf 78' lang='lat' dir='ltr'><strong><em>voluntas</em></strong></span> <span class='ocrx_word' id='word_1_63' title='bbox 972 743 1050 821; x_wconf 87' lang='lat' dir='ltr'><strong><em>eins,</em></strong></span> <span class='ocrx_word' id='word_1_64' title='bbox 1103 744 1179 822; x_wconf 88' lang='lat' dir='ltr'><strong><em>cias,</em></strong></span> <span class='ocrx_word' id='word_1_65' title='bbox 1213 743 1297 808; x_wconf 89' lang='lat' dir='ltr'><strong><em>dices</em></strong></span> <span class='ocrx_word' id='word_1_66' title='bbox 1317 743 1398 822; x_wconf 86' lang='lat' dir='ltr'><strong><em>bene,</em></strong></span> <span class='ocrx_word' id='word_1_67' title='bbox 1434 745 1562 827; x_wconf 75' lang='lat' dir='ltr'><strong><em>eosqui</em></strong></span> <span class='ocrx_word' id='word_1_68' title='bbox 1583 745 1619 809; x_wconf 92' lang='lat' dir='ltr'><strong><em>in</em></strong></span> <span class='ocrx_word' id='word_1_69' title='bbox 1638 745 1732 826; x_wconf 69' lang='lat' dir='ltr'><strong><em>pinati</em></strong></span> <span class='ocrx_word' id='word_1_70' title='bbox 1754 746 1873 812; x_wconf 89' lang='lat' dir='ltr'><strong><em>indicio</em></strong></span> <span class='ocrx_word' id='word_1_71' title='bbox 1894 748 2089 814; x_wconf 84' lang='lat' dir='ltr'><strong><em>damnaban-</em></strong></span> 
     </span>
     <span class='ocr_line' id='line_1_6' title="bbox 71 827 2089 918; baseline -0.001 -17"><span class='ocrx_word' id='word_1_72' title='bbox 71 844 118 905; x_wconf 83' lang='lat' dir='ltr'><strong><em>est</em></strong></span> <span class='ocrx_word' id='word_1_73' title='bbox 139 841 251 918; x_wconf 86' lang='lat' dir='ltr'><strong><em>suapte</em></strong></span> <span class='ocrx_word' id='word_1_74' title='bbox 268 839 386 899; x_wconf 86' lang='lat' dir='ltr'><strong><em>natura</em></strong></span> <span class='ocrx_word' id='word_1_75' title='bbox 400 832 492 914; x_wconf 89' lang='lat' dir='ltr'><strong><em>prior</em></strong></span> <span class='ocrx_word' id='word_1_76' title='bbox 509 829 628 904; x_wconf 86' lang='lat' dir='ltr'><strong><em>actibus</em></strong></span> <span class='ocrx_word' id='word_1_77' title='bbox 645 828 775 894; x_wconf 84' lang='lat' dir='ltr'><strong><em>nostris:</em></strong></span> <span class='ocrx_word' id='word_1_78' title='bbox 791 828 861 892; x_wconf 85' lang='lat' dir='ltr'><strong><em>ideo</em></strong></span> <span class='ocrx_word' id='word_1_79' title='bbox 873 827 1053 908; x_wconf 81' lang='lat' dir='ltr'><strong><em>praescim-</em></strong></span> <span class='ocrx_word' id='word_1_80' title='bbox 1103 834 1164 906; x_wconf 92' lang='lat' dir='ltr'><strong><em>tur,</em></strong></span> <span class='ocrx_word' id='word_1_81' title='bbox 1184 827 1278 893; x_wconf 84' lang='lat' dir='ltr'><strong><em>hibere</em></strong></span> <span class='ocrx_word' id='word_1_82' title='bbox 1298 827 1483 909; x_wconf 64' lang='lat' dir='ltr'><strong><em>detinuisse:</em></strong></span> <span class='ocrx_word' id='word_1_83' title='bbox 1516 831 1596 894; x_wconf 79' lang='lat' dir='ltr'><strong><em>inste</em></strong></span> <span class='ocrx_word' id='word_1_84' title='bbox 1622 831 1749 911; x_wconf 89' lang='lat' dir='ltr'><strong><em>puniri,</em></strong></span> <span class='ocrx_word' id='word_1_85' title='bbox 1781 851 1880 912; x_wconf 80' lang='lat' dir='ltr'><strong><em>quum</em></strong></span> <span class='ocrx_word' id='word_1_86' title='bbox 1905 832 2021 914; x_wconf 83' lang='lat' dir='ltr'><strong><em>fnisset</em></strong></span> <span class='ocrx_word' id='word_1_87' title='bbox 2041 835 2089 900; x_wconf 87' lang='lat' dir='ltr'><strong><em>cis</em></strong></span> 
     </span>
     <span class='ocr_line' id='line_1_7' title="bbox 71 911 2088 1004; baseline -0.003 -14"><span class='ocrx_word' id='word_1_88' title='bbox 71 924 128 1003; x_wconf 89' lang='lat' dir='ltr'><strong><em>tia,</em></strong></span> <span class='ocrx_word' id='word_1_89' title='bbox 156 919 411 1004; x_wconf 86' lang='lat' dir='ltr'><strong><em>praedestinatio,</em></strong></span> <span class='ocrx_word' id='word_1_90' title='bbox 447 936 502 980; x_wconf 88' lang='lat' dir='ltr'><strong><em>seu</em></strong></span> <span class='ocrx_word' id='word_1_91' title='bbox 529 914 766 998; x_wconf 76' lang='lat' dir='ltr'><strong><em>praeordinatio</em></strong></span> <span class='ocrx_word' id='word_1_92' title='bbox 800 911 924 978; x_wconf 85' lang='lat' dir='ltr'><strong><em>dicitur.</em></strong></span> <span class='ocrx_word' id='word_1_93' title='bbox 977 911 1053 976; x_wconf 89' lang='lat' dir='ltr'><strong><em>Non</em></strong></span> <span class='ocrx_word' id='word_1_94' title='bbox 1103 913 1228 994; x_wconf 79' lang='lat' dir='ltr'><strong><em>aliquid</em></strong></span> <span class='ocrx_word' id='word_1_95' title='bbox 1237 913 1355 991; x_wconf 72' lang='lat' dir='ltr'><strong><em>datam</em></strong></span> <span class='ocrx_word' id='word_1_96' title='bbox 1368 933 1428 994; x_wconf 76' lang='lat' dir='ltr'><strong><em>qno</em></strong></span> <span class='ocrx_word' id='word_1_97' title='bbox 1437 915 1561 981; x_wconf 83' lang='lat' dir='ltr'><strong><em>saivari</em></strong></span> <span class='ocrx_word' id='word_1_98' title='bbox 1565 916 1751 995; x_wconf 84' lang='lat' dir='ltr'><strong><em>potuissent.</em></strong></span> <span class='ocrx_word' id='word_1_99' title='bbox 1772 914 2088 984; x_wconf 83' lang='lat' dir='ltr'><strong><em>Siseacndnmmem·</em></strong></span> 
     </span>
     <span class='ocr_line' id='line_1_8' title="bbox 72 995 2089 1089; baseline -0.002 -15"><span class='ocrx_word' id='word_1_100' title='bbox 72 1011 108 1074; x_wconf 92' lang='lat' dir='ltr'><strong><em>ob</em></strong></span> <span class='ocrx_word' id='word_1_101' title='bbox 130 1008 165 1073; x_wconf 92' lang='lat' dir='ltr'><strong><em>id</em></strong></span> <span class='ocrx_word' id='word_1_102' title='bbox 185 1006 290 1089; x_wconf 76' lang='lat' dir='ltr'><strong><em>secturi</em></strong></span> <span class='ocrx_word' id='word_1_103' title='bbox 310 1002 520 1068; x_wconf 87' lang='lat' dir='ltr'><strong><em>necessitatem</em></strong></span> <span class='ocrx_word' id='word_1_104' title='bbox 541 1001 699 1077; x_wconf 86' lang='lat' dir='ltr'><strong><em>inducens,</em></strong></span> <span class='ocrx_word' id='word_1_105' title='bbox 721 1000 798 1080; x_wconf 73' lang='lat' dir='ltr'><strong><em>onia</em></strong></span> <span class='ocrx_word' id='word_1_106' title='bbox 815 995 884 1061; x_wconf 88' lang='lat' dir='ltr'><strong><em>Deo</em></strong></span> <span class='ocrx_word' id='word_1_107' title='bbox 904 996 988 1060; x_wconf 84' lang='lat' dir='ltr'><strong><em>nihii</em></strong></span> <span class='ocrx_word' id='word_1_108' title='bbox 1009 1000 1053 1060; x_wconf 92' lang='lat' dir='ltr'><strong><em>est</em></strong></span> <span class='ocrx_word' id='word_1_109' title='bbox 1104 997 1337 1063; x_wconf 83' lang='lat' dir='ltr'><strong><em>brumcoeiestis</em></strong></span> <span class='ocrx_word' id='word_1_110' title='bbox 1347 1001 1591 1066; x_wconf 80' lang='lat' dir='ltr'><strong><em>vocationismcm</em></strong></span> <span class='ocrx_word' id='word_1_111' title='bbox 1599 1000 1703 1066; x_wconf 85' lang='lat' dir='ltr'><strong><em>Paulo</em></strong></span> <span class='ocrx_word' id='word_1_112' title='bbox 1714 1006 1833 1080; x_wconf 85' lang='lat' dir='ltr'><strong><em>tractes,</em></strong></span> <span class='ocrx_word' id='word_1_113' title='bbox 1845 1002 1929 1068; x_wconf 88' lang='lat' dir='ltr'><strong><em>dices</em></strong></span> <span class='ocrx_word' id='word_1_114' title='bbox 1939 1002 2020 1084; x_wconf 90' lang='lat' dir='ltr'><strong><em>bene,</em></strong></span> <span class='ocrx_word' id='word_1_115' title='bbox 2032 1024 2089 1069; x_wconf 86' lang='lat' dir='ltr'><strong><em>nos</em></strong></span> 
     </span>
     <span class='ocr_line' id='line_1_9' title="bbox 71 1080 2088 1177; baseline -0.002 -19"><span class='ocrx_word' id='word_1_116' title='bbox 71 1094 225 1177; x_wconf 79' lang='lat' dir='ltr'><strong><em>futurum.</em></strong></span> <span class='ocrx_word' id='word_1_117' title='bbox 271 1089 347 1170; x_wconf 89' lang='lat' dir='ltr'><strong><em>Ipse</em></strong></span> <span class='ocrx_word' id='word_1_118' title='bbox 372 1089 419 1151; x_wconf 89' lang='lat' dir='ltr'><strong><em>ita</em></strong></span> <span class='ocrx_word' id='word_1_119' title='bbox 445 1086 518 1165; x_wconf 84' lang='lat' dir='ltr'><strong><em>enit,</em></strong></span> <span class='ocrx_word' id='word_1_120' title='bbox 551 1085 639 1151; x_wconf 84' lang='lat' dir='ltr'><strong><em>nobis</em></strong></span> <span class='ocrx_word' id='word_1_121' title='bbox 673 1085 729 1150; x_wconf 91' lang='lat' dir='ltr'><strong><em>dat</em></strong></span> <span class='ocrx_word' id='word_1_122' title='bbox 760 1084 807 1148; x_wconf 87' lang='lat' dir='ltr'><strong><em>ita</em></strong></span> <span class='ocrx_word' id='word_1_123' title='bbox 841 1080 935 1146; x_wconf 86' lang='lat' dir='ltr'><strong><em>libere</em></strong></span> <span class='ocrx_word' id='word_1_124' title='bbox 967 1081 1052 1160; x_wconf 77' lang='lat' dir='ltr'><strong><em>vete,</em></strong></span> <span class='ocrx_word' id='word_1_125' title='bbox 1104 1082 1149 1148; x_wconf 86' lang='lat' dir='ltr'><strong><em>ibi</em></strong></span> <span class='ocrx_word' id='word_1_126' title='bbox 1166 1103 1229 1147; x_wconf 90' lang='lat' dir='ltr'><strong><em>non</em></strong></span> <span class='ocrx_word' id='word_1_127' title='bbox 1246 1103 1347 1165; x_wconf 79' lang='lat' dir='ltr'><strong><em>posse.</em></strong></span> <span class='ocrx_word' id='word_1_128' title='bbox 1392 1084 1468 1149; x_wconf 86' lang='lat' dir='ltr'><strong><em>Non</em></strong></span> <span class='ocrx_word' id='word_1_129' title='bbox 1500 1105 1565 1151; x_wconf 89' lang='lat' dir='ltr'><strong><em>csse</em></strong></span> <span class='ocrx_word' id='word_1_130' title='bbox 1599 1087 1756 1152; x_wconf 74' lang='lat' dir='ltr'><strong><em>merentis</em></strong></span> <span class='ocrx_word' id='word_1_131' title='bbox 1780 1085 1942 1153; x_wconf 88' lang='lat' dir='ltr'><strong><em>Christum</em></strong></span> <span class='ocrx_word' id='word_1_132' title='bbox 1963 1108 2088 1172; x_wconf 84' lang='lat' dir='ltr'><strong><em>copnos-</em></strong></span> 
     </span>
     <span class='ocr_line' id='line_1_10' title="bbox 72 1166 2086 1246; baseline -0.003 -1"><span class='ocrx_word' id='word_1_133' title='bbox 72 1180 160 1245; x_wconf 83' lang='lat' dir='ltr'><strong><em>intro</em></strong></span> <span class='ocrx_word' id='word_1_134' title='bbox 180 1181 275 1244; x_wconf 83' lang='lat' dir='ltr'><strong><em>certos</em></strong></span> <span class='ocrx_word' id='word_1_135' title='bbox 295 1174 417 1240; x_wconf 83' lang='lat' dir='ltr'><strong><em>limites.</em></strong></span> <span class='ocrx_word' id='word_1_136' title='bbox 464 1171 604 1236; x_wconf 79' lang='lat' dir='ltr'><strong><em>Potestas</em></strong></span> <span class='ocrx_word' id='word_1_137' title='bbox 624 1171 713 1235; x_wconf 87' lang='lat' dir='ltr'><strong><em>nobis</em></strong></span> <span class='ocrx_word' id='word_1_138' title='bbox 738 1169 824 1233; x_wconf 89' lang='lat' dir='ltr'><strong><em>intra</em></strong></span> <span class='ocrx_word' id='word_1_139' title='bbox 851 1171 949 1231; x_wconf 91' lang='lat' dir='ltr'><strong><em>certos</em></strong></span> <span class='ocrx_word' id='word_1_140' title='bbox 973 1166 1053 1246; x_wconf 75' lang='lat' dir='ltr'><strong><em>fines</em></strong></span> <span class='ocrx_word' id='word_1_141' title='bbox 1104 1188 1178 1245; x_wconf 88' lang='lat' dir='ltr'><strong><em>cere,</em></strong></span> <span class='ocrx_word' id='word_1_142' title='bbox 1196 1169 1251 1233; x_wconf 92' lang='lat' dir='ltr'><strong><em>sed</em></strong></span> <span class='ocrx_word' id='word_1_143' title='bbox 1266 1169 1368 1234; x_wconf 80' lang='lat' dir='ltr'><strong><em>satias</em></strong></span> <span class='ocrx_word' id='word_1_144' title='bbox 1384 1167 1450 1233; x_wconf 89' lang='lat' dir='ltr'><strong><em>Dei</em></strong></span> <span class='ocrx_word' id='word_1_145' title='bbox 1468 1171 1653 1236; x_wconf 88' lang='lat' dir='ltr'><strong><em>miserentis.</em></strong></span> <span class='ocrx_word' id='word_1_146' title='bbox 1678 1169 1804 1236; x_wconf 84' lang='lat' dir='ltr'><strong><em>Mcrarn</em></strong></span> <span class='ocrx_word' id='word_1_147' title='bbox 1821 1193 1887 1238; x_wconf 91' lang='lat' dir='ltr'><strong><em>esse</em></strong></span> <span class='ocrx_word' id='word_1_148' title='bbox 1904 1173 2086 1242; x_wconf 85' lang='lat' dir='ltr'><strong><em>electionem.</em></strong></span> 
     </span>
     <span class='ocr_line' id='line_1_11' title="bbox 73 1249 2089 1345; baseline -0.003 -15"><span class='ocrx_word' id='word_1_149' title='bbox 73 1263 175 1330; x_wconf 85' lang='lat' dir='ltr'><strong><em>hibera</em></strong></span> <span class='ocrx_word' id='word_1_150' title='bbox 203 1282 263 1345; x_wconf 89' lang='lat' dir='ltr'><strong><em>per</em></strong></span> <span class='ocrx_word' id='word_1_151' title='bbox 283 1261 389 1342; x_wconf 81' lang='lat' dir='ltr'><strong><em>ipsum</em></strong></span> <span class='ocrx_word' id='word_1_152' title='bbox 411 1258 514 1322; x_wconf 83' lang='lat' dir='ltr'><strong><em>datm.</em></strong></span> <span class='ocrx_word' id='word_1_153' title='bbox 551 1257 602 1321; x_wconf 84' lang='lat' dir='ltr'><strong><em>Tu</em></strong></span> <span class='ocrx_word' id='word_1_154' title='bbox 623 1255 742 1338; x_wconf 84' lang='lat' dir='ltr'><strong><em>orpnis,</em></strong></span> <span class='ocrx_word' id='word_1_155' title='bbox 775 1272 831 1318; x_wconf 90' lang='lat' dir='ltr'><strong><em>nos</em></strong></span> <span class='ocrx_word' id='word_1_156' title='bbox 851 1249 934 1316; x_wconf 84' lang='lat' dir='ltr'><strong><em>nihii</em></strong></span> <span class='ocrx_word' id='word_1_157' title='bbox 949 1271 1053 1334; x_wconf 86' lang='lat' dir='ltr'><strong><em>posse,</em></strong></span> <span class='ocrx_word' id='word_1_158' title='bbox 1107 1252 1215 1318; x_wconf 82' lang='lat' dir='ltr'><strong><em>Solius</em></strong></span> <span class='ocrx_word' id='word_1_159' title='bbox 1230 1254 1531 1334; x_wconf 63' lang='lat' dir='ltr'><strong><em>praedamnationis</em></strong></span> <span class='ocrx_word' id='word_1_160' title='bbox 1552 1256 1606 1322; x_wconf 93' lang='lat' dir='ltr'><strong><em>hoc</em></strong></span> <span class='ocrx_word' id='word_1_161' title='bbox 1625 1276 1691 1322; x_wconf 88' lang='lat' dir='ltr'><strong><em>esse</em></strong></span> <span class='ocrx_word' id='word_1_162' title='bbox 1711 1277 1800 1339; x_wconf 84' lang='lat' dir='ltr'><strong><em>opus,</em></strong></span> <span class='ocrx_word' id='word_1_163' title='bbox 1827 1258 1927 1323; x_wconf 84' lang='lat' dir='ltr'><strong><em>sotius</em></strong></span> <span class='ocrx_word' id='word_1_164' title='bbox 1948 1259 2089 1326; x_wconf 77' lang='lat' dir='ltr'><strong><em>biberah-</em></strong></span> 
     </span>
     <span class='ocr_line' id='line_1_12' title="bbox 67 1337 2088 1432; baseline 0 -22"><span class='ocrx_word' id='word_1_165' title='bbox 67 1353 237 1432; x_wconf 76' lang='lat' dir='ltr'><strong><em>postquam</em></strong></span> <span class='ocrx_word' id='word_1_166' title='bbox 268 1345 323 1409; x_wconf 89' lang='lat' dir='ltr'><strong><em>hoc</em></strong></span> <span class='ocrx_word' id='word_1_167' title='bbox 356 1348 401 1408; x_wconf 89' lang='lat' dir='ltr'><strong><em>est</em></strong></span> <span class='ocrx_word' id='word_1_168' title='bbox 428 1343 458 1409; x_wconf 89' lang='lat' dir='ltr'><strong><em>ei</em></strong></span> <span class='ocrx_word' id='word_1_169' title='bbox 492 1343 540 1407; x_wconf 87' lang='lat' dir='ltr'><strong><em>ita</em></strong></span> <span class='ocrx_word' id='word_1_170' title='bbox 570 1342 734 1406; x_wconf 77' lang='lat' dir='ltr'><strong><em>demetam.</em></strong></span> <span class='ocrx_word' id='word_1_171' title='bbox 789 1337 864 1402; x_wconf 91' lang='lat' dir='ltr'><strong><em>Iam</em></strong></span> <span class='ocrx_word' id='word_1_172' title='bbox 896 1357 967 1401; x_wconf 88' lang='lat' dir='ltr'><strong><em>cnm</em></strong></span> <span class='ocrx_word' id='word_1_173' title='bbox 1001 1342 1053 1402; x_wconf 86' lang='lat' dir='ltr'><strong><em>tuo</em></strong></span> <span class='ocrx_word' id='word_1_174' title='bbox 1104 1339 1188 1417; x_wconf 88' lang='lat' dir='ltr'><strong><em>tatis,</em></strong></span> <span class='ocrx_word' id='word_1_175' title='bbox 1220 1339 1320 1404; x_wconf 84' lang='lat' dir='ltr'><strong><em>soiius</em></strong></span> <span class='ocrx_word' id='word_1_176' title='bbox 1346 1339 1423 1404; x_wconf 88' lang='lat' dir='ltr'><strong><em>doni</em></strong></span> <span class='ocrx_word' id='word_1_177' title='bbox 1442 1342 1584 1424; x_wconf 81' lang='lat' dir='ltr'><strong><em>pratniti.</em></strong></span> <span class='ocrx_word' id='word_1_178' title='bbox 1642 1341 1716 1406; x_wconf 85' lang='lat' dir='ltr'><strong><em>Huc</em></strong></span> <span class='ocrx_word' id='word_1_179' title='bbox 1754 1343 1849 1407; x_wconf 88' lang='lat' dir='ltr'><strong><em>tendit</em></strong></span> <span class='ocrx_word' id='word_1_180' title='bbox 1888 1349 1951 1409; x_wconf 87' lang='lat' dir='ltr'><strong><em>tota</em></strong></span> <span class='ocrx_word' id='word_1_181' title='bbox 1986 1344 2088 1410; x_wconf 81' lang='lat' dir='ltr'><strong><em>Ponti</em></strong></span> 
     </span>
     <span class='ocr_line' id='line_1_13' title="bbox 81 1420 2087 1512; baseline -0.003 -11"><span class='ocrx_word' id='word_1_182' title='bbox 81 1434 176 1501; x_wconf 83' lang='lat' dir='ltr'><strong><em>Vatia</em></strong></span> <span class='ocrx_word' id='word_1_183' title='bbox 198 1438 320 1511; x_wconf 89' lang='lat' dir='ltr'><strong><em>tempus</em></strong></span> <span class='ocrx_word' id='word_1_184' title='bbox 340 1429 491 1512; x_wconf 89' lang='lat' dir='ltr'><strong><em>supponis</em></strong></span> <span class='ocrx_word' id='word_1_185' title='bbox 517 1428 553 1491; x_wconf 90' lang='lat' dir='ltr'><strong><em>in</em></strong></span> <span class='ocrx_word' id='word_1_186' title='bbox 574 1425 651 1491; x_wconf 89' lang='lat' dir='ltr'><strong><em>Deo.</em></strong></span> <span class='ocrx_word' id='word_1_187' title='bbox 709 1426 777 1489; x_wconf 79' lang='lat' dir='ltr'><strong><em>Tuo</em></strong></span> <span class='ocrx_word' id='word_1_188' title='bbox 804 1423 929 1505; x_wconf 77' lang='lat' dir='ltr'><strong><em>inperio</em></strong></span> <span class='ocrx_word' id='word_1_189' title='bbox 948 1420 1054 1486; x_wconf 86' lang='lat' dir='ltr'><strong><em>Deum</em></strong></span> <span class='ocrx_word' id='word_1_190' title='bbox 1104 1424 1284 1504; x_wconf 85' lang='lat' dir='ltr'><strong><em>disputatio,</em></strong></span> <span class='ocrx_word' id='word_1_191' title='bbox 1307 1443 1404 1505; x_wconf 72' lang='lat' dir='ltr'><strong><em>quum</em></strong></span> <span class='ocrx_word' id='word_1_192' title='bbox 1424 1425 1632 1491; x_wconf 88' lang='lat' dir='ltr'><strong><em>devocatione</em></strong></span> <span class='ocrx_word' id='word_1_193' title='bbox 1654 1427 1697 1491; x_wconf 87' lang='lat' dir='ltr'><strong><em>ad</em></strong></span> <span class='ocrx_word' id='word_1_194' title='bbox 1718 1425 1879 1494; x_wconf 73' lang='lat' dir='ltr'><strong><em>Christum</em></strong></span> <span class='ocrx_word' id='word_1_195' title='bbox 1899 1428 2047 1511; x_wconf 68' lang='lat' dir='ltr'><strong><em>horitur,</em></strong></span> <span class='ocrx_word' id='word_1_196' title='bbox 2061 1433 2087 1506; x_wconf 89' lang='lat'><strong><em>¹)</em></strong></span> 
     </span>
     <span class='ocr_line' id='line_1_14' title="bbox 72 1510 2089 1595; baseline -0.003 -9"><span class='ocrx_word' id='word_1_197' title='bbox 72 1519 204 1586; x_wconf 75' lang='lat' dir='ltr'><strong><em>methis.</em></strong></span> <span class='ocrx_word' id='word_1_198' title='bbox 259 1515 382 1580; x_wconf 85' lang='lat' dir='ltr'><strong><em>Manus</em></strong></span> <span class='ocrx_word' id='word_1_199' title='bbox 408 1514 465 1578; x_wconf 88' lang='lat' dir='ltr'><strong><em>tibi</em></strong></span> <span class='ocrx_word' id='word_1_200' title='bbox 498 1513 589 1595; x_wconf 82' lang='lat' dir='ltr'><strong><em>tipas,</em></strong></span> <span class='ocrx_word' id='word_1_201' title='bbox 618 1510 712 1592; x_wconf 80' lang='lat' dir='ltr'><strong><em>qnasi</em></strong></span> <span class='ocrx_word' id='word_1_202' title='bbox 733 1510 824 1575; x_wconf 87' lang='lat' dir='ltr'><strong><em>times</em></strong></span> <span class='ocrx_word' id='word_1_203' title='bbox 851 1528 890 1572; x_wconf 84' lang='lat' dir='ltr'><strong><em>ec</em></strong></span> <span class='ocrx_word' id='word_1_204' title='bbox 917 1511 1054 1588; x_wconf 89' lang='lat' dir='ltr'><strong><em>tempore</em></strong></span> <span class='ocrx_word' id='word_1_205' title='bbox 1104 1529 1184 1590; x_wconf 80' lang='lat' dir='ltr'><strong><em>quae</em></strong></span> <span class='ocrx_word' id='word_1_206' title='bbox 1205 1513 1387 1590; x_wconf 87' lang='lat' dir='ltr'><strong><em>potestatem</em></strong></span> <span class='ocrx_word' id='word_1_207' title='bbox 1421 1510 1558 1576; x_wconf 87' lang='lat' dir='ltr'><strong><em>hominis</em></strong></span> <span class='ocrx_word' id='word_1_208' title='bbox 1585 1512 1710 1577; x_wconf 78' lang='lat' dir='ltr'><strong><em>excedit.</em></strong></span> <span class='ocrx_word' id='word_1_209' title='bbox 1757 1514 1861 1593; x_wconf 74' lang='lat' dir='ltr'><strong><em>Quum</em></strong></span> <span class='ocrx_word' id='word_1_210' title='bbox 1892 1534 1953 1578; x_wconf 91' lang='lat' dir='ltr'><strong><em>non</em></strong></span> <span class='ocrx_word' id='word_1_211' title='bbox 1982 1515 2089 1594; x_wconf 77' lang='lat' dir='ltr'><strong><em>possit</em></strong></span> 
     </span>
     <span class='ocr_line' id='line_1_15' title="bbox 67 1591 2087 1688; baseline -0.003 -17"><span class='ocrx_word' id='word_1_212' title='bbox 67 1605 204 1688; x_wconf 77' lang='lat' dir='ltr'><strong><em>pendeat</em></strong></span> <span class='ocrx_word' id='word_1_213' title='bbox 226 1607 300 1681; x_wconf 75' lang='lat' dir='ltr'><strong><em>[pag.</em></strong></span> <span class='ocrx_word' id='word_1_214' title='bbox 319 1604 404 1677; x_wconf 67' lang='lat'><strong><em>636}</em></strong></span> <span class='ocrx_word' id='word_1_215' title='bbox 449 1597 492 1662; x_wconf 92' lang='lat' dir='ltr'><strong><em>In</em></strong></span> <span class='ocrx_word' id='word_1_216' title='bbox 519 1595 708 1679; x_wconf 79' lang='lat' dir='ltr'><strong><em>pnibnsdcm</em></strong></span> <span class='ocrx_word' id='word_1_217' title='bbox 733 1595 845 1678; x_wconf 84' lang='lat' dir='ltr'><strong><em>fateor,</em></strong></span> <span class='ocrx_word' id='word_1_218' title='bbox 880 1613 936 1658; x_wconf 88' lang='lat' dir='ltr'><strong><em>nos</em></strong></span> <span class='ocrx_word' id='word_1_219' title='bbox 971 1591 1053 1656; x_wconf 83' lang='lat' dir='ltr'><strong><em>nihii</em></strong></span> <span class='ocrx_word' id='word_1_220' title='bbox 1098 1594 1248 1674; x_wconf 79' lang='lat' dir='ltr'><strong><em>potestati</em></strong></span> <span class='ocrx_word' id='word_1_221' title='bbox 1277 1593 1414 1660; x_wconf 70' lang='lat' dir='ltr'><strong><em>huminis</em></strong></span> <span class='ocrx_word' id='word_1_222' title='bbox 1440 1596 1495 1661; x_wconf 79' lang='lat' dir='ltr'><strong><em>lieo</em></strong></span> <span class='ocrx_word' id='word_1_223' title='bbox 1521 1597 1628 1676; x_wconf 85' lang='lat' dir='ltr'><strong><em>tribui,</em></strong></span> <span class='ocrx_word' id='word_1_224' title='bbox 1657 1598 1943 1678; x_wconf 84' lang='lat' dir='ltr'><strong><em>praedestinationi</em></strong></span> <span class='ocrx_word' id='word_1_225' title='bbox 1977 1599 2087 1665; x_wconf 87' lang='lat' dir='ltr'><strong><em>merito</em></strong></span> 
     </span>
     <span class='ocr_line' id='line_1_16' title="bbox 69 1677 2088 1790; baseline -0.003 -35"><span class='ocrx_word' id='word_1_226' title='bbox 69 1710 171 1790; x_wconf 80' lang='lat' dir='ltr'><strong><em>posse,</em></strong></span> <span class='ocrx_word' id='word_1_227' title='bbox 192 1689 226 1752; x_wconf 91' lang='lat' dir='ltr'><strong><em>in</em></strong></span> <span class='ocrx_word' id='word_1_228' title='bbox 247 1686 362 1769; x_wconf 81' lang='lat' dir='ltr'><strong><em>quibas</em></strong></span> <span class='ocrx_word' id='word_1_229' title='bbox 383 1686 452 1764; x_wconf 89' lang='lat' dir='ltr'><strong><em>ipsc</em></strong></span> <span class='ocrx_word' id='word_1_230' title='bbox 471 1687 552 1748; x_wconf 87' lang='lat' dir='ltr'><strong><em>octat</em></strong></span> <span class='ocrx_word' id='word_1_231' title='bbox 571 1701 630 1746; x_wconf 88' lang='lat' dir='ltr'><strong><em>nos</em></strong></span> <span class='ocrx_word' id='word_1_232' title='bbox 644 1699 750 1764; x_wconf 87' lang='lat' dir='ltr'><strong><em>posse.</em></strong></span> <span class='ocrx_word' id='word_1_233' title='bbox 795 1677 857 1744; x_wconf 81' lang='lat' dir='ltr'><strong><em>Sed</em></strong></span> <span class='ocrx_word' id='word_1_234' title='bbox 873 1696 1052 1760; x_wconf 87' lang='lat' dir='ltr'><strong><em>possumus,</em></strong></span> <span class='ocrx_word' id='word_1_235' title='bbox 1104 1678 1263 1757; x_wconf 83' lang='lat' dir='ltr'><strong><em>tribuitur,</em></strong></span> <span class='ocrx_word' id='word_1_236' title='bbox 1284 1699 1341 1743; x_wconf 90' lang='lat' dir='ltr'><strong><em>seu</em></strong></span> <span class='ocrx_word' id='word_1_237' title='bbox 1362 1679 1507 1746; x_wconf 74' lang='lat' dir='ltr'><strong><em>electioni</em></strong></span> <span class='ocrx_word' id='word_1_238' title='bbox 1541 1681 1596 1746; x_wconf 81' lang='lat' dir='ltr'><strong><em>Ea</em></strong></span> <span class='ocrx_word' id='word_1_239' title='bbox 1617 1683 1726 1748; x_wconf 74' lang='lat' dir='ltr'><strong><em>innato</em></strong></span> <span class='ocrx_word' id='word_1_240' title='bbox 1747 1682 1813 1748; x_wconf 91' lang='lat' dir='ltr'><strong><em>Dei</em></strong></span> <span class='ocrx_word' id='word_1_241' title='bbox 1833 1683 1936 1748; x_wconf 71' lang='lat' dir='ltr'><strong><em>habitu</em></strong></span> <span class='ocrx_word' id='word_1_242' title='bbox 1957 1688 2003 1747; x_wconf 89' lang='lat' dir='ltr'><strong><em>est</em></strong></span> <span class='ocrx_word' id='word_1_243' title='bbox 2023 1701 2088 1749; x_wconf 92' lang='lat' dir='ltr'><strong><em>om-</em></strong></span> 
     </span>
     <span class='ocr_line' id='line_1_17' title="bbox 74 1763 2086 1856; baseline -0.009 -15"><span class='ocrx_word' id='word_1_244' title='bbox 74 1797 110 1842; x_wconf 80' lang='lat' dir='ltr'><strong><em>en</em></strong></span> <span class='ocrx_word' id='word_1_245' title='bbox 131 1772 247 1856; x_wconf 78' lang='lat' dir='ltr'><strong><em>quibus</em></strong></span> <span class='ocrx_word' id='word_1_246' title='bbox 268 1771 336 1853; x_wconf 88' lang='lat' dir='ltr'><strong><em>ipse</em></strong></span> <span class='ocrx_word' id='word_1_247' title='bbox 363 1770 428 1834; x_wconf 77' lang='lat' dir='ltr'><strong><em>otdt</em></strong></span> <span class='ocrx_word' id='word_1_248' title='bbox 454 1788 510 1833; x_wconf 90' lang='lat' dir='ltr'><strong><em>nos</em></strong></span> <span class='ocrx_word' id='word_1_249' title='bbox 531 1786 642 1849; x_wconf 89' lang='lat' dir='ltr'><strong><em>posse:</em></strong></span> <span class='ocrx_word' id='word_1_250' title='bbox 675 1772 705 1831; x_wconf 89' lang='lat' dir='ltr'><strong><em>et</em></strong></span> <span class='ocrx_word' id='word_1_251' title='bbox 723 1765 816 1831; x_wconf 86' lang='lat' dir='ltr'><strong><em>tibere</em></strong></span> <span class='ocrx_word' id='word_1_252' title='bbox 848 1765 982 1848; x_wconf 80' lang='lat' dir='ltr'><strong><em>opimus,</em></strong></span> <span class='ocrx_word' id='word_1_253' title='bbox 1016 1763 1053 1826; x_wconf 91' lang='lat' dir='ltr'><strong><em>in</em></strong></span> <span class='ocrx_word' id='word_1_254' title='bbox 1103 1765 1198 1829; x_wconf 90' lang='lat' dir='ltr'><strong><em>nibus</em></strong></span> <span class='ocrx_word' id='word_1_255' title='bbox 1228 1765 1346 1843; x_wconf 89' lang='lat' dir='ltr'><strong><em>datum,</em></strong></span> <span class='ocrx_word' id='word_1_256' title='bbox 1378 1765 1455 1831; x_wconf 81' lang='lat' dir='ltr'><strong><em>veile</em></strong></span> <span class='ocrx_word' id='word_1_257' title='bbox 1482 1766 1596 1833; x_wconf 90' lang='lat' dir='ltr'><strong><em>bonam</em></strong></span> <span class='ocrx_word' id='word_1_258' title='bbox 1629 1769 1664 1832; x_wconf 93' lang='lat' dir='ltr'><strong><em>in</em></strong></span> <span class='ocrx_word' id='word_1_259' title='bbox 1693 1788 1818 1851; x_wconf 81' lang='lat' dir='ltr'><strong><em>penore:</em></strong></span> <span class='ocrx_word' id='word_1_260' title='bbox 1852 1774 1887 1833; x_wconf 78' lang='grc' dir='ltr'><strong><em>αι</em></strong></span> <span class='ocrx_word' id='word_1_261' title='bbox 1918 1789 1982 1834; x_wconf 77' lang='lat' dir='ltr'><strong><em>non</em></strong></span> <span class='ocrx_word' id='word_1_262' title='bbox 2009 1767 2086 1833; x_wconf 63' lang='lat' dir='ltr'><strong><em>vdie</em></strong></span> 
     </span>
     <span class='ocr_line' id='line_1_18' title="bbox 74 1846 2087 1944; baseline -0.016 -19"><span class='ocrx_word' id='word_1_263' title='bbox 74 1861 190 1944; x_wconf 74' lang='lat' dir='ltr'><strong><em>quibus</em></strong></span> <span class='ocrx_word' id='word_1_264' title='bbox 210 1859 276 1939; x_wconf 88' lang='lat' dir='ltr'><strong><em>ipse</em></strong></span> <span class='ocrx_word' id='word_1_265' title='bbox 297 1856 352 1921; x_wconf 89' lang='lat' dir='ltr'><strong><em>dat</em></strong></span> <span class='ocrx_word' id='word_1_266' title='bbox 371 1875 427 1920; x_wconf 92' lang='lat' dir='ltr'><strong><em>nos</em></strong></span> <span class='ocrx_word' id='word_1_267' title='bbox 448 1854 543 1919; x_wconf 86' lang='lat' dir='ltr'><strong><em>iibere</em></strong></span> <span class='ocrx_word' id='word_1_268' title='bbox 564 1872 662 1934; x_wconf 79' lang='lat' dir='ltr'><strong><em>apere.</em></strong></span> <span class='ocrx_word' id='word_1_269' title='bbox 711 1850 801 1917; x_wconf 81' lang='lat' dir='ltr'><strong><em>Dens</em></strong></span> <span class='ocrx_word' id='word_1_270' title='bbox 822 1868 884 1914; x_wconf 94' lang='lat' dir='ltr'><strong><em>non</em></strong></span> <span class='ocrx_word' id='word_1_271' title='bbox 900 1846 1054 1930; x_wconf 81' lang='lat' dir='ltr'><strong><em>permittit</em></strong></span> <span class='ocrx_word' id='word_1_272' title='bbox 1106 1848 1275 1927; x_wconf 75' lang='lat' dir='ltr'><strong><em>Christum,</em></strong></span> <span class='ocrx_word' id='word_1_273' title='bbox 1302 1851 1385 1930; x_wconf 83' lang='lat' dir='ltr'><strong><em>quod</em></strong></span> <span class='ocrx_word' id='word_1_274' title='bbox 1411 1855 1456 1916; x_wconf 82' lang='lat' dir='ltr'><strong><em>est</em></strong></span> <span class='ocrx_word' id='word_1_275' title='bbox 1476 1852 1639 1932; x_wconf 72' lang='lat' dir='ltr'><strong><em>praeliare</em></strong></span> <span class='ocrx_word' id='word_1_276' title='bbox 1663 1853 2001 1933; x_wconf 52' lang='lat' dir='ltr'><strong><em>praedestinationpse)</em></strong></span> <span class='ocrx_word' id='word_1_277' title='bbox 2030 1853 2087 1918; x_wconf 63' lang='lat' dir='ltr'><strong><em>do,</em></strong></span> 
     </span>
     <span class='ocr_line' id='line_1_19' title="bbox 75 1934 2087 2022; baseline -0.004 -11"><span class='ocrx_word' id='word_1_278' title='bbox 75 1965 132 2011; x_wconf 88' lang='lat' dir='ltr'><strong><em>nos</em></strong></span> <span class='ocrx_word' id='word_1_279' title='bbox 159 1943 272 2009; x_wconf 87' lang='lat' dir='ltr'><strong><em>tentori</em></strong></span> <span class='ocrx_word' id='word_1_280' title='bbox 304 1960 404 2022; x_wconf 89' lang='lat' dir='ltr'><strong><em>snpra</em></strong></span> <span class='ocrx_word' id='word_1_281' title='bbox 431 1940 475 2019; x_wconf 91' lang='lat' dir='ltr'><strong><em>id,</em></strong></span> <span class='ocrx_word' id='word_1_282' title='bbox 503 1938 586 2020; x_wconf 82' lang='lat' dir='ltr'><strong><em>qnod</em></strong></span> <span class='ocrx_word' id='word_1_283' title='bbox 607 1954 782 2019; x_wconf 86' lang='lat' dir='ltr'><strong><em>possumus</em></strong></span> <span class='ocrx_word' id='word_1_284' title='bbox 815 1935 861 2018; x_wconf 93' lang='lat'><strong><em>(1.</em></strong></span> <span class='ocrx_word' id='word_1_285' title='bbox 886 1934 957 2000; x_wconf 89' lang='lat' dir='ltr'><strong><em>Cor.</em></strong></span> <span class='ocrx_word' id='word_1_286' title='bbox 983 1934 1051 2015; x_wconf 86' lang='lat'><strong><em>10).</em></strong></span> <span class='ocrx_word' id='word_1_287' title='bbox 1104 1955 1189 1999; x_wconf 91' lang='lat' dir='ltr'><strong><em>num.</em></strong></span> <span class='ocrx_word' id='word_1_288' title='bbox 1212 1935 1269 1999; x_wconf 87' lang='lat' dir='ltr'><strong><em>Ad</em></strong></span> <span class='ocrx_word' id='word_1_289' title='bbox 1289 1935 1492 2001; x_wconf 81' lang='lat' dir='ltr'><strong><em>indicandam</em></strong></span> <span class='ocrx_word' id='word_1_290' title='bbox 1501 1938 1666 2002; x_wconf 70' lang='lat' dir='ltr'><strong><em>salinum</em></strong></span> <span class='ocrx_word' id='word_1_291' title='bbox 1676 1938 1757 2002; x_wconf 85' lang='lat' dir='ltr'><strong><em>hanc</em></strong></span> <span class='ocrx_word' id='word_1_292' title='bbox 1768 1940 1862 2018; x_wconf 75' lang='lat' dir='ltr'><strong><em>amm,</em></strong></span> <span class='ocrx_word' id='word_1_293' title='bbox 1884 1938 2006 2005; x_wconf 89' lang='lat' dir='ltr'><strong><em>homini</em></strong></span> <span class='ocrx_word' id='word_1_294' title='bbox 2016 1957 2087 2003; x_wconf 85' lang='lat' dir='ltr'><strong><em>cere</em></strong></span> 
     </span>
    </p>
   </div>
   <div class='ocr_carea' id='block_1_3' title="bbox 77 2019 2186 2105">
    <p class='ocr_par' dir='ltr' id='par_1_3' title="bbox 77 2019 2186 2105">
     <span class='ocr_line' id='line_1_20' title="bbox 77 2019 2186 2105; baseline -0.006 -9"><span class='ocrx_word' id='word_1_295' title='bbox 77 2030 120 2095; x_wconf 92' lang='lat' dir='ltr'><strong><em>In</em></strong></span> <span class='ocrx_word' id='word_1_296' title='bbox 141 2049 175 2095; x_wconf 89' lang='lat' dir='ltr'><strong><em>eo</em></strong></span> <span class='ocrx_word' id='word_1_297' title='bbox 194 2027 372 2094; x_wconf 73' lang='lat' dir='ltr'><strong><em>imitationis</em></strong></span> <span class='ocrx_word' id='word_1_298' title='bbox 392 2029 542 2090; x_wconf 88' lang='lat' dir='ltr'><strong><em>momente</em></strong></span> <span class='ocrx_word' id='word_1_299' title='bbox 563 2027 592 2088; x_wconf 92' lang='lat' dir='ltr'><strong><em>et</em></strong></span> <span class='ocrx_word' id='word_1_300' title='bbox 612 2021 793 2105; x_wconf 84' lang='lat' dir='ltr'><strong><em>spnmctria,</em></strong></span> <span class='ocrx_word' id='word_1_301' title='bbox 818 2038 889 2085; x_wconf 89' lang='lat' dir='ltr'><strong><em>cum</em></strong></span> <span class='ocrx_word' id='word_1_302' title='bbox 910 2020 977 2101; x_wconf 87' lang='lat' dir='ltr'><strong><em>ipse</em></strong></span> <span class='ocrx_word' id='word_1_303' title='bbox 998 2019 1054 2084; x_wconf 90' lang='lat' dir='ltr'><strong><em>dat</em></strong></span> <span class='ocrx_word' id='word_1_304' title='bbox 1104 2019 1335 2102; x_wconf 85' lang='lat' dir='ltr'><strong><em>impossibilem,</em></strong></span> <span class='ocrx_word' id='word_1_305' title='bbox 1371 2032 1419 2085; x_wconf 86' lang='lat' dir='ltr'><strong><em>est</em></strong></span> <span class='ocrx_word' id='word_1_306' title='bbox 1443 2022 1601 2105; x_wconf 84' lang='lat' dir='ltr'><strong><em>evanpetio</em></strong></span> <span class='ocrx_word' id='word_1_307' title='bbox 1632 2022 1794 2089; x_wconf 67' lang='lat' dir='ltr'><strong><em>amnon</em></strong></span> <span class='ocrx_word' id='word_1_308' title='bbox 1821 2029 1975 2088; x_wconf 87' lang='lat' dir='ltr'><strong><em>certorum</em></strong></span> <span class='ocrx_word' id='word_1_309' title='bbox 1989 2040 2087 2104; x_wconf 88' lang='lat' dir='ltr'><strong><em>prae-</em></strong></span> <span class='ocrx_word' id='word_1_310' title='bbox 2181 2035 2186 2053; x_wconf 54' lang='lat'><strong><em>¹&gt;</em></strong></span> 
     </span>
    </p>
   </div>
   <div class='ocr_carea' id='block_1_4' title="bbox 71 2105 2093 4922">
    <p class='ocr_par' dir='ltr' id='par_1_4' title="bbox 71 2105 2093 3982">
     <span class='ocr_line' id='line_1_21' title="bbox 75 2105 2086 2196; baseline -0.004 -14"><span class='ocrx_word' id='word_1_311' title='bbox 75 2120 110 2182; x_wconf 88' lang='lat' dir='ltr'><strong><em>nt</em></strong></span> <span class='ocrx_word' id='word_1_312' title='bbox 121 2116 292 2196; x_wconf 88' lang='lat' dir='ltr'><strong><em>possimos,</em></strong></span> <span class='ocrx_word' id='word_1_313' title='bbox 310 2131 372 2176; x_wconf 94' lang='lat' dir='ltr'><strong><em>non</em></strong></span> <span class='ocrx_word' id='word_1_314' title='bbox 387 2116 422 2175; x_wconf 88' lang='lat' dir='ltr'><strong><em>ut</em></strong></span> <span class='ocrx_word' id='word_1_315' title='bbox 439 2110 683 2191; x_wconf 83' lang='lat' dir='ltr'><strong><em>adstrinpamur.</em></strong></span> <span class='ocrx_word' id='word_1_316' title='bbox 693 2109 716 2189; x_wconf 89' lang='lat'><strong><em>¹)</em></strong></span> <span class='ocrx_word' id='word_1_317' title='bbox 739 2106 843 2171; x_wconf 83' lang='lat' dir='ltr'><strong><em>Aliud</em></strong></span> <span class='ocrx_word' id='word_1_318' title='bbox 853 2110 898 2172; x_wconf 88' lang='lat' dir='ltr'><strong><em>est</em></strong></span> <span class='ocrx_word' id='word_1_319' title='bbox 902 2108 1052 2186; x_wconf 87' lang='lat' dir='ltr'><strong><em>potestas,</em></strong></span> <span class='ocrx_word' id='word_1_320' title='bbox 1103 2105 1279 2170; x_wconf 75' lang='lat' dir='ltr'><strong><em>destinatio.</em></strong></span> <span class='ocrx_word' id='word_1_321' title='bbox 1323 2105 1411 2172; x_wconf 89' lang='lat' dir='ltr'><strong><em>Hinc</em></strong></span> <span class='ocrx_word' id='word_1_322' title='bbox 1429 2108 1571 2189; x_wconf 84' lang='lat' dir='ltr'><strong><em>apposite</em></strong></span> <span class='ocrx_word' id='word_1_323' title='bbox 1591 2107 1676 2173; x_wconf 78' lang='lat' dir='ltr'><strong><em>dicit</em></strong></span> <span class='ocrx_word' id='word_1_324' title='bbox 1697 2107 1813 2187; x_wconf 77' lang='lat' dir='ltr'><strong><em>Iunas,</em></strong></span> <span class='ocrx_word' id='word_1_325' title='bbox 1835 2128 1886 2174; x_wconf 88' lang='lat' dir='ltr'><strong><em>ecs</em></strong></span> <span class='ocrx_word' id='word_1_326' title='bbox 1907 2108 2086 2188; x_wconf 83' lang='lat' dir='ltr'><strong><em>credidisse,</em></strong></span> 
     </span>
     <span class='ocr_line' id='line_1_22' title="bbox 76 2191 2090 2278; baseline -0.004 -11"><span class='ocrx_word' id='word_1_327' title='bbox 76 2201 169 2267; x_wconf 85' lang='lat' dir='ltr'><strong><em>atiud</em></strong></span> <span class='ocrx_word' id='word_1_328' title='bbox 190 2198 365 2264; x_wconf 84' lang='lat' dir='ltr'><strong><em>necessitas.</em></strong></span> <span class='ocrx_word' id='word_1_329' title='bbox 415 2194 515 2278; x_wconf 74' lang='lat' dir='ltr'><strong><em>Usque</em></strong></span> <span class='ocrx_word' id='word_1_330' title='bbox 536 2195 612 2259; x_wconf 89' lang='lat' dir='ltr'><strong><em>adeo</em></strong></span> <span class='ocrx_word' id='word_1_331' title='bbox 639 2193 709 2273; x_wconf 86' lang='lat' dir='ltr'><strong><em>ipse</em></strong></span> <span class='ocrx_word' id='word_1_332' title='bbox 731 2195 913 2274; x_wconf 83' lang='lat' dir='ltr'><strong><em>potestatem</em></strong></span> <span class='ocrx_word' id='word_1_333' title='bbox 933 2191 997 2268; x_wconf 91' lang='lat' dir='ltr'><strong><em>dat,</em></strong></span> <span class='ocrx_word' id='word_1_334' title='bbox 1019 2193 1054 2252; x_wconf 90' lang='lat' dir='ltr'><strong><em>ut</em></strong></span> <span class='ocrx_word' id='word_1_335' title='bbox 1105 2191 1161 2272; x_wconf 77' lang='lat' dir='ltr'><strong><em>qui</em></strong></span> <span class='ocrx_word' id='word_1_336' title='bbox 1193 2192 1333 2256; x_wconf 90' lang='lat' dir='ltr'><strong><em>ordinati</em></strong></span> <span class='ocrx_word' id='word_1_337' title='bbox 1364 2196 1452 2257; x_wconf 80' lang='lat' dir='ltr'><strong><em>erarrt</em></strong></span> <span class='ocrx_word' id='word_1_338' title='bbox 1482 2193 1526 2258; x_wconf 90' lang='lat' dir='ltr'><strong><em>ad</em></strong></span> <span class='ocrx_word' id='word_1_339' title='bbox 1558 2194 1657 2258; x_wconf 83' lang='lat' dir='ltr'><strong><em>citam</em></strong></span> <span class='ocrx_word' id='word_1_340' title='bbox 1689 2199 1857 2259; x_wconf 74' lang='grc' dir='ltr'><strong><em>αειετεεηε.</em></strong></span> <span class='ocrx_word' id='word_1_341' title='bbox 1911 2193 2022 2259; x_wconf 82' lang='lat' dir='ltr'><strong><em>Certus</em></strong></span> <span class='ocrx_word' id='word_1_342' title='bbox 2044 2195 2090 2259; x_wconf 87' lang='lat' dir='ltr'><strong><em>est</em></strong></span> 
     </span>
     <span class='ocr_line' id='line_1_23' title="bbox 75 2276 2090 2377; baseline -0.005 -25"><span class='ocrx_word' id='word_1_343' title='bbox 75 2287 160 2352; x_wconf 89' lang='lat' dir='ltr'><strong><em>dicat</em></strong></span> <span class='ocrx_word' id='word_1_344' title='bbox 184 2282 340 2361; x_wconf 79' lang='lat' dir='ltr'><strong><em>Salomon,</em></strong></span> <span class='ocrx_word' id='word_1_345' title='bbox 373 2283 409 2346; x_wconf 93' lang='lat' dir='ltr'><strong><em>in</em></strong></span> <span class='ocrx_word' id='word_1_346' title='bbox 434 2284 584 2363; x_wconf 85' lang='lat' dir='ltr'><strong><em>potestate</em></strong></span> <span class='ocrx_word' id='word_1_347' title='bbox 606 2277 744 2377; x_wconf 83' lang='lat' dir='ltr'><strong><em>hominis</em></strong></span> <span class='ocrx_word' id='word_1_348' title='bbox 765 2296 839 2356; x_wconf 89' lang='lat' dir='ltr'><strong><em>csse,</em></strong></span> <span class='ocrx_word' id='word_1_349' title='bbox 853 2362 859 2375; x_wconf 93' lang='lat'><strong><em>.</em></strong></span> <span class='ocrx_word' id='word_1_350' title='bbox 874 2294 926 2341; x_wconf 91' lang='lat' dir='ltr'><strong><em>cor</em></strong></span> <span class='ocrx_word' id='word_1_351' title='bbox 953 2293 1052 2356; x_wconf 86' lang='lat' dir='ltr'><strong><em>prac-</em></strong></span> <span class='ocrx_word' id='word_1_352' title='bbox 1104 2276 1188 2340; x_wconf 90' lang='lat' dir='ltr'><strong><em>enim</em></strong></span> <span class='ocrx_word' id='word_1_353' title='bbox 1219 2276 1429 2362; x_wconf 80' lang='lat' dir='ltr'><strong><em>ordinatus,⁸)</em></strong></span> <span class='ocrx_word' id='word_1_354' title='bbox 1464 2276 1589 2376; x_wconf 25' lang='lat' dir='ltr'><strong><em>etnDeo</em></strong></span> <span class='ocrx_word' id='word_1_355' title='bbox 1615 2297 1777 2377; x_wconf 38' lang='lat' dir='ltr'><strong><em>praesens·</em></strong></span> <span class='ocrx_word' id='word_1_356' title='bbox 1804 2299 1963 2358; x_wconf 87' lang='lat' dir='ltr'><strong><em>numerus,</em></strong></span> <span class='ocrx_word' id='word_1_357' title='bbox 1997 2282 2090 2343; x_wconf 75' lang='lat' dir='ltr'><strong><em>eene</em></strong></span> 
     </span>
     <span class='ocr_line' id='line_1_24' title="bbox 71 2362 2091 2597; baseline -0.004 -76"><span class='ocrx_word' id='word_1_358' title='bbox 71 2365 743 2597; x_wconf 60' lang='lat' dir='ltr'><strong><em>steinfhnbs&gt;dt10ep</em></strong></span> <span class='ocrx_word' id='word_1_359' title='bbox 776 2362 1054 2511; x_wconf 57' lang='lat' dir='ltr'><strong><em>sem</em></strong></span> <span class='ocrx_word' id='word_1_360' title='bbox 1104 2363 1554 2525; x_wconf 65' lang='lat' dir='ltr'><strong><em>inminente..</em></strong></span> <span class='ocrx_word' id='word_1_361' title='bbox 1567 2363 2091 2532; x_wconf 51' lang='lat' dir='ltr'><strong><em>innisi..</em></strong></span> 
     </span>
     <span class='ocr_line' id='line_1_25' title="bbox 75 2531 2090 2621; baseline -0.003 -15"><span class='ocrx_word' id='word_1_362' title='bbox 75 2562 151 2621; x_wconf 90' lang='lat' dir='ltr'><strong><em>esse,</em></strong></span> <span class='ocrx_word' id='word_1_363' title='bbox 174 2541 222 2604; x_wconf 88' lang='lat' dir='ltr'><strong><em>ait</em></strong></span> <span class='ocrx_word' id='word_1_364' title='bbox 240 2538 404 2620; x_wconf 84' lang='lat' dir='ltr'><strong><em>apostotus,</em></strong></span> <span class='ocrx_word' id='word_1_365' title='bbox 427 2537 518 2601; x_wconf 87' lang='lat' dir='ltr'><strong><em>adire</em></strong></span> <span class='ocrx_word' id='word_1_366' title='bbox 539 2538 682 2611; x_wconf 86' lang='lat' dir='ltr'><strong><em>sancta(</em></strong></span> <span class='ocrx_word' id='word_1_367' title='bbox 719 2531 763 2597; x_wconf 88' lang='lat' dir='ltr'><strong><em>eb.</em></strong></span> <span class='ocrx_word' id='word_1_368' title='bbox 788 2536 855 2608; x_wconf 86' lang='lat'><strong><em>10).</em></strong></span> <span class='ocrx_word' id='word_1_369' title='bbox 893 2531 943 2595; x_wconf 84' lang='lat' dir='ltr'><strong><em>Ta</em></strong></span> <span class='ocrx_word' id='word_1_370' title='bbox 958 2549 1054 2611; x_wconf 85' lang='lat' dir='ltr'><strong><em>peon-</em></strong></span> <span class='ocrx_word' id='word_1_371' title='bbox 1106 2532 1141 2597; x_wconf 92' lang='lat' dir='ltr'><strong><em>id</em></strong></span> <span class='ocrx_word' id='word_1_372' title='bbox 1161 2533 1268 2614; x_wconf 86' lang='lat' dir='ltr'><strong><em>ipsum</em></strong></span> <span class='ocrx_word' id='word_1_373' title='bbox 1287 2536 1322 2596; x_wconf 89' lang='lat' dir='ltr'><strong><em>tn</em></strong></span> <span class='ocrx_word' id='word_1_374' title='bbox 1342 2533 1494 2599; x_wconf 69' lang='lat' dir='ltr'><strong><em>aionis:</em></strong></span> <span class='ocrx_word' id='word_1_375' title='bbox 1519 2533 1622 2615; x_wconf 82' lang='lat' dir='ltr'><strong><em>fuisse</em></strong></span> <span class='ocrx_word' id='word_1_376' title='bbox 1643 2534 1683 2599; x_wconf 91' lang='lat' dir='ltr'><strong><em>ab</em></strong></span> <span class='ocrx_word' id='word_1_377' title='bbox 1704 2539 1826 2600; x_wconf 77' lang='lat' dir='ltr'><strong><em>coeno</em></strong></span> <span class='ocrx_word' id='word_1_378' title='bbox 1848 2540 1975 2614; x_wconf 77' lang='lat' dir='ltr'><strong><em>cerhnm,</em></strong></span> <span class='ocrx_word' id='word_1_379' title='bbox 1993 2553 2090 2615; x_wconf 73' lang='lat' dir='ltr'><strong><em>prae</em></strong></span> 
     </span>
     <span class='ocr_line' id='line_1_26' title="bbox 75 2615 2091 2702; baseline -0.004 -10"><span class='ocrx_word' id='word_1_380' title='bbox 75 2628 145 2693; x_wconf 91' lang='lat' dir='ltr'><strong><em>dem</em></strong></span> <span class='ocrx_word' id='word_1_381' title='bbox 166 2626 329 2690; x_wconf 76' lang='lat' dir='ltr'><strong><em>existimas</em></strong></span> <span class='ocrx_word' id='word_1_382' title='bbox 349 2622 465 2702; x_wconf 87' lang='lat' dir='ltr'><strong><em>Deum,</em></strong></span> <span class='ocrx_word' id='word_1_383' title='bbox 496 2620 565 2686; x_wconf 88' lang='lat' dir='ltr'><strong><em>sine</em></strong></span> <span class='ocrx_word' id='word_1_384' title='bbox 592 2619 698 2700; x_wconf 74' lang='lat' dir='ltr'><strong><em>atiquo</em></strong></span> <span class='ocrx_word' id='word_1_385' title='bbox 723 2636 801 2682; x_wconf 85' lang='lat' dir='ltr'><strong><em>succ</em></strong></span> <span class='ocrx_word' id='word_1_386' title='bbox 828 2615 981 2682; x_wconf 75' lang='lat' dir='ltr'><strong><em>thenas</em></strong></span> <span class='ocrx_word' id='word_1_387' title='bbox 1002 2635 1054 2679; x_wconf 90' lang='lat' dir='ltr'><strong><em>ar·</em></strong></span> <span class='ocrx_word' id='word_1_388' title='bbox 1105 2616 1304 2682; x_wconf 83' lang='lat' dir='ltr'><strong><em>destinatmn</em></strong></span> <span class='ocrx_word' id='word_1_389' title='bbox 1331 2623 1423 2699; x_wconf 75' lang='lat' dir='ltr'><strong><em>atque</em></strong></span> <span class='ocrx_word' id='word_1_390' title='bbox 1459 2620 1640 2685; x_wconf 89' lang='lat' dir='ltr'><strong><em>ordinatum</em></strong></span> <span class='ocrx_word' id='word_1_391' title='bbox 1671 2619 1819 2685; x_wconf 86' lang='lat' dir='ltr'><strong><em>bonorum</em></strong></span> <span class='ocrx_word' id='word_1_392' title='bbox 1852 2640 2029 2699; x_wconf 85' lang='lat' dir='ltr'><strong><em>numerum,</em></strong></span> <span class='ocrx_word' id='word_1_393' title='bbox 2061 2622 2091 2684; x_wconf 91' lang='grc' dir='ltr'><strong><em>ει</em></strong></span> 
     </span>
     <span class='ocr_line' id='line_1_27' title="bbox 75 2700 2089 2809; baseline -0.003 -31"><span class='ocrx_word' id='word_1_394' title='bbox 75 2712 177 2794; x_wconf 75' lang='grc' dir='ltr'><strong><em>ιιιῐειο.</em></strong></span> <span class='ocrx_word' id='word_1_395' title='bbox 220 2709 339 2809; x_wconf 63' lang='lat' dir='ltr'><strong><em>ethnon</em></strong></span> <span class='ocrx_word' id='word_1_396' title='bbox 359 2713 405 2773; x_wconf 90' lang='lat' dir='ltr'><strong><em>est</em></strong></span> <span class='ocrx_word' id='word_1_397' title='bbox 432 2706 583 2772; x_wconf 87' lang='lat' dir='ltr'><strong><em>creatoris</em></strong></span> <span class='ocrx_word' id='word_1_398' title='bbox 602 2705 714 2804; x_wconf 73' lang='lat' dir='ltr'><strong><em>picria,</em></strong></span> <span class='ocrx_word' id='word_1_399' title='bbox 747 2707 782 2766; x_wconf 88' lang='lat' dir='ltr'><strong><em>ut</em></strong></span> <span class='ocrx_word' id='word_1_400' title='bbox 814 2701 868 2768; x_wconf 93' lang='lat' dir='ltr'><strong><em>hoc</em></strong></span> <span class='ocrx_word' id='word_1_401' title='bbox 901 2700 1054 2801; x_wconf 77' lang='lat' dir='ltr'><strong><em>libertatis</em></strong></span> <span class='ocrx_word' id='word_1_402' title='bbox 1105 2702 1313 2802; x_wconf 79' lang='lat' dir='ltr'><strong><em>nihilominus</em></strong></span> <span class='ocrx_word' id='word_1_403' title='bbox 1333 2703 1428 2769; x_wconf 85' lang='lat' dir='ltr'><strong><em>tibere</em></strong></span> <span class='ocrx_word' id='word_1_404' title='bbox 1448 2707 1586 2783; x_wconf 88' lang='lat' dir='ltr'><strong><em>omnes⁴)</em></strong></span> <span class='ocrx_word' id='word_1_405' title='bbox 1609 2705 1717 2789; x_wconf 84' lang='lat' dir='ltr'><strong><em>episse.</em></strong></span> <span class='ocrx_word' id='word_1_406' title='bbox 1761 2704 1873 2771; x_wconf 83' lang='lat' dir='ltr'><strong><em>Etiam</em></strong></span> <span class='ocrx_word' id='word_1_407' title='bbox 1900 2706 2005 2788; x_wconf 83' lang='lat' dir='ltr'><strong><em>anpehi</em></strong></span> <span class='ocrx_word' id='word_1_408' title='bbox 2026 2722 2089 2785; x_wconf 86' lang='lat' dir='ltr'><strong><em>per</em></strong></span> 
     </span>
     <span class='ocr_line' id='line_1_28' title="bbox 75 2786 2090 2960; baseline -0.003 -12"><span class='ocrx_word' id='word_1_409' title='bbox 75 2791 731 2959; x_wconf 48' lang='lat' dir='ltr'><strong><em>thtnthcmhtmetti&#39;iidttt</em></strong></span> <span class='ocrx_word' id='word_1_410' title='bbox 741 2787 1054 2939; x_wconf 57' lang='lat' dir='ltr'><strong><em>tfflhhhtttt.</em></strong></span> <span class='ocrx_word' id='word_1_411' title='bbox 1105 2786 1471 2957; x_wconf 44' lang='lat' dir='ltr'><strong><em>diffiniit?</em></strong></span> <span class='ocrx_word' id='word_1_412' title='bbox 1491 2790 1658 2957; x_wconf 67' lang='lat' dir='ltr'><strong><em>Che.</em></strong></span> <span class='ocrx_word' id='word_1_413' title='bbox 1685 2788 2090 2960; x_wconf 55' lang='lat' dir='ltr'><strong><em>tttt‘hf&#39;sxthh</em></strong></span> 
     </span>
     <span class='ocr_line' id='line_1_29' title="bbox 76 2957 2093 3054; baseline -0.004 -20"><span class='ocrx_word' id='word_1_414' title='bbox 76 2969 148 3052; x_wconf 92' lang='lat' dir='ltr'><strong><em>ipsa</em></strong></span> <span class='ocrx_word' id='word_1_415' title='bbox 170 2971 199 3032; x_wconf 90' lang='lat' dir='ltr'><strong><em>et</em></strong></span> <span class='ocrx_word' id='word_1_416' title='bbox 219 2985 307 3031; x_wconf 76' lang='lat' dir='ltr'><strong><em>niens</em></strong></span> <span class='ocrx_word' id='word_1_417' title='bbox 327 2962 438 3028; x_wconf 80' lang='lat' dir='ltr'><strong><em>dicirca</em></strong></span> <span class='ocrx_word' id='word_1_418' title='bbox 465 2962 606 3026; x_wconf 82' lang='lat' dir='ltr'><strong><em>retuceat.</em></strong></span> <span class='ocrx_word' id='word_1_419' title='bbox 652 2959 691 3025; x_wconf 80' lang='lat' dir='ltr'><strong><em>Si</em></strong></span> <span class='ocrx_word' id='word_1_420' title='bbox 712 2959 805 3024; x_wconf 85' lang='lat' dir='ltr'><strong><em>Adae</em></strong></span> <span class='ocrx_word' id='word_1_421' title='bbox 829 2957 1055 3054; x_wconf 72' lang='lat' dir='ltr'><strong><em>cormnptconern</em></strong></span> <span class='ocrx_word' id='word_1_422' title='bbox 1104 2959 1173 3039; x_wconf 88' lang='lat' dir='ltr'><strong><em>ipse</em></strong></span> <span class='ocrx_word' id='word_1_423' title='bbox 1182 2961 1218 3023; x_wconf 93' lang='lat' dir='ltr'><strong><em>in</em></strong></span> <span class='ocrx_word' id='word_1_424' title='bbox 1223 2960 1332 3040; x_wconf 84' lang='lat' dir='ltr'><strong><em>priore</em></strong></span> <span class='ocrx_word' id='word_1_425' title='bbox 1341 2961 1517 3027; x_wconf 89' lang='lat' dir='ltr'><strong><em>innocentia</em></strong></span> <span class='ocrx_word' id='word_1_426' title='bbox 1526 2963 1701 3042; x_wconf 83' lang='lat' dir='ltr'><strong><em>mansisset,</em></strong></span> <span class='ocrx_word' id='word_1_427' title='bbox 1718 2962 1841 3028; x_wconf 80' lang='lat' dir='ltr'><strong><em>coeleste</em></strong></span> <span class='ocrx_word' id='word_1_428' title='bbox 1857 2961 1912 3028; x_wconf 89' lang='lat' dir='ltr'><strong><em>hoc</em></strong></span> <span class='ocrx_word' id='word_1_429' title='bbox 1927 2960 2093 3027; x_wconf 82' lang='lat' dir='ltr'><strong><em>advenien-</em></strong></span> 
     </span>
     <span class='ocr_line' id='line_1_30' title="bbox 75 3042 2091 3136; baseline -0.001 -19"><span class='ocrx_word' id='word_1_430' title='bbox 75 3057 198 3136; x_wconf 84' lang='lat' dir='ltr'><strong><em>speotes,</em></strong></span> <span class='ocrx_word' id='word_1_431' title='bbox 221 3049 355 3132; x_wconf 84' lang='lat' dir='ltr'><strong><em>etrepni</em></strong></span> <span class='ocrx_word' id='word_1_432' title='bbox 373 3047 492 3113; x_wconf 77' lang='lat' dir='ltr'><strong><em>Christi</em></strong></span> <span class='ocrx_word' id='word_1_433' title='bbox 507 3046 737 3124; x_wconf 81' lang='lat' dir='ltr'><strong><em>sublimitatem,</em></strong></span> <span class='ocrx_word' id='word_1_434' title='bbox 757 3044 848 3124; x_wconf 87' lang='lat' dir='ltr'><strong><em>dices,</em></strong></span> <span class='ocrx_word' id='word_1_435' title='bbox 867 3063 932 3108; x_wconf 90' lang='lat' dir='ltr'><strong><em>esse</em></strong></span> <span class='ocrx_word' id='word_1_436' title='bbox 948 3061 1054 3106; x_wconf 79' lang='lat' dir='ltr'><strong><em>omnia</em></strong></span> <span class='ocrx_word' id='word_1_437' title='bbox 1106 3044 1148 3108; x_wconf 83' lang='lat' dir='ltr'><strong><em>tis</em></strong></span> <span class='ocrx_word' id='word_1_438' title='bbox 1172 3042 1289 3110; x_wconf 87' lang='lat' dir='ltr'><strong><em>Christi</em></strong></span> <span class='ocrx_word' id='word_1_439' title='bbox 1321 3065 1451 3128; x_wconf 84' lang='lat' dir='ltr'><strong><em>repnnm</em></strong></span> <span class='ocrx_word' id='word_1_440' title='bbox 1472 3066 1536 3111; x_wconf 95' lang='lat' dir='ltr'><strong><em>non</em></strong></span> <span class='ocrx_word' id='word_1_441' title='bbox 1565 3048 1681 3129; x_wconf 80' lang='lat' dir='ltr'><strong><em>fuisset</em></strong></span> <span class='ocrx_word' id='word_1_442' title='bbox 1701 3052 1897 3129; x_wconf 77' lang='lat' dir='ltr'><strong><em>assequutus,</em></strong></span> <span class='ocrx_word' id='word_1_443' title='bbox 1930 3047 2000 3114; x_wconf 88' lang='lat' dir='ltr'><strong><em>sinc</em></strong></span> <span class='ocrx_word' id='word_1_444' title='bbox 2021 3065 2091 3127; x_wconf 86' lang='lat' dir='ltr'><strong><em>spe·</em></strong></span> 
     </span>
     <span class='ocr_line' id='line_1_31' title="bbox 76 3129 2090 3213; baseline -0.003 -10"><span class='ocrx_word' id='word_1_445' title='bbox 76 3140 112 3203; x_wconf 91' lang='lat' dir='ltr'><strong><em>in</em></strong></span> <span class='ocrx_word' id='word_1_446' title='bbox 131 3137 220 3202; x_wconf 92' lang='lat' dir='ltr'><strong><em>nobis</em></strong></span> <span class='ocrx_word' id='word_1_447' title='bbox 240 3135 334 3200; x_wconf 88' lang='lat' dir='ltr'><strong><em>morti</em></strong></span> <span class='ocrx_word' id='word_1_448' title='bbox 353 3133 493 3212; x_wconf 76' lang='lat' dir='ltr'><strong><em>obnoxia,</em></strong></span> <span class='ocrx_word' id='word_1_449' title='bbox 514 3137 543 3196; x_wconf 86' lang='lat' dir='ltr'><strong><em>et</em></strong></span> <span class='ocrx_word' id='word_1_450' title='bbox 558 3132 720 3213; x_wconf 85' lang='lat' dir='ltr'><strong><em>pravitate</em></strong></span> <span class='ocrx_word' id='word_1_451' title='bbox 737 3130 842 3194; x_wconf 87' lang='lat' dir='ltr'><strong><em>carnis</em></strong></span> <span class='ocrx_word' id='word_1_452' title='bbox 864 3129 910 3192; x_wconf 89' lang='lat' dir='ltr'><strong><em>ita</em></strong></span> <span class='ocrx_word' id='word_1_453' title='bbox 930 3129 1053 3209; x_wconf 76' lang='lat' dir='ltr'><strong><em>infecta,</em></strong></span> <span class='ocrx_word' id='word_1_454' title='bbox 1106 3130 1181 3194; x_wconf 87' lang='lat' dir='ltr'><strong><em>oiaii</em></strong></span> <span class='ocrx_word' id='word_1_455' title='bbox 1201 3151 1282 3196; x_wconf 84' lang='lat' dir='ltr'><strong><em>nova</em></strong></span> <span class='ocrx_word' id='word_1_456' title='bbox 1302 3133 1418 3213; x_wconf 82' lang='lat' dir='ltr'><strong><em>pratia.</em></strong></span> <span class='ocrx_word' id='word_1_457' title='bbox 1465 3130 1554 3196; x_wconf 86' lang='lat' dir='ltr'><strong><em>Num</em></strong></span> <span class='ocrx_word' id='word_1_458' title='bbox 1585 3133 1655 3199; x_wconf 90' lang='lat' dir='ltr'><strong><em>ideo</em></strong></span> <span class='ocrx_word' id='word_1_459' title='bbox 1687 3152 1811 3198; x_wconf 82' lang='lat' dir='ltr'><strong><em>servum</em></strong></span> <span class='ocrx_word' id='word_1_460' title='bbox 1844 3132 1970 3197; x_wconf 81' lang='lat' dir='ltr'><strong><em>baberet</em></strong></span> <span class='ocrx_word' id='word_1_461' title='bbox 2004 3130 2090 3197; x_wconf 89' lang='lat' dir='ltr'><strong><em>arbi·</em></strong></span> 
     </span>
     <span class='ocr_line' id='line_1_32' title="bbox 75 3213 2091 3303; baseline -0.004 -14"><span class='ocrx_word' id='word_1_462' title='bbox 75 3228 111 3290; x_wconf 89' lang='lat' dir='ltr'><strong><em>ut</em></strong></span> <span class='ocrx_word' id='word_1_463' title='bbox 132 3221 278 3303; x_wconf 82' lang='lat' dir='ltr'><strong><em>infernus</em></strong></span> <span class='ocrx_word' id='word_1_464' title='bbox 304 3219 478 3284; x_wconf 88' lang='lat' dir='ltr'><strong><em>necessario</em></strong></span> <span class='ocrx_word' id='word_1_465' title='bbox 506 3221 721 3298; x_wconf 77' lang='lat' dir='ltr'><strong><em>consequetur.</em></strong></span> <span class='ocrx_word' id='word_1_466' title='bbox 766 3213 872 3294; x_wconf 89' lang='lat' dir='ltr'><strong><em>Dices,</em></strong></span> <span class='ocrx_word' id='word_1_467' title='bbox 905 3233 967 3279; x_wconf 90' lang='lat' dir='ltr'><strong><em>non</em></strong></span> <span class='ocrx_word' id='word_1_468' title='bbox 988 3231 1054 3278; x_wconf 88' lang='lat' dir='ltr'><strong><em>esse</em></strong></span> <span class='ocrx_word' id='word_1_469' title='bbox 1105 3215 1226 3280; x_wconf 67' lang='lat' dir='ltr'><strong><em>mum?</em></strong></span> <span class='ocrx_word' id='word_1_470' title='bbox 1270 3216 1344 3282; x_wconf 89' lang='lat' dir='ltr'><strong><em>Non</em></strong></span> <span class='ocrx_word' id='word_1_471' title='bbox 1375 3222 1421 3281; x_wconf 87' lang='lat' dir='ltr'><strong><em>cst</em></strong></span> <span class='ocrx_word' id='word_1_472' title='bbox 1446 3237 1507 3298; x_wconf 91' lang='lat' dir='ltr'><strong><em>per</em></strong></span> <span class='ocrx_word' id='word_1_473' title='bbox 1533 3224 1696 3298; x_wconf 86' lang='lat' dir='ltr'><strong><em>peccatum</em></strong></span> <span class='ocrx_word' id='word_1_474' title='bbox 1721 3218 1832 3282; x_wconf 83' lang='lat' dir='ltr'><strong><em>Adam</em></strong></span> <span class='ocrx_word' id='word_1_475' title='bbox 1859 3236 2026 3283; x_wconf 83' lang='lat' dir='ltr'><strong><em>conversas</em></strong></span> <span class='ocrx_word' id='word_1_476' title='bbox 2053 3215 2091 3280; x_wconf 92' lang='lat' dir='ltr'><strong><em>in</em></strong></span> 
     </span>
     <span class='ocr_line' id='line_1_33' title="bbox 77 3296 2091 3385; baseline -0.004 -12"><span class='ocrx_word' id='word_1_477' title='bbox 77 3309 113 3373; x_wconf 90' lang='lat' dir='ltr'><strong><em>in</em></strong></span> <span class='ocrx_word' id='word_1_478' title='bbox 139 3307 227 3372; x_wconf 87' lang='lat' dir='ltr'><strong><em>nobis</em></strong></span> <span class='ocrx_word' id='word_1_479' title='bbox 251 3306 383 3371; x_wconf 75' lang='lat' dir='ltr'><strong><em>tibmnm</em></strong></span> <span class='ocrx_word' id='word_1_480' title='bbox 416 3303 593 3381; x_wconf 84' lang='lat' dir='ltr'><strong><em>arbitrium,</em></strong></span> <span class='ocrx_word' id='word_1_481' title='bbox 628 3301 713 3383; x_wconf 82' lang='lat' dir='ltr'><strong><em>quod</em></strong></span> <span class='ocrx_word' id='word_1_482' title='bbox 743 3301 786 3365; x_wconf 94' lang='lat' dir='ltr'><strong><em>ad</em></strong></span> <span class='ocrx_word' id='word_1_483' title='bbox 815 3300 907 3384; x_wconf 82' lang='lat' dir='ltr'><strong><em>repni</em></strong></span> <span class='ocrx_word' id='word_1_484' title='bbox 936 3296 1055 3364; x_wconf 78' lang='lat' dir='ltr'><strong><em>Christi</em></strong></span> <span class='ocrx_word' id='word_1_485' title='bbox 1107 3301 1252 3383; x_wconf 86' lang='lat' dir='ltr'><strong><em>lapidem,</em></strong></span> <span class='ocrx_word' id='word_1_486' title='bbox 1286 3302 1365 3384; x_wconf 79' lang='lat' dir='ltr'><strong><em>quin</em></strong></span> <span class='ocrx_word' id='word_1_487' title='bbox 1391 3301 1427 3365; x_wconf 90' lang='lat' dir='ltr'><strong><em>in</em></strong></span> <span class='ocrx_word' id='word_1_488' title='bbox 1453 3321 1487 3367; x_wconf 91' lang='lat' dir='ltr'><strong><em>eo</em></strong></span> <span class='ocrx_word' id='word_1_489' title='bbox 1513 3304 1666 3368; x_wconf 89' lang='lat' dir='ltr'><strong><em>manserit</em></strong></span> <span class='ocrx_word' id='word_1_490' title='bbox 1686 3303 1791 3385; x_wconf 77' lang='lat' dir='ltr'><strong><em>irrecpo</em></strong></span> <span class='ocrx_word' id='word_1_491' title='bbox 1811 3300 1886 3381; x_wconf 90' lang='lat' dir='ltr'><strong><em>Dei,</em></strong></span> <span class='ocrx_word' id='word_1_492' title='bbox 1920 3301 2091 3367; x_wconf 83' lang='lat' dir='ltr'><strong><em>ethatitus</em></strong></span> 
     </span>
     <span class='ocr_line' id='line_1_34' title="bbox 77 3383 2090 3475; baseline -0.003 -17"><span class='ocrx_word' id='word_1_493' title='bbox 77 3392 323 3475; x_wconf 75' lang='lat' dir='ltr'><strong><em>assequutionern</em></strong></span> <span class='ocrx_word' id='word_1_494' title='bbox 344 3389 476 3454; x_wconf 91' lang='lat' dir='ltr'><strong><em>adtinet:</em></strong></span> <span class='ocrx_word' id='word_1_495' title='bbox 496 3388 575 3469; x_wconf 81' lang='lat' dir='ltr'><strong><em>quia</em></strong></span> <span class='ocrx_word' id='word_1_496' title='bbox 594 3408 628 3452; x_wconf 90' lang='lat' dir='ltr'><strong><em>eo</em></strong></span> <span class='ocrx_word' id='word_1_497' title='bbox 639 3387 818 3470; x_wconf 82' lang='lat' dir='ltr'><strong><em>pertinpere</em></strong></span> <span class='ocrx_word' id='word_1_498' title='bbox 833 3385 940 3467; x_wconf 77' lang='lat' dir='ltr'><strong><em>nequit</em></strong></span> <span class='ocrx_word' id='word_1_499' title='bbox 957 3383 1053 3461; x_wconf 90' lang='lat' dir='ltr'><strong><em>horno,</em></strong></span> <span class='ocrx_word' id='word_1_500' title='bbox 1106 3386 1219 3450; x_wconf 69' lang='lat' dir='ltr'><strong><em>nuidis</em></strong></span> <span class='ocrx_word' id='word_1_501' title='bbox 1240 3385 1374 3452; x_wconf 83' lang='lat' dir='ltr'><strong><em>diuinae.</em></strong></span> <span class='ocrx_word' id='word_1_502' title='bbox 1424 3387 1475 3451; x_wconf 77' lang='lat' dir='ltr'><strong><em>Tu</em></strong></span> <span class='ocrx_word' id='word_1_503' title='bbox 1500 3387 1623 3452; x_wconf 85' lang='lat' dir='ltr'><strong><em>nntium</em></strong></span> <span class='ocrx_word' id='word_1_504' title='bbox 1650 3388 1707 3453; x_wconf 88' lang='lat' dir='ltr'><strong><em>tibi</em></strong></span> <span class='ocrx_word' id='word_1_505' title='bbox 1727 3391 1847 3453; x_wconf 85' lang='lat' dir='ltr'><strong><em>natura</em></strong></span> <span class='ocrx_word' id='word_1_506' title='bbox 1867 3388 2001 3453; x_wconf 86' lang='lat' dir='ltr'><strong><em>insitum</em></strong></span> <span class='ocrx_word' id='word_1_507' title='bbox 2022 3405 2090 3452; x_wconf 86' lang='lat' dir='ltr'><strong><em>esse</em></strong></span> 
     </span>
     <span class='ocr_line' id='line_1_35' title="bbox 78 3470 2091 3558; baseline -0.003 -16"><span class='ocrx_word' id='word_1_508' title='bbox 78 3478 148 3543; x_wconf 64' lang='lat' dir='ltr'><strong><em>nnc</em></strong></span> <span class='ocrx_word' id='word_1_509' title='bbox 167 3476 296 3558; x_wconf 78' lang='lat' dir='ltr'><strong><em>speciali</em></strong></span> <span class='ocrx_word' id='word_1_510' title='bbox 318 3494 398 3539; x_wconf 75' lang='lat' dir='ltr'><strong><em>recca</em></strong></span> <span class='ocrx_word' id='word_1_511' title='bbox 416 3474 533 3557; x_wconf 81' lang='lat' dir='ltr'><strong><em>pratia.</em></strong></span> <span class='ocrx_word' id='word_1_512' title='bbox 586 3473 773 3555; x_wconf 73' lang='lat' dir='ltr'><strong><em>Qnionquam</em></strong></span> <span class='ocrx_word' id='word_1_513' title='bbox 799 3470 891 3537; x_wconf 86' lang='lat' dir='ltr'><strong><em>Dens</em></strong></span> <span class='ocrx_word' id='word_1_514' title='bbox 921 3470 968 3534; x_wconf 89' lang='lat' dir='ltr'><strong><em>ita</em></strong></span> <span class='ocrx_word' id='word_1_515' title='bbox 997 3487 1055 3534; x_wconf 88' lang='lat' dir='ltr'><strong><em>nos</em></strong></span> <span class='ocrx_word' id='word_1_516' title='bbox 1101 3476 1202 3551; x_wconf 84' lang='lat' dir='ltr'><strong><em>putas</em></strong></span> <span class='ocrx_word' id='word_1_517' title='bbox 1232 3471 1384 3552; x_wconf 81' lang='lat' dir='ltr'><strong><em>spiritum</em></strong></span> <span class='ocrx_word' id='word_1_518' title='bbox 1417 3471 1551 3551; x_wconf 84' lang='lat' dir='ltr'><strong><em>deitatis,</em></strong></span> <span class='ocrx_word' id='word_1_519' title='bbox 1585 3474 1680 3554; x_wconf 74' lang='lat' dir='ltr'><strong><em>quasi</em></strong></span> <span class='ocrx_word' id='word_1_520' title='bbox 1712 3471 1805 3538; x_wconf 88' lang='lat' dir='ltr'><strong><em>Dens</em></strong></span> <span class='ocrx_word' id='word_1_521' title='bbox 1842 3476 1916 3551; x_wconf 76' lang='lat' dir='ltr'><strong><em>[pag.</em></strong></span> <span class='ocrx_word' id='word_1_522' title='bbox 1942 3477 2020 3551; x_wconf 79' lang='lat' dir='ltr'><strong><em>oss]</em></strong></span> <span class='ocrx_word' id='word_1_523' title='bbox 2054 3472 2091 3536; x_wconf 92' lang='lat' dir='ltr'><strong><em>in</em></strong></span> 
     </span>
     <span class='ocr_line' id='line_1_36' title="bbox 78 3553 2092 3646; baseline -0.002 -19"><span class='ocrx_word' id='word_1_524' title='bbox 78 3562 182 3646; x_wconf 83' lang='lat' dir='ltr'><strong><em>stipat,</em></strong></span> <span class='ocrx_word' id='word_1_525' title='bbox 211 3566 246 3626; x_wconf 87' lang='lat' dir='ltr'><strong><em>nt</em></strong></span> <span class='ocrx_word' id='word_1_526' title='bbox 271 3560 390 3643; x_wconf 70' lang='lat' dir='ltr'><strong><em>hpntm</em></strong></span> <span class='ocrx_word' id='word_1_527' title='bbox 411 3560 529 3624; x_wconf 83' lang='lat' dir='ltr'><strong><em>intmn:</em></strong></span> <span class='ocrx_word' id='word_1_528' title='bbox 561 3578 600 3622; x_wconf 82' lang='lat' dir='ltr'><strong><em>eoo</em></strong></span> <span class='ocrx_word' id='word_1_529' title='bbox 621 3557 676 3622; x_wconf 90' lang='lat' dir='ltr'><strong><em>hoc</em></strong></span> <span class='ocrx_word' id='word_1_530' title='bbox 695 3577 757 3621; x_wconf 92' lang='lat' dir='ltr'><strong><em>non</em></strong></span> <span class='ocrx_word' id='word_1_531' title='bbox 777 3556 926 3638; x_wconf 74' lang='lat' dir='ltr'><strong><em>seqnitur,</em></strong></span> <span class='ocrx_word' id='word_1_532' title='bbox 958 3553 1056 3618; x_wconf 77' lang='lat' dir='ltr'><strong><em>immi·</em></strong></span> <span class='ocrx_word' id='word_1_533' title='bbox 1108 3577 1203 3622; x_wconf 87' lang='lat' dir='ltr'><strong><em>nares</em></strong></span> <span class='ocrx_word' id='word_1_534' title='bbox 1231 3561 1304 3622; x_wconf 85' lang='lat' dir='ltr'><strong><em>tuas</em></strong></span> <span class='ocrx_word' id='word_1_535' title='bbox 1334 3577 1392 3623; x_wconf 85' lang='lat' dir='ltr'><strong><em>sno</em></strong></span> <span class='ocrx_word' id='word_1_536' title='bbox 1420 3556 1523 3622; x_wconf 84' lang='lat' dir='ltr'><strong><em>hatita</em></strong></span> <span class='ocrx_word' id='word_1_537' title='bbox 1548 3577 1610 3622; x_wconf 90' lang='lat' dir='ltr'><strong><em>non</em></strong></span> <span class='ocrx_word' id='word_1_538' title='bbox 1642 3558 1804 3638; x_wconf 85' lang='lat' dir='ltr'><strong><em>spirasset.</em></strong></span> <span class='ocrx_word' id='word_1_539' title='bbox 1850 3556 1893 3621; x_wconf 95' lang='lat' dir='ltr'><strong><em>In</em></strong></span> <span class='ocrx_word' id='word_1_540' title='bbox 1914 3558 1984 3639; x_wconf 91' lang='lat' dir='ltr'><strong><em>ipso</em></strong></span> <span class='ocrx_word' id='word_1_541' title='bbox 2008 3555 2092 3623; x_wconf 86' lang='lat' dir='ltr'><strong><em>Cain</em></strong></span> 
     </span>
     <span class='ocr_line' id='line_1_37' title="bbox 78 3639 2093 3725; baseline -0.002 -13"><span class='ocrx_word' id='word_1_542' title='bbox 78 3666 148 3713; x_wconf 89' lang='lat' dir='ltr'><strong><em>nem</em></strong></span> <span class='ocrx_word' id='word_1_543' title='bbox 181 3665 247 3711; x_wconf 87' lang='lat' dir='ltr'><strong><em>esse</em></strong></span> <span class='ocrx_word' id='word_1_544' title='bbox 278 3650 372 3710; x_wconf 85' lang='lat' dir='ltr'><strong><em>totum</em></strong></span> <span class='ocrx_word' id='word_1_545' title='bbox 401 3645 510 3722; x_wconf 88' lang='lat' dir='ltr'><strong><em>iatum,</em></strong></span> <span class='ocrx_word' id='word_1_546' title='bbox 545 3647 600 3708; x_wconf 87' lang='lat' dir='ltr'><strong><em>ant</em></strong></span> <span class='ocrx_word' id='word_1_547' title='bbox 632 3662 757 3720; x_wconf 78' lang='lat' dir='ltr'><strong><em>saxmn,</em></strong></span> <span class='ocrx_word' id='word_1_548' title='bbox 790 3648 820 3707; x_wconf 87' lang='lat' dir='ltr'><strong><em>et</em></strong></span> <span class='ocrx_word' id='word_1_549' title='bbox 852 3639 936 3705; x_wconf 86' lang='lat' dir='ltr'><strong><em>nihii</em></strong></span> <span class='ocrx_word' id='word_1_550' title='bbox 962 3639 1055 3704; x_wconf 85' lang='lat' dir='ltr'><strong><em>iibere</em></strong></span> <span class='ocrx_word' id='word_1_551' title='bbox 1108 3642 1307 3723; x_wconf 83' lang='lat' dir='ltr'><strong><em>nequissimo,</em></strong></span> <span class='ocrx_word' id='word_1_552' title='bbox 1342 3647 1371 3707; x_wconf 87' lang='lat' dir='ltr'><strong><em>et</em></strong></span> <span class='ocrx_word' id='word_1_553' title='bbox 1396 3643 1433 3708; x_wconf 92' lang='lat' dir='ltr'><strong><em>in</em></strong></span> <span class='ocrx_word' id='word_1_554' title='bbox 1457 3642 1647 3725; x_wconf 82' lang='lat' dir='ltr'><strong><em>pipantibns,</em></strong></span> <span class='ocrx_word' id='word_1_555' title='bbox 1680 3663 1720 3708; x_wconf 78' lang='lat' dir='ltr'><strong><em>ec</em></strong></span> <span class='ocrx_word' id='word_1_556' title='bbox 1741 3642 1836 3708; x_wconf 89' lang='lat' dir='ltr'><strong><em>insito</em></strong></span> <span class='ocrx_word' id='word_1_557' title='bbox 1858 3646 1887 3707; x_wconf 90' lang='lat' dir='ltr'><strong><em>et</em></strong></span> <span class='ocrx_word' id='word_1_558' title='bbox 1909 3641 1949 3707; x_wconf 90' lang='lat' dir='ltr'><strong><em>ab</em></strong></span> <span class='ocrx_word' id='word_1_559' title='bbox 1970 3641 2093 3725; x_wconf 84' lang='lat' dir='ltr'><strong><em>oripine</em></strong></span> 
     </span>
     <span class='ocr_line' id='line_1_38' title="bbox 77 3725 2091 3817; baseline -0.001 -21"><span class='ocrx_word' id='word_1_560' title='bbox 77 3752 179 3817; x_wconf 81' lang='lat' dir='ltr'><strong><em>apere.</em></strong></span> <span class='ocrx_word' id='word_1_561' title='bbox 222 3730 353 3812; x_wconf 88' lang='lat' dir='ltr'><strong><em>Decepit</em></strong></span> <span class='ocrx_word' id='word_1_562' title='bbox 373 3729 603 3807; x_wconf 86' lang='lat' dir='ltr'><strong><em>tesimilitudo,</em></strong></span> <span class='ocrx_word' id='word_1_563' title='bbox 624 3728 740 3791; x_wconf 90' lang='lat' dir='ltr'><strong><em>nonin</em></strong></span> <span class='ocrx_word' id='word_1_564' title='bbox 761 3725 904 3791; x_wconf 70' lang='lat' dir='ltr'><strong><em>omnbus</em></strong></span> <span class='ocrx_word' id='word_1_565' title='bbox 924 3726 1055 3807; x_wconf 84' lang='lat' dir='ltr'><strong><em>intepra.</em></strong></span> <span class='ocrx_word' id='word_1_566' title='bbox 1107 3728 1265 3808; x_wconf 87' lang='lat' dir='ltr'><strong><em>inspirato</em></strong></span> <span class='ocrx_word' id='word_1_567' title='bbox 1283 3727 1409 3792; x_wconf 87' lang='lat' dir='ltr'><strong><em>deitatis</em></strong></span> <span class='ocrx_word' id='word_1_568' title='bbox 1429 3727 1539 3805; x_wconf 77' lang='lat' dir='ltr'><strong><em>naso,</em></strong></span> <span class='ocrx_word' id='word_1_569' title='bbox 1571 3730 1737 3810; x_wconf 64' lang='lat' dir='ltr'><strong><em>semermi)</em></strong></span> <span class='ocrx_word' id='word_1_570' title='bbox 1770 3727 1870 3794; x_wconf 82' lang='lat' dir='ltr'><strong><em>libera</em></strong></span> <span class='ocrx_word' id='word_1_571' title='bbox 1897 3728 1947 3793; x_wconf 86' lang='lat' dir='ltr'><strong><em>ais</em></strong></span> <span class='ocrx_word' id='word_1_572' title='bbox 1969 3729 2091 3810; x_wconf 75' lang='lat' dir='ltr'><strong><em>abiona,</em></strong></span> 
     </span>
     <span class='ocr_line' id='line_1_39' title="bbox 81 3811 2092 3900; baseline 0 -19"><span class='ocrx_word' id='word_1_573' title='bbox 81 3819 269 3900; x_wconf 74' lang='lat' dir='ltr'><strong><em>Quanquam</em></strong></span> <span class='ocrx_word' id='word_1_574' title='bbox 290 3817 325 3881; x_wconf 90' lang='lat' dir='ltr'><strong><em>in</em></strong></span> <span class='ocrx_word' id='word_1_575' title='bbox 346 3816 481 3880; x_wconf 82' lang='lat' dir='ltr'><strong><em>eeternis</em></strong></span> <span class='ocrx_word' id='word_1_576' title='bbox 509 3812 682 3878; x_wconf 85' lang='lat' dir='ltr'><strong><em>actionibus</em></strong></span> <span class='ocrx_word' id='word_1_577' title='bbox 708 3813 775 3877; x_wconf 85' lang='lat' dir='ltr'><strong><em>sint</em></strong></span> <span class='ocrx_word' id='word_1_578' title='bbox 790 3811 936 3894; x_wconf 89' lang='lat' dir='ltr'><strong><em>plurima</em></strong></span> <span class='ocrx_word' id='word_1_579' title='bbox 958 3829 1057 3874; x_wconf 91' lang='lat' dir='ltr'><strong><em>ncces-</em></strong></span> <span class='ocrx_word' id='word_1_580' title='bbox 1108 3812 1331 3878; x_wconf 81' lang='lat' dir='ltr'><strong><em>ebdominium</em></strong></span> <span class='ocrx_word' id='word_1_581' title='bbox 1357 3814 1394 3878; x_wconf 90' lang='lat' dir='ltr'><strong><em>in</em></strong></span> <span class='ocrx_word' id='word_1_582' title='bbox 1411 3817 1580 3893; x_wconf 87' lang='lat' dir='ltr'><strong><em>peccatum,</em></strong></span> <span class='ocrx_word' id='word_1_583' title='bbox 1614 3818 1688 3880; x_wconf 82' lang='lat' dir='ltr'><strong><em>teste</em></strong></span> <span class='ocrx_word' id='word_1_584' title='bbox 1709 3811 1796 3879; x_wconf 88' lang='lat' dir='ltr'><strong><em>Deo:</em></strong></span> <span class='ocrx_word' id='word_1_585' title='bbox 1828 3833 1901 3896; x_wconf 84' lang='lat' dir='ltr'><strong><em>erpo</em></strong></span> <span class='ocrx_word' id='word_1_586' title='bbox 1933 3817 1961 3878; x_wconf 89' lang='lat' dir='ltr'><strong><em>ct</em></strong></span> <span class='ocrx_word' id='word_1_587' title='bbox 1992 3815 2031 3880; x_wconf 90' lang='lat' dir='ltr'><strong><em>in</em></strong></span> <span class='ocrx_word' id='word_1_588' title='bbox 2063 3817 2092 3880; x_wconf 89' lang='lat' dir='ltr'><strong><em>te</em></strong></span> 
     </span>
     <span class='ocr_line' id='line_1_40' title="bbox 76 3897 1958 3982; baseline -0.002 -14"><span class='ocrx_word' id='word_1_589' title='bbox 76 3902 178 3970; x_wconf 87' lang='lat' dir='ltr'><strong><em>scriis</em></strong></span> <span class='ocrx_word' id='word_1_590' title='bbox 198 3901 324 3967; x_wconf 85' lang='lat' dir='ltr'><strong><em>casibus</em></strong></span> <span class='ocrx_word' id='word_1_591' title='bbox 341 3899 474 3977; x_wconf 72' lang='lat' dir='ltr'><strong><em>subditi,</em></strong></span> <span class='ocrx_word' id='word_1_592' title='bbox 496 3899 585 3964; x_wconf 84' lang='lat' dir='ltr'><strong><em>nitro</em></strong></span> <span class='ocrx_word' id='word_1_593' title='bbox 602 3897 737 3963; x_wconf 90' lang='lat' dir='ltr'><strong><em>hominis</em></strong></span> <span class='ocrx_word' id='word_1_594' title='bbox 754 3898 853 3960; x_wconf 81' lang='lat' dir='ltr'><strong><em>eires:</em></strong></span> <span class='ocrx_word' id='word_1_595' title='bbox 875 3913 1057 3977; x_wconf 75' lang='lat' dir='ltr'><strong><em>pmnqnam</em></strong></span> <span class='ocrx_word' id='word_1_596' title='bbox 1108 3918 1227 3981; x_wconf 78' lang='lat' dir='ltr'><strong><em>quoque</em></strong></span> <span class='ocrx_word' id='word_1_597' title='bbox 1248 3901 1397 3982; x_wconf 87' lang='lat' dir='ltr'><strong><em>superest,</em></strong></span> <span class='ocrx_word' id='word_1_598' title='bbox 1418 3898 1485 3963; x_wconf 89' lang='lat' dir='ltr'><strong><em>nisi</em></strong></span> <span class='ocrx_word' id='word_1_599' title='bbox 1505 3900 1554 3963; x_wconf 87' lang='lat' dir='ltr'><strong><em>sis</em></strong></span> <span class='ocrx_word' id='word_1_600' title='bbox 1574 3904 1610 3964; x_wconf 89' lang='lat' dir='ltr'><strong><em>tu</em></strong></span> <span class='ocrx_word' id='word_1_601' title='bbox 1630 3917 1748 3965; x_wconf 76' lang='lat' dir='ltr'><strong><em>sanum</em></strong></span> <span class='ocrx_word' id='word_1_602' title='bbox 1762 3903 1799 3964; x_wconf 73' lang='lat' dir='ltr'><strong><em>‘et</em></strong></span> <span class='ocrx_word' id='word_1_603' title='bbox 1819 3904 1958 3964; x_wconf 81' lang='lat' dir='ltr'><strong><em>hnncns.</em></strong></span> 
     </span>
    </p>

    <p class='ocr_par' dir='ltr' id='par_1_5' title="bbox 76 3980 1058 4105">
     <span class='ocr_line' id='line_1_41' title="bbox 76 3980 1058 4105; baseline -0.011 -51"><span class='ocrx_word' id='word_1_604' title='bbox 76 3991 119 4054; x_wconf 89' lang='lat' dir='ltr'><strong><em>sit</em></strong></span> <span class='ocrx_word' id='word_1_605' title='bbox 140 3994 298 4054; x_wconf 83' lang='lat' dir='ltr'><strong><em>astrorum</em></strong></span> <span class='ocrx_word' id='word_1_606' title='bbox 324 3986 375 4051; x_wconf 88' lang='lat' dir='ltr'><strong><em>ois</em></strong></span> <span class='ocrx_word' id='word_1_607' title='bbox 400 3985 542 4082; x_wconf 74' lang='lat' dir='ltr'><strong><em>maeima</em></strong></span> <span class='ocrx_word' id='word_1_608' title='bbox 560 3982 653 4060; x_wconf 82' lang='lat' dir='ltr'><strong><em>(Esa.</em></strong></span> <span class='ocrx_word' id='word_1_609' title='bbox 673 3987 719 4045; x_wconf 78' lang='lat'><strong><em>40</em></strong></span> <span class='ocrx_word' id='word_1_610' title='bbox 735 3985 764 4045; x_wconf 88' lang='lat' dir='ltr'><strong><em>et</em></strong></span> <span class='ocrx_word' id='word_1_611' title='bbox 782 3980 838 4046; x_wconf 93' lang='lat' dir='ltr'><strong><em>Iob</em></strong></span> <span class='ocrx_word' id='word_1_612' title='bbox 856 3981 927 4064; x_wconf 76' lang='lat'><strong><em>38),</em></strong></span> <span class='ocrx_word' id='word_1_613' title='bbox 943 4000 986 4079; x_wconf 26' lang='lat' dir='ltr'><strong><em>‘ea</em></strong></span> <span class='ocrx_word' id='word_1_614' title='bbox 1001 3980 1058 4105; x_wconf 52' lang='lat' dir='ltr'><strong><em>hssc</em></strong></span> 
     </span>
    </p>

    <p class='ocr_par' dir='ltr' id='par_1_6' title="bbox 77 4065 1944 4322">
     <span class='ocr_line' id='line_1_42' title="bbox 77 4065 1944 4238; baseline -0.003 -14"><span class='ocrx_word' id='word_1_615' title='bbox 77 4065 898 4238; x_wconf 45' lang='lat' dir='ltr'><strong><em>Wmnwmegeaw</em></strong></span> <span class='ocrx_word' id='word_1_616' title='bbox 919 4065 1057 4250; x_wconf 52' lang='lat' dir='ltr'><strong><em>imi</em></strong></span> <span class='ocrx_word' id='word_1_617' title='bbox 1253 4149 1488 4220; x_wconf 61' lang='lat' dir='ltr'><strong><em>Elisson</em></strong></span> <span class='ocrx_word' id='word_1_618' title='bbox 1509 4151 1740 4220; x_wconf 73' lang='lat' dir='ltr'><strong><em>vsossnae</em></strong></span> <span class='ocrx_word' id='word_1_619' title='bbox 1762 4152 1944 4219; x_wconf 70' lang='lat' dir='ltr'><strong><em>issem.</em></strong></span> 
     </span>
     <span class='ocr_line' id='line_1_43' title="bbox 77 4171 1056 4322; baseline -0.009 -14"><span class='ocrx_word' id='word_1_620' title='bbox 77 4243 233 4322; x_wconf 74' lang='lat' dir='ltr'><strong><em>scribitur,</em></strong></span> <span class='ocrx_word' id='word_1_621' title='bbox 254 4242 393 4308; x_wconf 85' lang='lat' dir='ltr'><strong><em>homines</em></strong></span> <span class='ocrx_word' id='word_1_622' title='bbox 401 4242 438 4307; x_wconf 91' lang='lat' dir='ltr'><strong><em>in</em></strong></span> <span class='ocrx_word' id='word_1_623' title='bbox 448 4261 503 4305; x_wconf 89' lang='lat' dir='ltr'><strong><em>nos</em></strong></span> <span class='ocrx_word' id='word_1_624' title='bbox 513 4238 702 4320; x_wconf 85' lang='lat' dir='ltr'><strong><em>nihihpossc,</em></strong></span> <span class='ocrx_word' id='word_1_625' title='bbox 723 4171 1056 4314; x_wconf 65' lang='lat' dir='ltr'><strong><em>anscherico,</em></strong></span> 
     </span>
    </p>

    <p class='ocr_par' dir='ltr' id='par_1_7' title="bbox 78 4321 2091 4832">
     <span class='ocr_line' id='line_1_44' title="bbox 78 4321 2089 4410; baseline -0 -19"><span class='ocrx_word' id='word_1_626' title='bbox 78 4331 114 4391; x_wconf 90' lang='lat' dir='ltr'><strong><em>ut</em></strong></span> <span class='ocrx_word' id='word_1_627' title='bbox 146 4327 185 4393; x_wconf 92' lang='lat' dir='ltr'><strong><em>de</em></strong></span> <span class='ocrx_word' id='word_1_628' title='bbox 213 4325 337 4394; x_wconf 90' lang='lat' dir='ltr'><strong><em>Christo</em></strong></span> <span class='ocrx_word' id='word_1_629' title='bbox 368 4327 484 4393; x_wconf 87' lang='lat' dir='ltr'><strong><em>dicitur</em></strong></span> <span class='ocrx_word' id='word_1_630' title='bbox 517 4324 624 4410; x_wconf 90' lang='lat' dir='ltr'><strong><em>(Ioan.</em></strong></span> <span class='ocrx_word' id='word_1_631' title='bbox 646 4327 678 4389; x_wconf 79' lang='lat'><strong><em>2.</em></strong></span> <span class='ocrx_word' id='word_1_632' title='bbox 705 4326 778 4387; x_wconf 87' lang='lat' dir='ltr'><strong><em>7et</em></strong></span> <span class='ocrx_word' id='word_1_633' title='bbox 800 4326 845 4400; x_wconf 84' lang='lat'><strong><em>8).</em></strong></span> <span class='ocrx_word' id='word_1_634' title='bbox 901 4321 1056 4388; x_wconf 81' lang='lat' dir='ltr'><strong><em>Doctrina</em></strong></span> <span class='ocrx_word' id='word_1_635' title='bbox 1195 4324 1372 4392; x_wconf 86' lang='lat' dir='ltr'><strong><em>Mosaicam</em></strong></span> <span class='ocrx_word' id='word_1_636' title='bbox 1392 4323 1488 4408; x_wconf 86' lang='lat' dir='ltr'><strong><em>iepem</em></strong></span> <span class='ocrx_word' id='word_1_637' title='bbox 1508 4325 1545 4389; x_wconf 91' lang='lat' dir='ltr'><strong><em>in</em></strong></span> <span class='ocrx_word' id='word_1_638' title='bbox 1565 4323 1673 4390; x_wconf 90' lang='lat' dir='ltr'><strong><em>eadem</em></strong></span> <span class='ocrx_word' id='word_1_639' title='bbox 1705 4322 1794 4388; x_wconf 89' lang='lat' dir='ltr'><strong><em>nobis</em></strong></span> <span class='ocrx_word' id='word_1_640' title='bbox 1819 4341 1884 4403; x_wconf 74' lang='lat' dir='ltr'><strong><em>qna</em></strong></span> <span class='ocrx_word' id='word_1_641' title='bbox 1905 4326 1933 4387; x_wconf 87' lang='lat' dir='ltr'><strong><em>et</em></strong></span> <span class='ocrx_word' id='word_1_642' title='bbox 1955 4321 2089 4390; x_wconf 82' lang='lat' dir='ltr'><strong><em>Indaeis</em></strong></span> 
     </span>
     <span class='ocr_line' id='line_1_45' title="bbox 79 4404 2089 4492; baseline -0.001 -16"><span class='ocrx_word' id='word_1_643' title='bbox 79 4410 168 4476; x_wconf 89' lang='lat' dir='ltr'><strong><em>nobis</em></strong></span> <span class='ocrx_word' id='word_1_644' title='bbox 188 4411 298 4491; x_wconf 86' lang='lat' dir='ltr'><strong><em>datur,</em></strong></span> <span class='ocrx_word' id='word_1_645' title='bbox 319 4433 357 4477; x_wconf 93' lang='lat' dir='ltr'><strong><em>ne</em></strong></span> <span class='ocrx_word' id='word_1_646' title='bbox 376 4412 529 4477; x_wconf 86' lang='lat' dir='ltr'><strong><em>mnndum</em></strong></span> <span class='ocrx_word' id='word_1_647' title='bbox 549 4412 732 4483; x_wconf 84' lang='lat' dir='ltr'><strong><em>timeamus,</em></strong></span> <span class='ocrx_word' id='word_1_648' title='bbox 759 4408 890 4473; x_wconf 87' lang='lat' dir='ltr'><strong><em>scientes</em></strong></span> <span class='ocrx_word' id='word_1_649' title='bbox 919 4426 985 4472; x_wconf 87' lang='lat' dir='ltr'><strong><em>esse</em></strong></span> <span class='ocrx_word' id='word_1_650' title='bbox 1005 4404 1057 4471; x_wconf 81' lang='lat' dir='ltr'><strong><em>ho</em></strong></span> <span class='ocrx_word' id='word_1_651' title='bbox 1106 4410 1174 4492; x_wconf 81' lang='lat' dir='ltr'><strong><em>fore</em></strong></span> <span class='ocrx_word' id='word_1_652' title='bbox 1191 4410 1400 4476; x_wconf 84' lang='lat' dir='ltr'><strong><em>observatione</em></strong></span> <span class='ocrx_word' id='word_1_653' title='bbox 1417 4409 1581 4489; x_wconf 82' lang='lat' dir='ltr'><strong><em>contendis,</em></strong></span> <span class='ocrx_word' id='word_1_654' title='bbox 1602 4408 1760 4473; x_wconf 78' lang='lat' dir='ltr'><strong><em>misniam</em></strong></span> <span class='ocrx_word' id='word_1_655' title='bbox 1778 4406 1810 4472; x_wconf 92' lang='lat' dir='ltr'><strong><em>ci</em></strong></span> <span class='ocrx_word' id='word_1_656' title='bbox 1827 4410 1855 4470; x_wconf 91' lang='grc' dir='ltr'><strong><em>ει</em></strong></span> <span class='ocrx_word' id='word_1_657' title='bbox 1871 4408 2089 4474; x_wconf 70' lang='lat' dir='ltr'><strong><em>adnuntiem</em></strong></span> 
     </span>
     <span class='ocr_line' id='line_1_46' title="bbox 78 4491 2091 4660; baseline 0 -13"><span class='ocrx_word' id='word_1_658' title='bbox 78 4496 682 4647; x_wconf 58' lang='lat' dir='ltr'><strong><em>possedissent</em></strong></span> <span class='ocrx_word' id='word_1_659' title='bbox 692 4499 894 4646; x_wconf 71' lang='lat' dir='ltr'><strong><em>htttt</em></strong></span> <span class='ocrx_word' id='word_1_660' title='bbox 903 4492 1057 4644; x_wconf 56' lang='lat' dir='ltr'><strong><em>sidet</em></strong></span> <span class='ocrx_word' id='word_1_661' title='bbox 1107 4496 1180 4647; x_wconf 74' lang='lat' dir='ltr'><strong><em>in</em></strong></span> <span class='ocrx_word' id='word_1_662' title='bbox 1194 4492 1848 4660; x_wconf 42' lang='lat' dir='ltr'><strong><em>imeehthttfflitnnni‘</em></strong></span> <span class='ocrx_word' id='word_1_663' title='bbox 1750 4491 2091 4648; x_wconf 50' lang='grc' dir='ltr'><strong><em>ΨἭΡΖἪ</em></strong></span> 
     </span>
     <span class='ocr_line' id='line_1_47' title="bbox 78 4630 2079 4747; baseline -0.003 -16"><span class='ocrx_word' id='word_1_664' title='bbox 78 4665 247 4744; x_wconf 85' lang='lat' dir='ltr'><strong><em>meditatis,</em></strong></span> <span class='ocrx_word' id='word_1_665' title='bbox 277 4684 377 4747; x_wconf 78' lang='lat' dir='ltr'><strong><em>qnam</em></strong></span> <span class='ocrx_word' id='word_1_666' title='bbox 407 4666 475 4747; x_wconf 89' lang='lat' dir='ltr'><strong><em>ipsc</em></strong></span> <span class='ocrx_word' id='word_1_667' title='bbox 503 4670 684 4746; x_wconf 85' lang='lat' dir='ltr'><strong><em>potestatem</em></strong></span> <span class='ocrx_word' id='word_1_668' title='bbox 715 4664 845 4730; x_wconf 77' lang='lat' dir='ltr'><strong><em>habent.</em></strong></span> <span class='ocrx_word' id='word_1_669' title='bbox 892 4661 1056 4728; x_wconf 85' lang='lat' dir='ltr'><strong><em>Contrate</em></strong></span> <span class='ocrx_word' id='word_1_670' title='bbox 1180 4660 1182 4663; x_wconf 75' lang='grc'><strong>’</strong></span> <span class='ocrx_word' id='word_1_671' title='bbox 1805 4736 1808 4741; x_wconf 24' lang='lat'><strong>⁴</strong></span> <span class='ocrx_word' id='word_1_672' title='bbox 1994 4630 2002 4660; x_wconf 65' lang='lat'><strong><em>⁹</em></strong></span> <span class='ocrx_word' id='word_1_673' title='bbox 2076 4664 2079 4672; x_wconf 88' lang='lat'>&#39;</span> 
     </span>
     <span class='ocr_line' id='line_1_48' title="bbox 79 4747 1315 4832; baseline -0.004 -15"><span class='ocrx_word' id='word_1_674' title='bbox 79 4751 117 4817; x_wconf 89' lang='lat' dir='ltr'><strong><em>id</em></strong></span> <span class='ocrx_word' id='word_1_675' title='bbox 133 4756 237 4832; x_wconf 82' lang='lat' dir='ltr'><strong><em>aperte</em></strong></span> <span class='ocrx_word' id='word_1_676' title='bbox 255 4754 330 4830; x_wconf 71' lang='lat' dir='ltr'><strong><em>[pag.</em></strong></span> <span class='ocrx_word' id='word_1_677' title='bbox 348 4754 424 4828; x_wconf 76' lang='lat'><strong>687]</strong></span> <span class='ocrx_word' id='word_1_678' title='bbox 446 4749 529 4813; x_wconf 88' lang='lat' dir='ltr'><strong><em>docet</em></strong></span> <span class='ocrx_word' id='word_1_679' title='bbox 545 4754 618 4813; x_wconf 75' lang='lat' dir='ltr'><strong><em>hias</em></strong></span> <span class='ocrx_word' id='word_1_680' title='bbox 635 4749 836 4832; x_wconf 80' lang='lat' dir='ltr'><strong><em>Anpnstinus</em></strong></span> <span class='ocrx_word' id='word_1_681' title='bbox 851 4750 886 4813; x_wconf 90' lang='lat' dir='ltr'><strong><em>in</em></strong></span> <span class='ocrx_word' id='word_1_682' title='bbox 904 4747 1057 4814; x_wconf 81' lang='lat' dir='ltr'><strong><em>Io&#39;annem</em></strong></span> <span class='ocrx_word' id='word_1_683' title='bbox 1109 4753 1315 4765; x_wconf 71' lang='lat'><strong><em>&#39;‘—</em></strong></span> 
     </span>
    </p>

    <p class='ocr_par' dir='ltr' id='par_1_8' title="bbox 79 4831 1291 4922">
     <span class='ocr_line' id='line_1_49' title="bbox 79 4831 1291 4922; baseline -0.005 -19"><span class='ocrx_word' id='word_1_684' title='bbox 79 4839 404 4903; x_wconf 68' lang='lat' dir='ltr'><strong><em>recenseret.</em></strong></span> <span class='ocrx_word' id='word_1_685' title='bbox 454 4831 909 4919; x_wconf 82' lang='lat' dir='ltr'><strong><em>Insummahoccopitabis:</em></strong></span> <span class='ocrx_word' id='word_1_686' title='bbox 956 4834 1056 4916; x_wconf 80' lang='lat' dir='ltr'><strong><em>Quae·</em></strong></span> <span class='ocrx_word' id='word_1_687' title='bbox 1178 4853 1291 4922; x_wconf 68' lang='lat' dir='ltr'><strong><em>ungit.</em></strong></span> 
     </span>
    </p>
   </div>
   <div class='ocr_carea' id='block_1_5' title="bbox 78 4923 1421 5265">
    <p class='ocr_par' dir='ltr' id='par_1_9' title="bbox 78 4921 1444 5265">
     <span class='ocr_line' id='line_1_50' title="bbox 1177 4923 1209 5054; baseline 0.004 -11"><span class='ocrx_word' id='word_1_688' title='bbox 1177 4923 1209 5054; x_wconf 79' lang='lat' dir='ltr'><strong><em>s</em></strong></span> 
     </span>
     <span class='ocr_line' id='line_1_51' title="bbox 78 5049 1421 5208; baseline -0.001 -27"><span class='ocrx_word' id='word_1_689' title='bbox 78 5049 961 5193; x_wconf 51' lang='lat' dir='ltr'><strong><em>metiimffliffl&#39;mrimefflifflssim</em></strong></span> <span class='ocrx_word' id='word_1_690' title='bbox 979 5053 1057 5176; x_wconf 37' lang='lat' dir='ltr'><strong><em>§ym-</em></strong></span> <span class='ocrx_word' id='word_1_691' title='bbox 1177 5059 1210 5192; x_wconf 41' lang='grc' dir='ltr'><strong><em>ἐξ</em></strong></span> <span class='ocrx_word' id='word_1_692' title='bbox 1228 5073 1421 5208; x_wconf 41' lang='grc' dir='ltr'><strong><em>ἓέιῗὲἓτοῖτει</em></strong></span> 
     </span>
     <span class='ocr_line' id='line_1_52' title="bbox 148 5191 1401 5265; baseline 0.002 -18"><span class='ocrx_word' id='word_1_693' title='bbox 148 5191 179 5260; x_wconf 81' lang='grc'><strong><em>2)</em></strong></span> <span class='ocrx_word' id='word_1_694' title='bbox 198 5193 319 5248; x_wconf 67' lang='lat' dir='ltr'><strong><em>liborum.</em></strong></span> <span class='ocrx_word' id='word_1_695' title='bbox 1177 5194 1209 5265; x_wconf 83' lang='grc'><strong><em>6)</em></strong></span> <span class='ocrx_word' id='word_1_696' title='bbox 1227 5197 1401 5250; x_wconf 72' lang='lat' dir='ltr'><strong><em>mmmmm</em></strong></span> 
     </span>
    </p>
   </div>
   <div class='ocr_carea' id='block_1_6' title="bbox 0 0 2314 5892">
    <p class='ocr_par' dir='ltr' id='par_1_10' title="bbox 0 0 2314 5892">
     <span class='ocr_line' id='line_1_53' title="bbox 0 0 2314 5892; baseline 0 0"><span class='ocrx_word' id='word_1_697' title='bbox 0 0 2314 5892; x_wconf 95' lang='lat' dir='ltr'><strong><em> </em></strong></span> 
     </span>
    </p>
   </div>
  </div>
 </body>
</html>
