4792 5910
233 349 296 410 287
1035 338 1099 406 DE
1121 337 1344 404 sumnus
1362 338 1446 404 DEI
2187 337 2257 402 288

233 533 383 610 cesserit,
417 533 485 596 fore
518 550 577 594 vas
609 530 644 594 iu
667 530 910 595 contumeliam
956 530 1004 595 At
1024 547 1128 611 quum
1150 548 1209 592 suo
1347 523 1524 593 Oonoludit
1545 526 1678 594 demum
1699 526 1841 594 Paulus:
1865 527 1905 594 Si
1923 528 2016 593 Dens
2038 526 2126 591 iram
2148 544 2244 591 suam

232 620 369 703 quisque
391 615 536 693 arbitrio,
558 614 672 681 diviua
694 618 767 694 [pag.
791 620 844 694 65]
930 615 977 680 tia
997 635 1081 697 quae
1103 612 1210 677 omni·
1261 611 1376 678 volens
1398 612 1584 691 ostendere,
1607 621 1642 678 ot
1664 621 1778 679 notam
1799 614 1905 679 iacere
1927 634 2023 684 suam
2045 611 2240 695 potentiam,

232 705 294 770 bus
323 699 507 769 communis
541 707 575 764 et
601 708 717 782 parata
746 706 812 779 est,
888 701 977 765 ‘utus
1003 704 1207 784 perseveret:
1261 698 1418 764 sustinuit
1443 697 1480 762 in
1508 698 1614 764 multa
1636 700 1794 783 patientia
1821 719 1902 765 vasa
1929 700 1999 764 irae
2021 703 2184 780 apparata
2204 698 2240 760 in

234 788 366 854 demum
394 785 581 864 constituit,
615 806 675 850 nos
702 786 826 853 invicta
852 784 1043 851 fortitudine
1069 803 1151 850 vase
1173 783 1211 847 in
1260 784 1448 863 interitum,
1481 790 1520 848 ιιι
1551 793 1647 849 notas
1675 805 1805 868 quoque
1832 784 1965 851 divitias
1998 783 2126 868 gratiae
2163 801 2243 848 suae

232 874 389 941 honorem
416 872 497 938 fieri.
548 871 625 937 Nou
653 870 724 936 dico
758 892 856 954 quam
888 871 1014 937 insulse
1046 867 1110 935 duo
1142 875 1211 933 tam
1261 870 1384 934 aeret
1405 890 1485 955 erga
1506 889 1587 936 vass
1607 869 1850 937 misericordiae
1871 889 1955 954 quae
1976 868 2191 953 praeparavit
2212 869 2246 932 in

233 958 363 1026 diversa
380 957 600 1036 commisceat,
621 958 702 1041 fingi
725 978 794 1035 vas,
816 965 849 1022 et
870 957 1018 1039 probari:
1033 955 1057 1038 ¹)
1081 962 1211 1020 tantum
1261 954 1415 1039 gloriam:
1444 975 1512 1020 non
1533 976 1605 1021 esse
1627 978 1686 1022 our
1706 956 1799 1022 litem
1820 956 1872 1021 illi
1893 956 2067 1040 quisquam
2088 954 2244 1019 intentet

232 1045 320 1124 dico,
359 1045 447 1128 quod
480 1064 556 1108 suos
593 1043 694 1107 variis
727 1042 946 1107 certaminum
977 1041 1211 1124 experimentis
1261 1039 1367 1105 Ludit
1396 1040 1552 1126 Pighius,
1591 1049 1631 1106 ιιι
1663 1041 1771 1108 solent
1811 1043 1882 1108 eius
1913 1039 2053 1119 similes,
2092 1041 2131 1104 in
2163 1060 2244 1106 voce

231 1132 324 1197 Dens
346 1129 479 1213 probat,
512 1129 650 1192 minime
672 1128 817 1206 obstare,
850 1128 931 1210 quin
957 1129 1046 1212 ipsos
1076 1133 1211 1192 aeterno
1261 1126 1449 1210 patientiae.
1482 1127 1555 1192 Imo
1576 1127 1730 1194 ferociter
1752 1148 1787 1194 se
1808 1128 1919 1206 iactat,
1942 1127 2035 1210 quasi
2057 1126 2152 1191 Deus
2176 1146 2243 1191 non

232 1237 293 1282 suo
310 1215 453 1293 consilio,
472 1215 663 1297 priusquam
680 1220 903 1290 nascerentur,
921 1215 956 1279 in
975 1233 1071 1297 quem
1089 1211 1213 1296 placuit
1262 1211 1358 1276 aliter
1378 1211 1533 1295 reprobos
1562 1233 1663 1295 qnam
1690 1221 1829 1297 paterna
1849 1212 2065 1297 indulgentia,
2088 1216 2163 1290 [pag.
2188 1215 2244 1290 67]

231 1323 340 1380 usum,
363 1300 592 1368 destinaverit:
622 1300 701 1382 quin
722 1308 838 1382 postea
863 1320 918 1364 eos
945 1300 1059 1382 quales
1080 1296 1212 1363 volebat
1263 1295 1409 1362 obduret
1454 1298 1530 1363 Non
1557 1297 1668 1377 aliter,
1696 1299 1817 1382 inquit,
1844 1320 1925 1365 vasa
1946 1299 1988 1364 ad
2006 1296 2245 1364 contumeliam

232 1388 311 1467 iore,
334 1387 477 1452 finxerit
523 1385 593 1450 Nec
614 1384 793 1468 quidquam
819 1384 867 1449 illi
890 1386 1092 1469 suffragatur
1113 1382 1211 1448 Pauli
1261 1382 1382 1447 format
1402 1381 1506 1463 Deus,
1529 1405 1629 1467 quam
1650 1385 1792 1469 benigne
1811 1384 1982 1450 tolerando
2003 1384 2060 1467 qui
2081 1381 2246 1467 patientia

233 1471 373 1539 dictum:
401 1471 440 1539 Si
462 1471 535 1554 quis
553 1492 588 1536 se
609 1464 837 1536 emundaverit
857 1471 899 1536 ab
921 1470 1081 1536 eiusmodi
1103 1469 1210 1546 malis,
1263 1468 1334 1534 eius
1371 1467 1545 1534 abutentes
1584 1469 1779 1536 thesaurum
1816 1471 1885 1536 irae
1925 1471 1987 1537 sibi
2020 1468 2242 1536 accumulant.

233 1578 293 1624 vas
314 1559 379 1622 erit
404 1558 442 1622 in
468 1555 629 1621 honorem
650 1556 685 1639 (2
704 1557 788 1620 'lim
813 1559 849 1634 2,
873 1555 938 1638 21).
984 1556 1100 1639 Neque
1122 1555 1211 1621 enim
1262 1553 1328 1620 Ubi
1358 1575 1376 1619 e
1467 1555 1556 1621 inter
1589 1555 1709 1622 fratres
1735 1554 1881 1622 nondum
1915 1563 2009 1622 natos
2039 1553 2241 1620 demon?

233 1642 394 1727 quomodo
416 1642 565 1708 homines
591 1662 634 1706 ex
655 1640 806 1708 sordibus
825 1642 893 1708 suis
921 1643 1007 1707 eruti
1028 1663 1109 1708 vasa
1129 1643 1212 1706 fiant
1262 1639 1383 1706 Praevi
1407 1641 1483 1706 ebat
1498 1639 1602 1720 Deus,
1625 1643 1654 1706 si
1663 1642 1784 1727 Pighio
1806 1642 1960 1721 ereditur,
1982 1642 2132 1707 futuram
2151 1641 2245 1707 Esau

233 1729 428 1807 honorifica,
457 1727 515 1794 sed
543 1726 703 1810 quomodo
730 1726 858 1807 fideles,
887 1728 944 1811 qui
972 1728 1069 1793 electi
1089 1729 1157 1792 iam
1179 1734 1213 1790 et
1264 1724 1426 1790 duritiem.
1472 1724 1679 1808 Quomodoi
1736 1749 1778 1794 ue
1799 1729 1835 1793 in
1856 1728 1955 1794 Iacob
1978 1729 2102 1793 eminet
2124 1725 2243 1793 electio

234 1815 342 1881 vocati
365 1823 459 1893 sunt,
483 1835 518 1878 se
540 1811 788 1879 accommodent
807 1814 842 1878 in
864 1835 964 1898 puros
988 1815 1123 1897 usus,²)
1144 1811 1212 1876 illic
1263 1810 1399 1894 gratiae,
1422 1810 1451 1875 si
1472 1813 1507 1877 in
1525 1811 1639 1878 eodem
1656 1735 1762 1897 gfflu
1783 1813 1908 1880 locatus
1928 1815 1992 1879 fuit
2012 1814 2113 1894 Esau,
2138 1814 2242 1882 donec

235 1900 417 1967 disseritur.
462 1902 511 1965 Ac
533 1899 615 1967 vide.
631 1919 730 1981 quam
752 1899 836 1964 bene
857 1899 944 1964 inter
966 1919 1042 1963 eum
1069 1906 1102 1964 ct
1123 1899 1211 1963 Pan·
1263 1917 1299 1962 se
1327 1897 1467 1980 ipsoex
1499 1897 1644 1963 filiorum
1675 1920 1814 1965 numero
1841 1898 2067 1984 expungeret?
2113 1899 2243 1966 Verum

230 1987 305 2059 ¹lum
327 1985 511 2052 conveniat.
541 1984 654 2050 Verba
676 1984 745 2050 eius
767 1992 859 2050 sunt:
883 1983 980 2065 Quod
1002 1984 1080 2050 alibi
1102 1991 1211 2051 tacue-
1263 1983 1395 2065 saepius
1414 1984 1451 2047 in
1472 1983 1668 2049 brevissima
1678 1984 1776 2050 Pauli
1797 1986 1963 2051 sententia
1980 1985 2144 2050 refellitur
2160 1985 2244 2053 haee

233 2078 288 2136 rat
307 2070 445 2150 Paulus,
469 2070 523 2136 hic
545 2070 720 2154 expressit:
754 2091 815 2136 eur
836 2070 929 2135 Deus
951 2069 1111 2152 quosdam
1132 2089 1212 2136 vasa
1264 2069 1509 2153 tergiversatio,
1542 2091 1641 2153 quam
1666 2079 1705 2135 ut
1732 2070 1866 2136 aliunde
1892 2072 2037 2137 rationes
2059 2073 2242 2138 contrarias

233 2158 269 2222 in
290 2157 451 2223 honorem
471 2156 570 2222 iaciat
587 2156 810 2239 potiusquam
828 2156 918 2221 alios.
940 2156 989 2221 Ut
1006 2156 1095 2220 enim
1112 2154 1211 2222 Iacob
1264 2174 1430 2220 accersere
1462 2174 1543 2237 opus
1576 2156 1628 2220 sit
1677 2154 1768 2221 Vasa
1796 2167 1854 2222 aut
1887 2177 2012 2242 organa
2043 2178 2108 2240 quo
2142 2178 2245 2224 sensu

233 2263 292 2308 vas
313 2244 398 2309 foret
418 2240 674 2319 miserirordiae,
697 2243 808 2306 anima
825 2243 896 2308 eius
918 2241 1156 2308 emundaverat
1177 2261 1212 2305 se
1263 2248 1382 2307 vocent
1403 2238 1562 2320 Hebraei,
1596 2241 1743 2324 quisquis
1775 2242 1985 2309 mediocriter
2013 2244 2049 2308 in
2077 2245 2244 2342 scriptura

233 2329 354 2412 ipsam:
396 2348 461 2411 quo
492 2327 626 2393 nomine
654 2333 688 2392 et
717 2329 836 2392 merito
864 2328 971 2393 factus
1003 2335 1053 2392 est
1085 2347 1145 2393 vas
1177 2328 1212 2391 in
1263 2326 1463 2390 exercitatus
1485 2334 1535 2392 ost
1561 2348 1629 2392 non
1656 2328 1795 2412 ignorat
1840 2326 1977 2413 Organa
1997 2329 2053 2395 ubi
2076 2328 2242 2407 audimus,

233 2414 403 2480 honorem.
444 2411 498 2478 Ad
520 2414 605 2478 haue
626 2412 895 2479 emundationem
913 2413 1092 2496 respiciens
1107 2413 1211 2491 Deus,
1263 2419 1336 2476 tum
1361 2411 1473 2477 Deum
1503 2410 1689 2496 praesidem
1717 2414 1857 2480 aetionis
1886 2415 1988 2479 totius
2019 2421 2054 2481 et
2081 2421 2243 2493 autorem,

234 2521 332 2583 quem
352 2498 539 2583 praescivit,
562 2498 662 2563 etiam
684 2498 793 2583 elegit
838 2499 964 2564 Paulus
985 2506 1111 2564 autem:
1133 2496 1212 2562 dum
1264 2504 1335 2561 tum
1358 2517 1495 2562 manum
1514 2498 1585 2563 eius
1603 2497 1807 2566 dhechioem
1821 2498 2017 2584 praeoedere
2034 2520 2168 2567 necesse
2180 2507 2242 2566 est

233 2583 348 2651 fideles
369 2584 412 2649 ad
433 2583 702 2650 emundationem
723 2584 883 2662 hortatur,
905 2593 944 2649 ut
960 2584 1069 2650 locum
1086 2592 1213 2650 sternat
1264 2581 1334 2648 Gur
1361 2590 1471 2648 autem
1505 2592 1666 2650 vocantur
1692 2605 1774 2652 vasa
1801 2586 1884 2666 irae,
1918 2585 1985 2651 nisi
2014 2586 2091 2669 quia
2116 2586 2245 2650 iustam

233 2669 313 2734 huic
335 2669 517 2749 doctrinae,
574 2670 735 2745 raefatur,
769 2670 879 2735 Deum
900 2670 1032 2737 novisse
1060 2671 1116 2753 qui
1145 2669 1214 2734 sint
1265 2668 1485 2749 severitatem,
1508 2690 1574 2753 qua
1594 2669 1756 2736 abstinuit
1773 2684 1853 2756 erga
1874 2671 1965 2752 alios,
1987 2673 2024 2737 in
2044 2671 2123 2737 istos
2145 2692 2244 2737 exer-

234 2755 288 2821 sui
309 2758 345 2839 (2
358 2755 443 2820 'Pim
458 2759 488 2833 2,
514 2690 582 2839 193:
606 2754 883 2838 quemadmodum
905 2762 940 2821 et
956 2755 1035 2822 alibi
1057 2754 1213 2821 admonet
1264 2752 1354 2819 cuit?
1403 2755 1449 2818 Et
1481 2776 1542 2821 cur
1571 2755 1656 2832 facti¹
1683 2764 1762 2822 sunt
1797 2778 1880 2824 vasa
1909 2756 2000 2823 irae?
2049 2756 2245 2840 Respondet

235 2840 374 2924 (Ephes.
397 2843 433 2920 2,
465 2841 534 2925 10),
562 2861 621 2906 nos
644 2860 715 2907 osse
743 2841 813 2907 eius
840 2842 1053 2927 figmentum
1087 2848 1212 2906 creatos
1263 2839 1405 2920 Paulus,
1433 2847 1471 2905 ιιι
1496 2841 1582 2906 iram
1609 2849 1643 2906 et
1671 2843 1854 2927 potentiam
1882 2845 1917 2908 in
1945 2842 2012 2909 illis
2033 2865 2129 2909 suam
2148 2842 2245 2910 Deus

235 2924 278 2991 ad
299 2946 400 3010 opera
420 2927 515 3005 bona,
538 2947 622 3010 quae
643 2926 715 3009 ipsa
735 2928 951 3010 praeparavit
975 2927 1049 2994 Hoo
1069 2932 1144 3007 [pag.
1157 2931 1212 3006 ec]
1264 2925 1460 2992 ostenderet
1504 2926 1596 2993 Dicit
1617 2935 1776 3013 apparata
1797 2930 1833 2994 in
1854 2930 2041 2996 interitum:
2077 2927 2164 2995 unde
2186 2935 2246 2995 aut

235 3010 352 3077 salutis
373 3012 626 3077 fundamentum
648 3013 684 3076 in
707 3013 853 3096 gratuita
874 3011 940 3078 Dei
961 3012 1120 3079 electione
1140 3012 1212 3078 ubi·
1265 3011 1435 3094 quomodo,
1458 3012 1522 3076 nisi
1540 3033 1561 3077 a
1581 3015 1689 3097 prima
1702 3014 1829 3100 origine
1850 3014 2039 3081 etnatura‘l
2060 3012 2247 3099 etquidem

234 3119 299 3181 que
331 3099 449 3164 statuit
477 3097 622 3178 Paulus,
684 3099 719 3163 ui
751 3119 820 3164 non
851 3106 974 3164 temere
1007 3120 1042 3165 se
1068 3099 1213 3182 peritum
1265 3097 1381 3164 vitiata
1409 3106 1460 3163 est
1486 3098 1522 3161 in
1538 3118 1681 3181 persona
1701 3100 1795 3166 Adae
1822 3102 1924 3167 totius
1952 3102 2083 3185 generis
2104 3099 2247 3166 hnmani

234 3183 450 3250 architectum
460 3185 490 3269 ⁸)
532 3204 604 3250 esse
643 3120 812 3267 gloriatin.
862 3184 1003 3269 Pighius
1042 3195 1156 3250 contra
1193 3205 1214 3248 a
1266 3190 1399 3247 natura:
1423 3203 1490 3248 non
1511 3182 1599 3267 quod
1616 3185 1715 3251 altius
1733 3184 1800 3250 Dei
1818 3187 1990 3253 consilium
2009 3208 2077 3252 non
2094 3206 2247 3272 praeces·

234 3271 408 3354 superficie
436 3269 623 3336 aedificium
647 3269 791 3335 inchoat
800 3269 829 3356 ⁴)
873 3271 1111 3354 Intempestive
1133 3291 1213 3355 quo-
1267 3269 1359 3334 serit:
1401 3267 1459 3334 sed
1491 3270 1568 3352 qnia
1600 3291 1642 3335 ex
1670 3271 1733 3337 hae
1772 3272 1973 3356 scaturigine
2005 3273 2147 3358 emergit
2179 3270 2248 3339 Dei

234 3376 299 3440 que
326 3357 360 3421 in
388 3355 560 3423 mactando
586 3355 748 3422 Ieremias
775 3356 846 3424 loco
874 3356 1016 3423 multum
1038 3357 1214 3423 verborum
1266 3352 1461 3433 maledictio,
1481 3362 1514 3419 et
1532 3357 1665 3440 generis
1683 3357 1822 3422 humani
1840 3359 2003 3424 interitus.
2024 3359 2248 3442 Praeparasse

234 3442 411 3510 consumit:
446 3442 503 3507 ubi
526 3463 593 3508 non
628 3441 824 3507 describitur
851 3442 1055 3508 formationis
1084 3449 1214 3509 nostrae
1266 3441 1356 3505 enim
1375 3437 1487 3506 Deum
1503 3461 1583 3507 vasa
1603 3443 1848 3509 misericordiae
1872 3450 1947 3525 [pag.
1970 3448 2023 3525 68]
2044 3445 2082 3510 in
2103 3443 2247 3529 gloriam

233 3528 381 3609 initium,
413 3529 448 3593 in
476 3527 669 3613 frangendis
698 3536 732 3594 et
759 3527 967 3595 conterendis
993 3529 1097 3608 vasis,
1130 3548 1214 3612 quae
1265 3532 1416 3592 testatur.
1461 3524 1500 3592 si
1530 3526 1593 3593 hoc
1619 3528 1760 3612 speciale
1792 3536 1844 3596 est
1871 3530 1999 3610 electis,
2031 3530 2177 3613 reliquos
2205 3527 2249 3594 ad

233 3614 303 3678 iam
323 3613 463 3679 formata
507 3615 651 3698 olitaque
672 3623 765 3694 sunt,
786 3634 848 3680 sua
869 3616 941 3681 Deo
962 3622 1108 3698 potestas
1125 3634 1212 3680 asse·
1264 3611 1436 3678 interitum
1458 3617 1587 3695 aptatos
1616 3635 1687 3679 esse
1713 3620 1856 3696 constat,
1893 3616 1972 3699 quia
2000 3623 2139 3681 naturae
2166 3634 2248 3681 suae

234 3697 330 3763 ritur.
361 3635 554 3764 Tenendum
576 3700 678 3784 igitur
700 3700 798 3765 Pauli
820 3701 992 3768 consilium
1014 3708 1079 3766 est:
1101 3699 1213 3764 Deum
1264 3697 1387 3778 relicti,
1416 3704 1504 3764 certo
1530 3698 1597 3763 iam
1625 3701 1725 3766 exitio
1756 3699 1865 3767 devoti
1894 3709 1981 3766 sunt
2027 3699 2127 3783 Quod
2156 3701 2248 3766 enim

234 3782 408 3847 hominum
438 3785 602 3862 fictorem,
628 3805 671 3849 ex
698 3784 813 3851 eodem
840 3795 1026 3870 assumptos
1047 3785 1136 3864 luto,
1171 3784 1213 3851 ad
1265 3792 1434 3870 nugantur
1456 3782 1606 3867 quidam,
1635 3787 1741 3870 aptari
1763 3808 1818 3852 eos
1839 3788 1972 3870 propria
1992 3787 2135 3865 mulitia,
2164 3785 2248 3852 adeo

235 3867 395 3932 honorem
435 3868 487 3932 vel
526 3869 760 3935 contumeliam
798 3891 859 3936 suo
898 3871 1032 3937 arbitrio
1070 3873 1214 3937 formare
1265 3870 1432 3937 insulsum
1452 3876 1517 3949 cst,
1546 3879 1584 3935 ut
1611 3872 1733 3937 referre
1760 3873 1881 3957 pigeat.
1925 3872 2055 3938 Verum
2082 3880 2134 3938 est
2154 3869 2248 3938 istud

236 3951 349 4035 (Rom.
369 3956 398 4032 9,
418 3954 489 4035 21);
513 3955 591 4036 quia
612 3954 693 4020 ahos
713 3954 755 4019 ad
777 3956 880 4022 vitam
901 3958 1044 4042 gratuito
1066 3958 1214 4023 nondum
1266 3955 1407 4039 quidem,
1430 3956 1585 4039 reprobos
1606 3958 1691 4022 iram
1712 3958 1777 4023 Dei
1801 3979 1860 4024 sua
1881 3957 2245 4043 paritate'aecerserc,

235 4044 331 4104 natos
359 4037 466 4123 eligit,
506 4039 586 4104 alios
617 4040 717 4105 exitio
744 4061 820 4118 suo,
854 4043 907 4107 oui
938 4048 1057 4107 natura
1083 4041 1215 4109 obnoxii
1267 4043 1358 4107 etin
1381 4039 1450 4107 dies
1472 4041 1684 4108 accelerando
1704 4042 1839 4109 tandem
1867 4045 1903 4109 in
1924 4053 2024 4129 caput
2046 4065 2145 4109 suum
2168 4064 2247 4109 con·

236 4132 315 4190 sunt
327 4145 450 4202 omnes,
463 4124 663 4208 relinquens.
685 4125 772 4189 Nam
785 4126 874 4210 quod
884 4126 1077 4194 electionem
1088 4128 1216 4212 gratiae
1267 4147 1391 4212 gerere.
1442 4123 1513 4192 Sed
1537 4125 1593 4192 hic
1626 4127 1804 4195 discrimn
1836 4129 1922 4214 quod
1956 4151 1998 4195 ex
2030 4150 2150 4196 arcano
2180 4127 2248 4194 Dei

235 4209 378 4294 Pighius
406 4210 448 4275 ad
476 4208 691 4310 reproborum
719 4210 830 4277 odium
859 4220 1008 4311 spectare
1035 4222 1147 4313 negat:
1181 4212 1215 4277 id
1266 4211 1388 4312 iudicio
1412 4219 1528 4310 manat
1544 4233 1586 4312 ’a‘
1605 4213 1714 4314 Paulo
1751 4217 1904 4315 hautun,
1945 4217 1982 4280 in
2010 4215 2157 4314 confesso
2186 4220 2246 4280 est

236 4303 620 4466 {tramittit
645 4296 1217 4467 ῗῗιῗιῗιέῗιξιῗιῖἲωιῖῗὲἳέῗὲ
1267 4297 1658 4468 illutibilis
1674 4299 2248 4453 {difficultatum}

237 4483 338 4530 causa
359 4467 433 4549 pari
453 4473 487 4534 et
508 4468 676 4535 communi
697 4469 901 4553 respondeat.
1270 4470 1423 4537 audimus
1451 4470 1538 4553 quod
1558 4470 1699 4556 Pighius
1721 4473 1841 4571 garrit,
1870 4473 2040 4557 aequalem
2065 4492 2138 4539 csse
2167 4491 2248 4558 erga

1269 4576 1382 4623 omnes
1403 4558 1560 4642 gratiam:
1582 4557 1642 4622 sed
1660 4557 1780 4624 mehus
1797 4559 1862 4625 Dei
1879 4558 2060 4624 bonitatem
2075 4557 2248 4637 illustrari,

307 4635 337 4703 1)
357 4634 432 4691 Adri.
458 4636 496 4691 01·
513 4639 600 4694 sainct
616 4640 685 4695 Paul
702 4654 736 4694 nc
755 4641 851 4696 haicte
868 4656 918 4711 pas
936 4642 978 4712 icy
997 4647 1130 4697 comment
1146 4658 1216 4698 nous
1269 4640 1348 4708 dum
1376 4662 1456 4708 vasa
1487 4643 1557 4709 irae
1582 4641 1775 4710 sustinendo
1807 4642 1850 4709 ad
1878 4665 1976 4710 suum
2001 4645 2103 4711 finem
2132 4645 2247 4711 venire

236 4709 1217 4849 raucaquesuanacas...
1267 4728 1402 4811 ratisr-
1447 4725 1545 4809 eod
1571 4728 1614 4795 s
1640 4730 1835 4813 vasonem
1861 4736 2002 4815 sest,
2030 4731 2066 4796 in
2091 4736 2248 4815 imme

236 4851 312 4969 aa
329 4842 574 4967 aarum
599 4852 628 4899 ι
650 4845 818 4902 ...a
842 4849 947 4904 ‘a
969 4848 1015 4917 ιι
1268 4813 2248 4985 uuuuuautuuauauuau

258 4977 338 5128 a
354 4928 664 5174 ιιιὲιιξιιι
678 4988 762 5120 32:²¹
775 4989 900 5108 a...
916 5069 952 5134 ι
970 5052 1075 5109 u...
1093 5051 1171 5109 u..
1187 5051 1215 5108 ι
1268 4981 1366 5066 ιιι
1388 4991 1422 5049 ι
1442 4950 1652 5070 aar...
1674 4986 1756 5054 ...a
1777 4954 1976 5072 aas>

238 5114 302 5170 bren
319 5116 384 5184 qu'rl
401 5125 510 5187 prevort
527 5134 561 5175 cn
589 5136 626 5190 uv
643 5125 830 5176 commaneant
841 5122 859 5177 b
869 5119 956 5177 bactu
964 5121 1068 5192 parles
1079 5121 1215 5178 fenestras

238 5181 345 5309 {hgin}
360 5185 440 5309 riblteerr
456 5186 994 5328 liutpolnatighededgfflule(ch⁰ehqeffis
1029 5190 1107 5248 Nom
1128 5205 1214 5246 mm
1336 5257 1367 5326 1)
1384 5257 1467 5315 Libro
1485 5258 1762 5317 consuluissent
1780 5278 1840 5332 cap.
1858 5260 1883 5315 5.
