4762 5918
211 316 256 380 cr
456 258 460 265 ’
1035 279 1100 378 88
1122 307 1398 378 8888888888.
1629 382 1634 387 ,
1951 313 1954 316 “
2132 310 2225 371 cs
2322 312 2358 404 j

213 500 409 588 magnitudo
432 521 508 567 eum
530 500 701 583 oppressit.
718 500 743 582 ¹)
787 497 900 587 Quum
927 498 1042 564 relicta
1069 498 1196 565 familia
1248 497 1302 565 Ad
1324 497 1495 581 generales
1513 497 1695 564 calumnias
1713 498 1833 562 iterum
1850 504 2009 575 revertor,
2032 496 2150 578 quibus
2166 516 2228 578 pa-

213 587 548 670 clamseproriperet,
568 604 629 668 888
643 585 1193 668 81888811888888818818888886]
1246 582 1314 648 lam
1330 582 1515 648 doctrinam
1529 583 1697 649 manifesti
1709 583 1873 666 iuratique
1886 583 1997 648 hostes
2013 583 2186 664 impetunt.
2202 582 2226 662 ¹)
2258 642 2261 646 .

215 672 354 756 eram.²)
397 670 491 736 Nihil
517 671 605 735 inter
628 691 688 735 888
717 669 859 750 dissidii,
888 669 981 735 nulla
1004 671 1194 737 offensionis
1246 668 1340 735 Haec
1363 675 1474 734 autem
1495 667 1619 736 1111818
1639 669 1755 752 primis
1772 669 1851 734 trita
1868 675 1928 747 est,
1951 689 2011 733 nos
2029 668 2228 733 christianae

214 758 369 841 auspicio,
398 757 462 822 nisi
484 754 570 838 quod
591 755 771 839 paulisper,
801 776 901 821 8888
932 755 1098 838 perditum
1119 757 1193 836 iret,
1245 752 1408 819 libertatis
1433 762 1623 837 praetextu,
1653 754 1784 838 quidvis
1813 761 1846 819 et
1867 761 2000 819 nostrae
2022 761 2057 818 et
2084 753 2227 818 aliorum

213 843 413 911 obstiteram.
459 840 549 922 Quia
571 849 682 907 881888
706 863 748 906 ex
770 840 1069 925 augustinensium
1092 862 1194 926 grege
1245 838 1373 905 hbrdmr
1395 840 1602 922 permittere:
1631 861 1698 905 888
1721 841 1785 906 8118
1805 848 1952 923 spectare
1977 839 2227 919 8881888188-

213 935 299 1006 erat,
334 949 393 1011 per
421 947 555 993 suorum
584 933 680 990 antra
700 926 939 1006 obambulans,
973 949 1008 992 se
1041 926 1194 999 exsulare
1245 925 1379 1005 trinam,
1401 925 1466 990 nisi
1488 925 1696 992 8118881888
1717 926 1844 1010 legibus
1867 925 1948 991 (11881
1971 924 2103 1007 1188888
2125 924 2227 989 soluti

212 1013 366 1079 flebiliter
387 1011 559 1090 narrabat,
574 1011 675 1094 ,quod
696 1012 779 1094 meis
805 1012 997 1079 haeresibus
1019 1013 1092 1094 ipse
1113 1018 1211 1096 quo·v
1232 1012 1316 1092 8188
1343 1009 1441 1091 modo
1470 1019 1504 1075 81
1530 1011 1692 1079 modestia
1709 1011 1894 1083 ,exsultent
1944 946 2034 1091 88181
2061 1011 2228 1076 contineat

22 1144 25 1148 -
212 1120 276 1183 que
301 1106 389 1164 esset
417 1097 621 1166 adversatus.
666 1097 737 1163 Neo
766 1106 943 1165 uerotam
970 1097 1023 1163 de-
1038 1098 1126 1164 illius
1153 1117 1205 1171 88,
1246 1095 1691 1180 118818188-,88881888111888
1713 1097 1790 1164 libri
1812 1097 1940 1164 facient.
1958 1094 2056 1173 ‚fied
2076 1096 2227 1171 hostibus
2317 1106 2320 1108 ’

60 1216 63 1222 .
158 1230 161 1235 -
210 1185 370 1251 similium
388 1184 536 1266 nequitia
557 1204 687 1265 queror,
718 1203 820 1266 quam
844 1204 896 1248 me
918 1183 975 1248 illa
995 1184 1063 1249 urit
1081 1182 1193 1268 indig-
1246 1182 1380 1248 scilicet
1400 1184 1470 1266 tam
1495 1182 1635 1248 liberum
1665 1189 1716 1247 est
1743 1182 1832 1266 apud
1861 1200 1917 1258 888
1943 1181 2092 1259 mentiri,
2120 1184 2179 1264 qui,
2190 1201 2233 1259 a
2275 1178 2330 1252 β
2374 1204 2379 1212 ·

119 1318 123 1326 .
211 1272 308 1349 nitas,
330 1268 1050 1355 8881188188188888188811811888111118
1066 1270 1191 1335 nostris
1245 1267 1442 1357 scriptorum
1461 1276 1650 1334 nostrorum
1667 1268 1808 1353 lectione
1821 1271 1990 1355 siccatur,
2012 1267 2226 1356 quamnobis
2358 1292 2374 1307 ¹·

212 1356 396 1438 discunt,³)
428 1353 588 1436 mercedis
616 1354 706 1419 8188Ι
722 1347 876 1420 scandala
903 1376 945 1420 ex
976 1353 1047 1429 illis
1064 1354 1192 1420 lacunis
1244 1358 1450 1435 supervacua
1478 1353 1565 1436 apud
1593 1354 1732 1420 lectores
1755 1351 1939 1436 ’8881888118
1990 1351 2084 1430 Scire
2103 1344 2243 1441 ,tamem
2318 1355 2333 1385 ·’

62 1481 64 1485 -
142 1497 145 1501 .
207 1441 333 1506 hausta
350 1441 484 1523 crepare
506 1460 572 1503 non
595 1438 755 1504 dubitant.
799 1520 803 1525 ³
829 1468 833 1473 ‘²
865 1469 867 1472 ·
914 1449 921 1464 '
949 1506 950 1510 ,
1058 1446 1066 1490 ἲ
1178 1440 1184 1453 “
1245 1440 1394 1521 primum
1410 1437 1525 1517 velim,
1552 1438 1718 1522 quodnam
1737 1438 1829 1504 'illud
1851 1440 1986 1511 sittam
2004 1434 2108 1522 grave
2128 1438 2250 1504 111881·
2342 1436 2361 1497 ἶ·.

128 1598 130 1601 ,
300 1524 368 1591 Sed
385 1527 496 1608 inepte
515 1525 606 1604 facio,
630 1525 686 1608 qui
705 1523 899 1607 colligendis
917 1525 995 1612 istis
1007 1525 1193 1609 quisquiliis
1267 1523 2226 1611 11888188888,88818888811888881888188888888811,
2268 1543 2277 1586 ·.
2319 1554 2324 1563 ·
2377 1548 2379 1559 ¹

213 1618 247 1677 ct
265 1632 321 1677 me
343 1616 377 1675 et
397 1610 537 1676 lectores
558 1631 727 1692 occupem,
758 1610 822 1675 nisi
845 1608 932 1692 quod
952 1610 989 1673 in
1009 1631 1193 1695 paucorum
1278 1630 1361 1692 eque
1384 1604 1474 1681 enim
1495 1617 1589 1674 tanta
1609 1631 1756 1692 unquam
1786 1609 1850 1675 fuit
1876 1608 2017 1696 papatus
2039 1611 2226 1687 austeritas,
2354 1606 2361 1614 ’

212 1697 383 1762 hominum
397 1696 546 1779 personis
561 1695 656 1778 quasi
677 1696 919 1779 repraesentari
937 1696 1091 1779 oportuit,
1114 1695 1206 1778 quid‘
1246 1696 1326 1777 quin
1348 1704 1418 1759 toto
1440 1716 1526 1759 anno
1544 1695 1611 1759 11118
1632 1704 1665 1760 81
1682 1696 1827 1777 88881881,
1851 1704 1884 1760 81
1906 1695 2034 1773 saltare,
2058 1702 2091 1759 et
2109 1696 2227 1778 intem·
2251 1698 2257 1705 '

212 1783 335 1867 passim
364 1790 397 1847 ct
421 1779 566 1864 quotidie
594 1781 667 1845 fieri
696 1803 715 1853 8
746 1781 910 1864 plerisque
940 1781 1053 1847 soleat.
1107 1781 1193 1846 Aliis
1245 1788 1400 1863 peranter
1429 1779 1577 1846 diffluere
1605 1782 1695 1845 omni
1730 1780 1876 1867 luxuria,
1911 1786 1947 1845 et
1970 1782 2226 1847 comessationes

211 1868 299 1932 ultra
320 1867 453 1931 modum
475 1866 573 1951 rigidi
597 1887 711 1932 sumus
734 1875 768 1932 et
789 1867 1019 1949 implacabiles.
1054 1866 1192 1946 Vemm
1245 1866 1380 1948 agitare,
1404 1866 1520 1930 818188
1541 1865 1665 1945 ludere,
1688 1874 1721 1931 81
1742 1866 1847 1931 modis
1864 1865 2016 1932 omnibus
2038 1866 2226 1950 protervire

118 2030 125 2039 ι
211 1953 342 2036 qualem
365 1973 385 2016 8
407 1951 500 2017 88118
529 1951 739 2017 clementiam
760 1952 946 2034 postulent,
977 1972 1094 2035 operae
1117 1972 1192 2036 pre·
1245 1950 1387 2016 licuerit:
1425 1950 1522 2016 modo
1555 1952 1656 2017 semel
1687 1961 1762 2034 post
1794 1973 1940 2017 annuam
1971 1951 2224 2035 indulgentiam,

93 2050 96 2053 ’
209 2038 297 2102 tium
320 2046 369 2102 881
390 2056 596 2121 cognoscere.
639 2037 770 2102 Iniuste
786 2038 866 2104 laesi
889 2038 1107 2122 ignoscimus:
1130 2058 1192 2104 nec
1246 2037 1371 2119 quiite
1392 2037 1543 2118 88881188
1564 2037 1738 2116 vixerunt,
1761 2037 1797 2103 in
1820 2057 1933 2102 aurem
1954 2038 2109 2115 sacrifici,
2132 2036 2227 2119 quasi

208 2122 367 2188 ultionem
395 2123 574 2201 sumimus,
600 2123 700 2187 etiam
728 2123 757 2186 81
784 2123 827 2188 811
858 2121 900 2187 ad
927 2142 1072 2188 manum.
1118 2122 1192 2188 Hoc
1245 2121 1399 2204 crapulae
1419 2123 1564 2200 vomitu,
1592 2144 1628 2187 ae
1657 2124 1887 2203 8888888812)
1932 2121 2099 2203 Quorsum
2120 2123 2227 2205 igitur

209 2208 275 2273 illis
302 2229 369 2272 non
398 2207 476 2273 satis
506 2216 571 2272 est:
606 2207 723 2272 volunt
750 2215 921 2291 praeterea
950 2208 1192 2274 8888888818
1244 2207 1281 2271 18
1303 2215 1372 2272 tam
1395 2205 1553 2273 dissoluta
1580 2207 1713 2273 11888118
1741 2208 1803 2273 188
1824 2207 1962 2273 ultimae
1984 2206 2226 2292 desperationis

210 2292 373 2376 gremium
406 2300 557 2358 nostmm
591 2293 706 2375 recipi,
741 2314 778 2358 ac
813 2295 841 2359 si
869 2295 1028 2376 optimam
1061 2314 1192 2379 semper
1244 2291 1427 2357 remedium
1442 2313 1598 2376 quaerere
1616 2293 1797 2358 attinebat?
1831 2293 1939 2372 Certe,
1959 2295 2061 2377 siqui
2078 2313 2226 2375 unquam

208 2378 307 2444 fidem
334 2379 585 2461 praestitissent.
631 2377 721 2459 Quid
754 2379 816 2445 boc
849 2379 921 2445 8811
961 2380 1022 2446 Ut
1053 2381 1191 2445 circum·
1244 2398 1355 2442 rorum
1377 2399 1537 2448 novarum
1557 2378 1665 2461 cupidi
1683 2380 1825 2458 fuerunt,
1849 2399 1915 2443 non
1939 2384 2014 2457 [pag.
2033 2383 2087 2457 ee]
2111 2387 2231 2443 tamen

209 2465 334 2547 scripti,
357 2464 487 2546 proditi,
511 2474 569 2528 aut
586 2463 763 2529 crudeliter
781 2464 905 2542 violati,
928 2484 994 2528 non
1013 2465 1191 2530 audeamus
1244 2463 1524 2547 priuacceperuut
1539 2464 1743 2542 tumultuari,
1764 2486 1863 2547 quam
1882 2464 1937 2529 ubi
1958 2485 2025 2530 888
2043 2463 2140 2528 811188
2156 2465 2226 2528 iam
2294 2471 2297 2475 '
2323 2480 2325 2487 “

210 2548 350 2614 8811818
364 2560 531 2631 posterum
546 2548 685 2614 cavero?
714 2549 762 2614 At
774 2549 862 2632 ipsos
874 2550 1027 2632 poenitet.
1053 2551 1190 2632 Nempe,
1244 2569 1318 2630 spes
1337 2559 1415 2627 crat,
1438 2549 1782 2631 88118888881881888.
1817 2549 1918 2614 Nulla
1935 2570 2015 2614 vero
2032 2547 2226 2614 lasciviendi

210 2655 311 2715 quum
335 2636 417 2698 meri
440 2635 505 2699 sint
528 2634 690 2712 crocodili,
714 2654 781 2698 una
803 2634 1023 2719 18888888184)
1047 2637 1192 2718 8881118·
1244 2634 1399 2716 88811181)
1428 2635 1562 2699 titillare
1592 2656 1651 2700 nos
1683 2636 1806 2718 potuit,
1840 2637 1932 2704 88188
1963 2655 2028 2700 888
2061 2636 2227 2718 permissa

210 2721 252 2783 118
275 2716 373 2782 fidem
396 2720 534 2783 emereri
556 2719 682 2784 volunt.
727 2719 793 2784 Hic
815 2739 893 2803 8888
916 2730 966 2784 881
987 2721 1190 2785 1818888888
1243 2718 1443 2784 8811818881
1469 2721 1649 2802 impunitas
1679 2721 1740 2787 881
1767 2731 1900 2803 papatu.
1944 2723 1991 2785 At
2013 2720 2063 2785 bis
2090 2719 2225 2802 quidem

210 2813 323 2869 noster
360 2803 415 2868 ille
443 2803 550 2887 rigor,
586 2804 671 2886 qued
701 2825 761 2870 nos
800 2804 866 2871 illis
899 2805 1095 2888 iugulandos
1124 2827 1190 2870 non
1243 2804 1375 2869 ridiculi
1402 2814 1482 2873 sunt
1507 2814 1648 2888 papatus
1679 2806 1913 2886 encomiastae,
1949 2805 2027 2871 dum
2054 2814 2223 2870 austeram

211 2896 326 2971 sponte
348 2889 554 2971 praebemus.
600 2888 669 2955 Sed
691 2889 732 2955 de
754 2890 893 2972 privatis
915 2891 1038 2956 nostris
1060 2891 1190 2956 iniuriis
1243 2911 1338 2955 suam
1359 2889 1576 2973 disciplinam,
1599 2899 1633 2956 et
1653 2890 1929 2975 quasiSpartana
1950 2892 2103 2956 instituta
2124 2911 2224 2973 prae-

209 2974 319 3042 dicere
354 2973 557 3056 supersedeo.
618 2974 776 3041 Graviter
807 2977 951 3042 offensus
987 2976 1051 3041 8811
1080 2976 1188 3042 Ι)888;
1243 2975 1362 3040 dicant.
1408 2974 1492 3057 Quis
1513 2977 1600 3040 enim
1629 2976 1790 3043 monacho
1812 2976 1924 3044 credet
1944 2977 2053 3060 plenis
2075 2984 2108 3041 et
2128 2977 2224 3042 rubi·
2315 3032 2317 3036 .

208 3065 324 3124 notum
346 3060 472 3126 crimen
495 3068 528 3126 et
556 3060 688 3143 pessimi
711 3061 854 3145 exempli
880 3060 1075 3127 admissum:
1109 3063 1190 3146 quin
1243 3060 1359 3126 cundia
1387 3061 1498 3126 buccis
1507 3062 1536 3145 ⁴)
1564 3083 1624 3128 888
1646 3063 1767 3127 ieiunia
1790 3063 1958 3141 laudanti?
2003 3061 2224 3146 1181818888-

209 3145 309 3210 etiam
343 3145 467 3212 scelera
495 3145 672 3212 sceleribus
702 3146 802 3229 aliqui
834 3147 1056 3213 cumulabunt.
1101 3148 1190 3213 Con·
1241 3147 1290 3212 188
1313 3166 1385 3211 esse
1406 3145 1544 3229 putabit,
1567 3168 1648 3230 quos
1669 3148 1704 3211 in
1727 3148 1842 3232 888818
1865 3169 1938 3214 esse
1959 3147 2125 3213 demersos
2146 3147 2224 3211 ubiz

208 3230 299 3310 victi,
329 3231 459 3314 culpam
483 3230 619 3297 dimidia
641 3253 682 3297 ex
704 3240 800 3316 parte
822 3234 976 3297 18188188.
1022 3232 1190 3299 confessis
1243 3252 1308 3315 888
1330 3239 1445 3300 notum
1474 3232 1545 3298 est?
1590 3233 1637 3299 Ut
1667 3254 1734 3298 888
1761 3235 1864 3299 verbo
1885 3230 2100 3312 ·ooncludam,
2128 3240 2224 3299 totus

208 3316 275 3382 uisi
296 3318 409 3382 omnia
429 3326 567 3382 manent
585 3319 726 3401 integra,
755 3338 793 3383 ac
815 3319 844 3383 si
865 3340 1034 3401 nunquam
1058 3340 1190 3404 peccas·
1241 3318 1310 3382 1888
1338 3317 1445 3383 clerus
1472 3318 1600 3401 papalis
1634 3326 1729 3384 vasta
1757 3319 1876 3385 lacuna
1902 3328 1952 3386 est
1985 3340 2096 3391 omne,
2114 3340 2224 3402 genus

210 3409 293 3479 sent,
316 3403 491 3470 seueritate
513 3410 625 3468 nostra
647 3425 681 3469 se
702 3403 743 3469 ad
762 3402 1024 3487 desperationem
1043 3406 1115 3488 cogi
1133 3403 1190 3468 de-
1242 3402 1411 3483 888188888,
1434 3425 1517 3486 8888
1535 3426 1601 3469 888
1619 3403 1715 3469 modo
1732 3427 1829 3471 suum
1846 3403 2224 3490 188188888188881818-

209 3487 351 3570 plorant.
396 3489 470 3572 Ego
492 3497 602 3554 autem
624 3490 877 3571 poenitentiam,
906 3511 1008 3573 quum
1033 3512 1087 3555 res
1110 3490 1190 3555 adeo
1242 3488 1469 3572 8888818181,
1492 3489 1741 3556 sedmortifera
1761 3492 2127 3575 888188188818881881
2143 3489 2225 3555 reli-

209 3574 372 3652 88888811,
396 3593 462 3640 non
481 3594 577 3656 88888
595 3596 637 3639 ex
654 3575 782 3658 frigidis
800 3576 904 3659 signis
922 3576 1088 3641 aestimari
1107 3575 1187 3642 dico.
1241 3596 1322 3656 quos
1344 3575 1460 3639 mundi
1478 3575 1618 3641 ordines.
1664 3575 1849 3655 Caeterum,
1872 3584 1911 3642 ut
1932 3577 2082 3659 sancte⁶)
2104 3583 2138 3640 et
2159 3597 2224 3658 pu·

209 3657 348 3735 Deinde,
374 3664 448 3737 [pag.
469 3663 523 3738 87]
552 3680 651 3742 quam
678 3660 761 3725 mihi
788 3662 1024 3743 poenitentiam
1053 3662 1187 3740 iactant,
1242 3659 1312 3725 dice
1334 3663 1443 3724 omnia
1468 3660 1555 3744 apud
1582 3683 1638 3727 888
1667 3663 1846 3746 composita
1874 3682 1947 3728 esse
1969 3661 2100 3728 demus:
2133 3661 2224 3744 quod

209 3765 291 3826 quos
309 3744 390 3808 adeo
400 3766 466 3811 nou
477 3744 632 3809 humiliat
642 3747 768 3828 peccati
786 3747 836 3810 881
855 3747 988 3829 8881118,
1008 3756 1047 3811 81
1058 3767 1188 3815 aeream
1241 3754 1354 3811 tamen
1365 3766 1496 3811 mamm
1514 3749 1708 3826 castitatem,
1726 3767 1809 3830 quae
1821 3769 1933 3812 eorum
1946 3746 2074 3831 legibus
2087 3749 2224 3813 astricta

207 3829 348 3893 frontem
370 3828 480 3893 triduo
501 3831 632 3912 888118
653 3836 846 3914 suggestum
869 3831 1018 3896 attollere
1039 3853 1105 3897 non
1128 3832 1187 3897 du·
1241 3839 1320 3908 erat,
1344 3831 1451 3896 laxari
1471 3853 1491 3898 a
1513 3832 1608 3899 nobis
1625 3832 1772 3915 solvique
1795 3833 1919 3912 dicunt,
1942 3833 1984 3898 ad
2002 3834 2063 3898 hoc
2084 3833 2223 3897 menda-

209 3912 337 3978 bitent?
382 3913 556 3978 Monachis
577 3914 713 3979 solenne
734 3916 805 3991 1811,
833 3914 992 3998 quidquid
1013 3918 1048 3982 in
1070 3918 1189 3983 sodali·
1240 3918 1329 3982 cium
1350 3917 1576 3996 refellendum,
1600 3940 1666 3982 non
1684 3918 1764 3984 alios
1786 3918 1892 3985 citabo
1911 3927 2022 3996 testes,
2045 3939 2144 4001 quam
2164 3919 2225 4000 qui

210 3999 274 4063 188
301 3999 502 4082 flagitiorum
531 4008 616 4078 crat,
648 4000 684 4063 in
717 4000 875 4065 honorem
909 4001 1033 4066 ordinis
1064 4011 1187 4085 tegere.
1240 4003 1334 4067 nobis
1356 4002 1503 4084 quotidie
1524 4001 1656 4068 molesti
1677 4013 1765 4082 snut,
1787 4003 2023 4085 quod-omnem
2046 4003 2107 4068 sibi
2130 4012 2223 4068 vete·

209 4083 340 4148 Morem
369 4084 459 4148 hunc
487 4084 524 4147 in
551 4084 876 4151 ecclesiam-Obristi
903 4086 1062 4152 invehere
1091 4088 1190 4152 multi
1241 4108 1313 4151 rem
1334 4087 1527 4151 1188181888
1543 4088 1730 4170 ademptam
1752 4096 1943 4173 queruntur.
1988 4088 2080 4154 Nihil
2102 4086 2223 4167 dicam,

209 4181 381 4252 cuperent:
410 4190 470 4253 ego
491 4178 602 4234 autem
624 4190 691 4233 non
712 4170 831 4237 melina
853 4170 1024 4239 christiani
1045 4174 1189 4239 nominis
1241 4170 1327 4254 quod
1359 4192 1426 4236 non
1459 4173 1611 4238 omnibus
1649 4175 1692 4238 sit
1723 4175 1967 4259 pervulgatum.
2022 4171 2223 4256 Quicunque

209 4252 328 4319 honori
349 4255 476 4321 consuli
502 4276 597 4338 posse
619 4256 796 4335 contendo,
825 4277 924 4340 quam
946 4257 975 4324 si
997 4277 1017 4321 a
1038 4256 1189 4324 sordibus
1241 4256 1329 4339 apud
1350 4278 1411 4323 nos
1433 4257 1609 4337 libidinosi,
1637 4258 1910 4344 intemperantes,
1938 4261 2098 4343 protervi,
2119 4260 2223 4325 licere

210 4340 275 4404 Dei
296 4341 457 4422 templum
479 4347 684 4425 repurgetur.
1240 4343 1381 4426 cupiunt
1401 4343 1489 4427 quod
1509 4344 1658 4422 libuerit,
1687 4365 1742 4410 eos
1765 4345 1888 4412 diceres
1910 4344 2126 4413 conductitios
2147 4365 2223 4420 esse

297 4423 366 4490 Sed
386 4427 453 4490 iam
475 4428 511 4491 in
533 4426 710 4492 recitandis
732 4427 916 4506 calumniis,
944 4428 1063 4510 quibus
1084 4430 1188 4495 nebu·
1239 4449 1345 4512 papae
1365 4429 1489 4495 milites
1515 4431 1552 4495 in
1578 4450 1642 4514 opp
1713 4429 1798 4497 ando
1826 4431 2005 4516 evangelio.
2049 4431 2120 4497 Nec
2141 4446 2222 4496 cau⁴

209 4508 1188 4597 188885)8881188888881888888188811188888818188
1240 4535 1311 4579 sam
1340 4513 1565 4594 dissimulant,
1601 4536 1665 4599 quo
1716 4517 1779 4582 sibi
1805 4518 1941 4582 minime
1968 4516 2148 4582 tolerabilis
2177 4516 2223 4583 sit

209 4601 362 4660 nestrum
383 4597 568 4675 maluerant,
596 4597 773 4663 verborum
793 4597 870 4681 plus
891 4601 972 4664 satis
990 4602 1187 4684 consumpsi.
1240 4600 1349 4683 prisca
1376 4601 1457 4668 haec
1485 4608 1519 4666 et
1546 4602 1667 4682 tristis,
1695 4610 1734 4667 ut
1761 4611 1893 4683 vocant,
1923 4601 2099 4679 severitas,
2134 4623 2222 4686 quae

281 4798 310 4862 1)
328 4799 348 4854 11
366 4799 409 4854 181
427 4802 562 4856 88888181
580 4801 614 4856 de
632 4800 700 4856 faire
718 4802 913 4872 banqueroute.
1855 4834 1859 4841 ·

280 4867 310 4930 2)
330 4867 405 4922 Aac.
423 4886 494 4938 pour
511 4869 627 4939 quelque
646 4870 740 4926 8118188
758 4872 797 4948 de
810 4870 930 4941 l’Eglise.
1309 4872 1340 4941 1)
1375 4889 1410 4928 ue
1433 4874 1599 4945 desgorgent
1626 4873 1667 4930 les
1690 4874 1816 4943 Papistea
1845 4881 1940 4929 888188
1966 4879 2060 4928 888188
2087 4873 2222 4944 deumne,
2311 4883 2313 4886 ’

279 4934 310 5016 1)
329 4936 375 5005 881
393 4944 571 5019 8888888881,
589 4940 613 4993 81
629 4953 684 5007 888
702 4938 780 5008 qu'ils
800 4947 908 5010 888881,
932 4940 966 4995 de
987 4957 1039 4998 nos
1060 4942 1142 4997 lirres
1160 4948 1189 4997 et
1240 4959 1311 5012 pour
1328 4890 1451 4998 11188888
1468 4950 1530 4998 1881
1548 4949 1735 4998 ouvencmcnt
1754 4951 1782 4998 81
1798 4943 1962 5012 8181888881
1979 4939 2139 5011 1118888118.

210 5005 252 5058 188
270 5004 354 5058 haent
371 5012 434 5060 tous
451 5007 493 5062 les
510 5022 592 5061 roura.
1182 5040 1186 5045 ·
1309 5008 1340 5075 2)
1358 5009 1470 5079 Arda
1487 5012 1617 5080 Parquea.
1954 5052 1958 5055 .

166 5148 169 5153 Ι
281 5070 312 5137 4)
331 5072 404 5127 Add
427 5075 505 5143 88118
527 5083 626 5129 aurant
649 5076 780 5131 88888118
804 5075 931 5145 agrand'
953 5079 1034 5146 pe'me
1057 5078 1090 5133 de
1115 5079 1189 5134 leurs
1310 5078 1341 5145 3)
1359 5079 1464 5148 8881118,
1481 5078 1609 5135 samanar
1626 5086 1655 5132 81
1672 5080 1746 5140 vivre
1764 5095 1802 5134 en
1815 5094 1883 5146 gens
1900 5077 2045 5145 dissolun,

208 5148 310 5273 yetlxb)
329 5208 370 5263 lea
388 5225 517 5266 courcurs
535 5219 681 5267 88881888
699 5211 837 5267 carailles
1308 5148 1342 5280 11
1360 5161 1497 5284 1111181111
1512 5163 1600 5271 22⁸5
1613 5147 1724 5271 1111111Θ
1742 5154 1771 5202 et
1787 5164 1823 5202 un
1841 5154 1936 5203 vem
1954 5146 1988 5205 de
2005 5162 2114 5202 mem
2180 5158 2182 5164 ⁸
