4762 5918
158 338 199 400 ea
978 328 1043 400 66
1071 329 1345 400 6616611116.
1762 368 1765 371 ff
1923 390 1928 399 .
2131 337 2198 434 611
2294 293 2316 329 ⁹

55 575 60 585 .
156 521 274 588 ultima
295 515 477 583 internecio
499 523 665 599 appareat.
701 514 773 584 Sub
790 518 971 583 Persarum
988 518 1135 601 11666116,
1187 517 1391 584 vocationem
1414 537 1508 585 suam
1525 523 1716 584 constanter
1732 521 1925 603 persequuti
1942 529 2030 589 6661
2067 523 2168 592 Ν666
2224 515 2227 520 ’

155 605 289 673 16616161
306 622 423 669 661616
440 601 583 668 conditio
599 603 700 668 fuerit
716 601 903 680 tolerabilis,
923 610 1035 667 tamen
1045 601 1137 667 velut
1185 622 1265 669 vero
1275 608 1346 667 tem
1356 602 1504 668 animosa
1524 622 1640 669 eorum
1661 605 1840 670 strenuitas
1858 627 1924 671 non
1943 607 2042 674 modo
2059 609 2167 677 instar

156 712 236 759 oves
257 688 450 756 mactationi
473 687 670 767 destinatae,
693 709 811 771 parum
833 708 853 752 a
874 688 1010 753 macello
1032 689 1135 753 inter·
1186 687 1341 766 vehiculi,
1363 686 1450 771 quod
1466 687 1654 753 lassitudini
1671 695 1804 756 nostrae
1821 689 2001 772 medeatur,
2020 691 2078 760 sed
2094 694 2166 762 1666

156 777 236 843 dum
264 774 451 840 abfuerunt.
501 773 552 837 Ne
581 773 758 840 immanem
788 793 887 839 suum
915 773 1077 856 impetum
1098 773 1135 837 in
1186 771 1315 838 alarum
1332 793 1404 840 6666
1420 772 1515 838 nobis
1533 771 1638 854 debet,
1662 775 1779 856 quibus
1796 796 1897 860 supra
1917 775 2039 844 arduas
2054 800 2165 866 rupes,

130 857 649 946 66661616616161116166161,
672 857 802 926 coelesti
819 858 950 923 oraculo
969 858 1133 924 cohibitus
1186 859 1335 941 spinosos
1374 857 1611 942 perplexosque
1650 858 1753 925 saltus
1786 866 1821 927 61
1850 862 1986 943 6666116
2024 865 2166 948 abrupta

70 1015 76 1022 ,
156 948 229 1014 ruit.
284 943 399 1025 Quum
432 952 618 1026 16166661
656 944 727 1009 eius
766 949 906 1007 mortem
940 941 1060 1028 Syriae
1100 950 1135 1010 61
1186 942 1436 1009 transvolemus.
1482 942 1634 1009 Eventus
1655 951 1768 1009 autem
1789 945 1955 1028 laetiores,
1979 950 2036 1032 qui
2057 949 2165 1018 fidelis
2231 946 2236 955 ’

156 1031 302 1116 Aegypti
324 1050 435 1113 16666,
463 1029 557 1111 quasi
580 1029 786 1094 truculentae
807 1028 931 1104 bestiae
953 1030 988 1093 in
1008 1028 1134 1094 rabiem
1185 1029 1221 1091 in
1252 1026 1414 1095 servanda
1445 1028 1581 1095 eeclesia
1607 1029 1671 1094 Dei
1704 1049 1803 1096 curae
1834 1036 1937 1099 testes
1969 1041 2065 1112 sunt,
2099 1037 2164 1102 nisi

119 1180 124 1187 .
156 1136 325 1193 aecemae,
357 1121 474 1179 mutuo
506 1134 542 1178 66
575 1112 813 1197 116661661661,
845 1133 907 1181 nec
934 1112 1021 1180 ullus
1047 1119 1134 1179 esset
1185 1133 1317 1179 6166616
1344 1112 1492 1180 scandali
1519 1134 1654 1180 sensum
1682 1115 1775 1180 nobis
1803 1115 1936 1196 tollant,
1967 1119 2043 1202 plus
2075 1121 2163 1186 insto

158 1203 245 1269 61116
267 1201 413 1281 61116666
435 1198 604 1264 saeviendi
621 1198 707 1278 finis,
730 1199 804 1281 quis
821 1195 1008 1283 gentamiu
1024 1198 1133 1264 medio
1185 1219 1300 1264 sumus
1316 1199 1432 1274 molles
1447 1220 1485 1265 ac
1503 1197 1641 1265 delicati.
1679 1200 1751 1265 Imo
1769 1200 1833 1268 1166
1846 1201 2163 1272 166111166116161616
2266 1231 2270 1235 ·

156 1289 254 1356 611661
272 1294 306 1352 61
323 1285 495 1367 utriusque
512 1283 640 1349 libidini
656 1285 840 1366 expositam
858 1283 914 1348 diu
931 1285 1000 1349 fore
1018 1304 1134 1367 super·
1184 1283 1358 1349 ferendum
1379 1292 1443 1364 est,
1476 1285 1505 1350 si
1526 1285 1563 1349 in
1583 1284 1682 1368 plano
1704 1286 1822 1351 itinere
1844 1286 2163 1374 scandalumprava

156 1375 269 1440 stitem
296 1369 482 1453 sperasset?
526 1369 597 1434 Nec
618 1388 698 1434 sane
720 1376 828 1435 totae
848 1375 919 1434 tam
944 1369 1044 1436 variis
1067 1369 1133 1436 616-
1184 1369 1419 1453 imaginatione
1441 1369 1534 1437 nobis
1555 1370 1617 1453 ipsi
1640 1370 1819 1438 obiicimus.
2242 1387 2246 1396 ’

130 1457 252 1524 dibus
264 1456 392 1523 deiecta
402 1455 556 1534 stetisset,
578 1454 643 1521 6161
653 1454 763 1519 Deum
775 1453 944 1521 habuisset
955 1453 1131 1533 custodem,
1270 1453 1369 1535 Quod
1401 1456 1429 1520 si
1462 1455 1498 1519 16
1531 1456 1637 1521 161611
1668 1458 1789 1555 666616
1828 1457 1891 1523 hoo
1922 1457 2001 1524 boni
2033 1478 2164 1543 semper

154 1563 324 1625 manuque
345 1543 416 1606 6166
438 1540 574 1605 suffulta
592 1547 686 1606 esset
722 1538 872 1605 Tandem
890 1540 951 1606 sub
969 1539 1043 1605 dira
1059 1542 1132 1605 An·
1184 1539 1373 1606 habuerunt
1394 1540 1550 1608 ecelesiae
1570 1542 1750 1607 infortunia
1771 1548 1995 1609 etaerumnae
2012 1551 2050 1609 ut
2068 1566 2165 1631 6166-

155 1628 257 1695 116611
278 1624 470 1711 tyrannide,
496 1624 590 1708 quasi
611 1626 647 1689 in
669 1622 867 1707 profundum
888 1627 1056 1710 gurgitem
1076 1625 1132 1690 de-
1184 1625 1310 1691 sentius
1332 1624 1397 1690 Dei
1419 1625 1579 1691 auxilium
1601 1646 1713 1692 secum
1736 1627 1920 1705 adferrent,
1943 1649 1981 1693 ac
2004 1649 2067 1712 666
2088 1650 2163 1714 616-

154 1735 274 1792 mersa,
292 1711 419 1777 nullam
436 1710 576 1793 amplius
593 1709 677 1776 lucis
693 1709 998 1781 scintillamintoto
1008 1708 1131 1778 mundo
1184 1712 1255 1777 vior
1282 1711 1346 1776 fuit
1374 1713 1479 1777 crucis
1506 1732 1661 1795 pressura
1688 1733 1725 1777 66
1754 1712 1874 1779 elarius
1902 1712 2046 1779 ostendit
2067 1714 2163 1781 Deus

155 1800 264 1866 habet.
299 1798 383 1862 Tota
404 1797 494 1879 16616
517 1795 679 1880 66666166
697 1795 832 1861 1666116
853 1796 1008 1862 exundat
1049 1796 1131 1862 Hie·
1183 1815 1245 1862 sua
1276 1805 1375 1862 manu
1409 1796 1491 1879 61161
1523 1797 1708 1874 6661661616,
1747 1806 1953 1882 erectamque
1986 1801 2162 1867 sustineri:

156 1884 321 1969 rosolyma
340 1879 507 1947 horrenda
528 1879 726 1949 cadaverum
743 1879 769 1964 ¹)
792 1888 902 1966 strage
923 1882 1017 1964 quasi
1038 1883 1132 1965 pavi-
1183 1887 1257 1961 [pag.
1277 1886 1334 1961 46]
1361 1882 1423 1948 sub
1445 1902 1548 1967 16666
1571 1882 1697 1949 Christi
1724 1882 1824 1967 16666
1846 1884 1965 1950 clarior
1986 1893 2039 1951 est
2060 1887 2161 1957 huius

156 1967 462 2036 616616616161161.
506 1966 549 2031 In
575 1964 902 2048 16166166611666161
932 1967 1132 2034 exsecrabile
1183 1968 1231 2031 rei
1259 1976 1461 2051 conspectus.
1512 1966 1551 2033 Si
1579 1987 1638 2050 661
1665 1969 1836 2034 666116666
1864 1970 1954 2052 pacis
1981 1990 2161 2051 successus,

157 2054 292 2122 idolum.
328 2049 1131 2137 11611116Βοὶ16611161166161661661166666166
1183 2052 1354 2118 florentem
1381 2051 1625 2135 iucundumque
1653 2060 1776 2118 statum
1801 2055 1994 2119 retinuisset
2018 2057 2162 2136 ecclesia,

106 2184 113 2194 -
158 2140 308 2226 gentium
339 2139 422 2202 ritus
455 2157 595 2221 regnum
627 2143 804 2218 occupant..
840 2137 884 2202 In
914 2138 1026 2222 ignem
1054 2157 1131 2219 pro-
1183 2156 1226 2201 61
1248 2158 1311 2221 666
1331 2136 1491 2220 publicari
1512 2137 1618 2220 eoepit
1639 2138 1849 2221 evangelium
1873 2139 2013 2204 mundo:
2043 2162 2162 2225 nempe

155 2223 421 2292 11616616166611
443 2221 662 2300 6616661111,
685 2228 725 2286 ut
741 2220 806 2288 Dei
824 2223 948 2288 veritas
965 2243 1007 2289 61
1024 2223 1132 2288 homi·
1184 2222 1264 2288 haec
1290 2224 1406 2289 fuisset
1434 2223 1626 2288 humanitus
1654 2223 1777 2289 usitata
1799 2224 1897 2302 16116,
1926 2245 2026 2307 66616
2048 2246 2161 2292 661666

155 2330 239 2376 6661
270 2309 429 2375 memoria
461 2307 592 2390 penitus
622 2306 761 2373 excidat.
812 2306 974 2392 Quisquis
1004 2307 1132 2374 hiscere
1183 2309 1396 2391 contemptim
1423 2309 1666 2390 praeterissent.
1715 2308 1843 2374 Verum
1871 2330 1974 2391 quum
2002 2310 2161 2378 adversus

156 2394 266 2474 audet,
288 2396 354 2460 ime
372 2393 521 2478 quisquis
538 2391 860 2477 doloreingemiscit,
883 2414 921 2460 66
939 2414 1004 2458 666
1021 2394 1131 2476 potius
1183 2393 1336 2477 exiguam
1366 2399 1400 2458 et
1426 2392 1707 2542 contemptibilem
1733 2411 1870 2459 manum
1890 2395 2042 2477 protinus
2064 2397 2162 2461 effer·

156 2502 193 2548 se
214 2477 342 2565 perfida
362 2479 573 2545 simulatione
595 2479 809 2557 contaminat,
838 2479 989 2562 61611666
1015 2477 1057 2543 ad
1083 2479 1131 2543 la·
1183 2476 1316 2543 buerint
1365 2478 1491 2543 entium
1518 2479 1733 2561 6116661666
1766 2479 1916 2544 61661661
1943 2479 2161 2564 6111666616

151 2563 516 2648 616666161611611161.
551 2563 746 2643 Maccabaei,
768 2584 844 2630 oum
853 2584 956 2629 manu
977 2585 998 2629 a
1019 2584 1054 2630 66
1065 2562 1131 2628 ool·
1182 2584 1303 2630 nomen
1330 2500 1548 2630 christianum
1578 2564 1635 2629 diu
1662 2564 1710 2629 sic
1739 2564 1838 2630 166111
1866 2563 1987 2649 611666
2015 2567 2161 2637 invisum

153 2651 255 2730 16616,
288 2652 324 2714 16
352 2650 502 2717 66161616
528 2649 692 2714 montium
724 2650 802 2734 vagi
834 2656 868 2714 61
896 2649 1011 2732 inopes
1043 2649 1132 2713 inter
1183 2669 1221 2715 66
1243 2648 1437 2716 detestabile
1459 2657 1496 2713 ut
1516 2648 1655 2734 singulis
1676 2649 1853 2715 momentis
1874 2670 1993 2732 parum
2016 2650 2056 2717 ab
2074 2652 2160 2718 inte·

153 2736 241 2803 16166
262 2735 381 2802 161661
425 2733 522 2817 Quod
550 2735 587 2799 in
615 2742 707 2799 16616
737 2733 963 2818 desperatione
994 2741 1133 2799 manent
1182 2735 1251 2800 ritu
1283 2732 1435 2813 distaret,
1478 2754 1578 2817 quum
1599 2735 1723 2817 passim
1755 2734 1848 2801 diris
1862 2735 1969 2802 modis
1997 2737 2162 2803 saevitum

153 2828 267 2889 tamen
284 2820 442 2905 reliquiae
459 2820 599 2903 piorum,
622 2840 707 2904 quae
724 2827 837 2904 postea
854 2827 1036 2905 emergant,
1058 2821 1130 2903 quis
1182 2820 1282 2886 166111
1302 2821 1338 2885 16
1360 2839 1418 2886 666
1438 2840 1552 2885 661666
1570 2821 1627 2903 661
1645 2820 1699 2887 161
1718 2819 1892 2887 obscuram
1909 2822 2053 2906 aliquam
2072 2822 2161 2891 chri-

153 2915 254 2992 neget
283 2905 469 2972 admirabili
496 2904 561 2969 Dei
592 2903 798 2987 providentia
829 2905 931 2972 fuisse
958 2905 1129 2972 servatas?
1183 2906 1342 2970 stianismi
1371 2904 1645 2989 significationem
1672 2904 1752 2970 dare
1780 2905 1961 2985 audebant,
1990 2927 2093 2990 quum
2117 2907 2160 2983 ad

154 2997 229 3073 [pag.
262 2997 314 3071 39]
369 2988 468 3073 Quod
500 2989 634 3055 1161616Δ
649 2998 683 3056 61
714 2991 949 3074 prophetarum
979 2991 1055 3056 libri
1088 3011 1130 3056 er
1182 2989 1456 3075 exstinguendam
1484 3011 1598 3056 eorum
1625 2991 2160 3059 616166116161661666661161166
2230 3072 2234 3077 Ἣ

153 3078 221 3143 illis
237 3078 423 3160 1166116161)
443 3075 551 3142 illaesi
571 3075 724 3154 evadunt,
747 3077 822 3161 quis
840 3077 1130 3162 1616666666616-
1181 3077 1270 3142 61116
1292 3076 1501 3159 conspiratio:
1529 3074 1615 3158 quod
1635 3075 1771 3142 ecelesia
1793 3075 2160 3161 6111166116666661661

154 3162 226 3228 diae
253 3161 398 3228 tribuat?
443 3161 597 3244 Denique
624 3169 808 3244 temporum
835 3162 967 3227 illorum
991 3161 1131 3228 historia
1181 3160 1291 3243 aliqua
1313 3160 1453 3240 duravit,
1475 3160 1530 3227 hic
1552 3159 1685 3226 insolita
1706 3161 1813 3227 virtus
1835 3169 1870 3226 et
1892 3183 2032 3228 arcanus
2050 3162 2160 3229 nescio

117 3292 122 3301 -
153 3248 251 3332 16666
273 3249 397 3315 certius
418 3254 572 3314 testatam
590 3245 684 3311 nobis
703 3244 766 3312 Dei
791 3247 1031 3330 providentiam
1052 3248 1130 3313 facit
1181 3248 1253 3330 quis
1275 3247 1370 3331 vigor
1391 3254 1534 3329 apparet
1579 3246 1653 3312 Η66
1675 3243 1760 3324 dico,
1783 3267 1885 3329 quum
1912 3247 2038 3331 templa
2059 3247 2160 3327 Chri·
2204 3294 2209 3307 .

154 3333 191 3398 in
216 3332 420 3418 protegenda
440 3332 595 3399 ecclesiae
615 3331 734 3410 661616,
766 3353 864 3416 611661
886 3332 915 3398 61
936 3333 1129 3417 6166611666
1181 3333 1298 3408 suauis
1315 3339 1427 3398 essent
1442 3332 1589 3397 ferarum
1606 3333 1641 3396 in
1658 3332 1761 3416 sylvis
1779 3341 1813 3397 et
1823 3331 1991 3397 montibus
2002 3332 2156 3412 latebrae,

156 3417 198 3482 de
219 3419 369 3484 omnibus
390 3418 521 3502 populis
542 3415 762 3500 superbosque
790 3416 973 3500 triumphos
998 3419 1127 3501 egisset.
1180 3438 1343 3501 nusquam
1375 3425 1485 3482 tutum
1517 3415 1732 3496 domicilium,
1771 3424 1804 3482 et
1836 3425 1987 3482 61116166
2020 3414 2158 3482 16166116

154 3501 253 3569 Idem
274 3511 307 3567 61
327 3504 409 3569 aliae
429 3522 512 3587 quae
522 3510 637 3586 postea
647 3503 858 3587 contigerunt
868 3504 1128 3586 perturbationes
1179 3504 1315 3586 6611666
1337 3502 1411 3567 odio
1433 3503 1622 3585 flagrarent,
1645 3503 1863 3584 6616666166
1885 3502 2056 3584 evangelio
2078 3501 2157 3567 dare

154 3588 378 3671 spectaculum
399 3589 493 3654 66116
514 3589 682 3672 61661661.
730 3589 941 3672 Ν66166661
962 3609 1065 3671 usque
1086 3588 1128 3654 ad
1180 3608 1246 3653 666
1261 3588 1450 3669 ¹horruisset
1470 3586 1535 3651 6161
1557 3586 1719 3653 divinitus
1740 3585 1926 3652 excitatus?
1959 3586 2062 3669 Atqui
2081 3587 2158 3654 sub·

152 3672 1127 3752 01116116116616111,666661161616161116,666616166-
1179 3673 1257 3739 inde
1290 3672 1387 3738 multi
1418 3671 1567 3736 certatim
1600 3693 1642 3736 61
1679 3671 1842 3737 destinato
1877 3671 1919 3736 ad
1952 3670 2160 3738 subeundum

152 3759 233 3824 tinis
259 3759 469 3837 16611661166,
495 3781 585 3826 6666
613 3758 753 3825 1611616
774 3760 960 3842 6116616661
980 3759 1127 3838 libidine,
1180 3758 1246 3823 tale
1266 3757 1418 3836 dedecus,
1441 3756 1483 3821 ad
1505 3757 1664 3821 miserum
1685 3756 1779 3826 illum
1801 3765 1836 3822 et
1855 3757 2017 3844 servilem
2032 3765 2160 3824 metum
2208 3820 2210 3825 .

152 3845 249 3927 quasi
259 3843 390 3910 assiduo
406 3853 515 3910 rotatu
531 3845 643 3909 161611
662 3846 847 3929 1661611666
864 3845 987 3909 1661161
1003 3844 1127 3923 Iudaei,
1180 3843 1384 3909 advolabant.
1430 3840 1537 3908 Simul
1566 3846 1663 3924 atque
1691 3842 1862 3909 Christum
1890 3843 2058 3925 professus
2086 3850 2159 3909 erat

151 3930 276 3995 1661616
296 3938 346 3997 661
365 3940 476 3996 166166
494 3929 653 4014 singulari
671 3931 735 3995 Dei
752 3931 918 4007 beneficio,
938 3943 973 3994 ut
993 3930 1129 3996 ecclesia
1180 3929 1357 4012 quispiam,
1391 3949 1457 3993 non
1491 3926 1587 3993 modo
1620 3927 1661 3992 ad
1694 3935 1834 3994 mortem
1861 3927 2066 4012 rapiebatur,
2100 3928 2157 3995 sed

151 4014 240 4101 inter
267 4016 348 4081 istas
374 4014 581 4081 turbulentas
610 4015 838 4081 conversiones
870 4016 905 4080 in
936 4036 995 4080 suo
1023 4013 1128 4099 gradu
1180 4015 1270 4082 saevi
1293 4015 1456 4080 cruciatus
1478 4012 1576 4079 simul
1599 4021 1695 4078 erant
1715 4013 1883 4098 propositi.
1927 4013 2029 4079 Nulla
2046 4034 2157 4093 sexus,

152 4100 290 4166 steterit
336 4100 401 4167 Hie
429 4100 521 4165 nobis
548 4101 582 4164 in
610 4110 754 4166 mentem
784 4102 921 4166 veniant
948 4108 997 4165 161
1023 4101 1127 4167 sancti
1179 4100 1284 4165 nulla·
1298 4101 1415 4165 aetatis
1444 4097 1665 4165 misericordia
1687 4109 1769 4165 erat.
1813 4098 1953 4181 Aliquos
1979 4097 2157 4165 16166616-

151 4184 236 4263 viri,
257 4186 324 4250 imo
346 4196 381 4251 et
402 4185 571 4264 mulieres,
600 4186 716 4269 quibus
739 4206 853 4251 661661
874 4208 957 4269 quas
979 4187 1128 4252 16666661
1178 4195 1291 4269 661166
1308 4186 1364 4269 661
1382 4185 1445 4250 hae
1454 4183 1604 4250 mercede
1615 4183 1797 4249 Christiani
1808 4205 1880 4250 esse
1888 4183 2022 4262 vellent,
2042 4205 2153 4251 nonne

150 4269 375 4335 calamitatum
405 4270 594 4336 devoranda
618 4272 682 4335 1611
707 4270 893 4356 indignitas.
939 4270 1126 4349 Nonnullis,
1179 4270 1253 4353 plus
1282 4291 1381 4353 quam
1408 4271 1532 4335 mirum
1551 4269 1631 4335 'estl
1682 4269 1729 4336 Ut
1761 4270 1899 4352 quisque
1933 4275 2048 4335 66166
2081 4278 2154 4336 6161

151 4356 208 4437 661
226 4355 267 4420 ad
286 4364 475 4438 provectam
493 4377 594 4439 usque
612 4365 753 4422 66161661
770 4357 936 4435 11161661,
947 4359 976 4439 8)
995 4375 1127 4421 necesse
1179 4353 1918 4437 6661116616666116666661161161616161.
1964 4290 2155 4437 11666616

151 4439 215 4503 fuit
246 4462 306 4520 per
336 4441 452 4526 longas
484 4452 518 4506 et
549 4441 747 4524 multiplices
777 4441 938 4506 malorum
972 4443 1126 4526 ambages
1178 4442 1214 4506 in
1235 4442 1407 4506 tormentis
1430 4461 1544 4507 vocem
1565 4440 1737 4519 continuit,
1761 4439 1817 4524 qui
1834 4440 1870 4505 16
1887 4441 2021 4523 tyranni
2039 4462 2155 4508 necem

153 4543 273 4603 errare,
295 4535 329 4591 et
349 4526 483 4592 tandem
506 4528 713 4604 6611616611,
735 4547 836 4610 quum
855 4527 984 4592 nullum
1002 4527 1128 4591 6111661
1179 4527 1604 4609 6616611166666611616161,
1627 4546 1670 4590 66
1682 4527 1828 4592 conscios
1839 4524 2016 4608 detegeret,
2040 4547 2155 4593 omnes

153 4608 313 4675 viderent.
357 4611 450 4678 Haec
481 4633 559 4677 sane
589 4619 684 4678 erant
712 4610 866 4679 scandala
889 4633 973 4695 quae
996 4621 1127 4678 616616
1179 4615 1396 4678 constantiam
1413 4612 1650 4677 161166161ε16
1667 4610 1925 4695 1616161166116,
1944 4612 1979 4675 16
1997 4619 2046 4676 161
2063 4613 2155 4678 urbi·

150 4713 252 4761 cursu
269 4696 431 4780 depellere
448 4698 536 4779 16666
554 4704 696 4780 6666661.
732 4697 779 4763 Et
794 4706 905 4764 tamen
917 4696 981 4764 fide
993 4697 1128 4764 eluctati
1180 4698 1242 4763 bus
1263 4698 1437 4763 innumera
1458 4705 1608 4763 servatae
1630 4697 1672 4762 ad
1694 4707 1880 4763 extremum
1902 4695 1978 4761 fidei
1991 4697 2152 4779 exempla,

1179 4804 1290 4848 annon
1307 4782 1437 4867 linguas
1455 4782 1616 4848 divinitus
1631 4783 1732 4848 larissa
1750 4782 1950 4867 gubernatas
1964 4780 2154 4846 testantur?

1179 4867 1292 4949 Quum
1319 4874 1429 4933 autem
1455 4874 1530 4948 [666.
1555 4874 1609 4950 41]
1639 4869 1675 4932 in
1708 4867 1847 4951 singulis
1879 4865 2080 4943 hominibus,
2114 4884 2152 4940 66

149 5017 171 5073 d
204 4949 252 5073 Dli)
272 4951 1128 5022 166661661666111661666116666661166161661116161
1178 4975 1276 5037 saepe
1296 4953 1395 5052 etiam
1419 4954 1456 5018 in
1476 4953 1679 5054 mulioroulig
1697 4953 1940 5052 periclitaretur
1961 4949 2153 5048 161666616-

171 5033 187 5073 e
221 5034 1128 5159 6111616661116161116616616116666616166166661·
1178 5041 1247 5189 {ig}
1268 5038 1366 5191 {³³33}
1386 5034 2153 5204 ffmffisoeffidiffignguffirgossffinfiffiffiffl

148 5164 508 5295 Υ016111116611116661161
526 5223 603 5280 1551.
637 5224 714 5280 Besa
730 5231 757 5281 et
775 5225 1024 5283 61661111161661.
1177 5210 1267 5275 inter
1277 5218 1327 5275 161
1337 5209 1580 5289 diminutiones,
1598 5208 1733 5275 excidiis
1743 5226 1810 5272 non
1821 5205 1966 5272 multum
1978 5207 2152 5287 absimiles,
2215 5220 2217 5225 '

258 5308 371 5366 61666·
384 5325 477 5381 epea.
515 5308 682 5367 1611111.
774 5310 778 5324 ·
1929 5307 1948 5363 a
