4762 5918
233 358 361 425 nun
826 355 1100 441 reserares
1122 353 1416 422 rnnonoaror
1438 351 1658 420 umacus.

238 548 410 632 leguntur:
454 546 549 613 Lete
569 546 643 612 iour
667 547 719 629 sut
747 547 865 630 appelle
893 557 931 612 e'n
952 545 1224 628 lo'conprepotton
1256 544 1309 608 eles
1329 543 1430 625 freres
1453 541 1516 606 Me.
1542 541 1705 607 Hierosme
1727 540 1838 607 Boleec
1869 543 2007 608 merleein
2029 543 2129 625 monet
2156 546 2256 611 terrmt

238 659 383 741 quelques
398 678 522 740 proper
543 678 670 741 caparae
691 659 834 723 fouebont
854 659 882 723 le
903 658 1015 722 liberal
1036 656 1151 720 arbitra
1178 660 1205 719 et
1235 655 1268 718 lo
1289 654 1536 736 predestinatn'on
1563 660 1590 718 et
1613 655 1667 735 lup
1685 655 1738 735 snt
1757 655 1927 717 remouere
1949 656 2098 720 otoement
2116 679 2183 738 por
2204 658 2250 722 les

229 791 389 853 passages
416 770 455 835 de
475 769 671 833 tEsoritnre.
716 769 809 834 Leon
842 768 1007 833 Hierosme
1038 788 1071 831 se
1102 771 1241 831 morrstro
1269 767 1334 847 sort
1366 766 1483 829 materie
1512 766 1637 845 insonet·
1666 766 1684 826 t
1715 786 1747 829 ce
1770 769 1860 846 qn’on
1893 765 1948 847 luy
1978 765 2039 830 lectt
2066 768 2256 850 tepossope·

236 880 421 947 d'Eeecleiel.
465 880 592 944 Eadem
616 878 765 963 pluribus
788 880 935 944 referunt
957 880 1045 944 Beza
1067 885 1100 942 ct
1121 877 1320 942 Colladonus
1342 876 1377 940 iu
1399 877 1479 939 Vita
1501 876 1641 953 Caluini,
1665 878 1714 940 ira
1736 885 1847 940 tamon
1870 887 1902 941 et
1924 877 2052 942 invidia
2074 900 2147 943 eum
2172 902 2248 962 pro-

236 1001 425 1076 sequentes,
455 1003 493 1054 ut
515 991 608 1055 facile
631 991 690 1056 tibi
713 993 915 1073 persuaseris
937 990 1026 1073 ipsos
1049 991 1158 1055 virum
1180 988 1285 1052 multo
1306 988 1413 1070 magis
1429 988 1569 1070 ‘nigrum
1595 988 1710 1053 fecisse
1732 1008 1829 1069 quam
1852 990 1989 1054 fortasse
2017 1011 2053 1053 re
2076 1012 2154 1055 vcra
2176 1003 2248 1057 tum

238 1105 348 1170 fuerit.
393 1104 496 1167 Arnbt
518 1124 575 1180 on,
598 1104 706 1183 inquit
728 1101 943 1179 ColladonuS,
965 1103 1030 1165 otnt
1052 1123 1089 1164 cn
1111 1106 1189 1166 ceste
1210 1100 1283 1164 cille
1303 1120 1347 1162 un
1369 1100 1488 1164 certain
1510 1098 1630 1162 nomme
1652 1098 1791 1162 Ieroeme
1813 1099 1937 1177 ecreto,
1960 1122 2004 1164 un
2019 1123 2085 1182 pen
2107 1123 2248 1182 corporo-

237 1221 313 1281 oont
334 1212 447 1280 Carme
468 1216 506 1279 de
531 1212 646 1291 Porta,
675 1218 705 1278 et
728 1215 807 1294 puis
826 1214 963 1277 sondccin
990 1214 1107 1277 decenn
1138 1213 1174 1276 de
1203 1205 1380 1294 tleolopteu'
1398 1210 1534 1274 medecin
1558 1231 1598 1273 ou
1613 1211 1750 1290 plustost
1772 1211 1936 1275 trioclenr:
1970 1212 2086 1293 chncl
2110 1235 2193 1295 ponr
2214 1235 2248 1279 se

235 1327 320 1409 scire
342 1325 456 1403 catoir,
482 1330 619 1404 pensant
641 1331 719 1389 estre
740 1325 846 1389 errice
866 1345 903 1388 on
924 1345 981 1389 sorr
1001 1323 1133 1389 Ototstre
1161 1330 1188 1387 et
1209 1343 1270 1388 nou
1291 1343 1329 1386 en
1350 1342 1410 1384 nire
1430 1319 1540 1403 quise
1562 1322 1600 1385 olo
1622 1320 1708 1386 Dion
1731 1323 1769 1386 dc
1790 1322 1920 1403 laquelle
1948 1323 1973 1386 il
1995 1325 2110 1387 n’ooott
2130 1327 2254 1392 tamets-

233 1440 305 1502 rc'en
327 1457 396 1501 scen
416 1457 474 1518 que
490 1457 555 1518 por
577 1438 649 1501 onir
670 1437 748 1516 dire,
769 1455 943 1516 commoneo
965 1437 986 1498 lc
1008 1436 1088 1498 tenir
1105 1455 1170 1515 por
1189 1435 1219 1498 ct
1234 1454 1300 1515 por
1321 1432 1355 1496 llo
1376 1437 1404 1496 et
1426 1434 1516 1496 onesi
1537 1453 1574 1496 en
1590 1433 1698 1513 plane
1718 1433 1943 1517 Conprepction
1965 1436 2111 1499 moucms
2128 1457 2248 1518 propos

236 1548 379 1614 tenebunt
401 1548 432 1612 lo
456 1549 591 1614 doctrine
612 1548 649 1612 de
670 1548 703 1611 lo
728 1546 916 1612 Proclama
944 1545 1247 1610 etPredestination
1273 1545 1412 1608 etmuctte
1434 1546 1471 1609 cle
1494 1542 1589 1607 Diem.
1637 1541 1749 1608 Contra
1769 1545 1867 1626 lequel
1892 1544 2002 1609 eorem
2024 1546 2157 1611 d'entre'e
2172 1569 2249 1628 pro·

238 1661 314 1727 cedo
336 1682 374 1724 cn
393 1661 461 1725 telle
481 1664 563 1725 sorte
585 1680 643 1741 quc
664 1660 778 1725 c'estoit
798 1659 964 1723 seulement
979 1678 1064 1739 pour
1083 1657 1110 1722 le
1132 1677 1275 1722 romener
1297 1678 1340 1720 on
1362 1657 1461 1721 drotot
1481 1655 1600 1722 cltemin
1622 1676 1698 1719 sons
1715 1655 1770 1738 lup
1784 1656 1901 1720 dortner
1919 1658 2094 1723 rnoticrede
2107 1661 2245 1741 s’oiprir.

243 1770 308 1837 Cor
329 1773 354 1837 e
376 1794 408 1836 se
429 1778 568 1838 contento
589 1772 627 1836 de
649 1772 704 1852 luy
725 1772 895 1850 respondeo
916 1769 1066 1833 tellement
1087 1789 1125 1833 cn
1140 1769 1250 1850 pntlto
1271 1790 1330 1849 que
1352 1768 1380 1832 te
1395 1767 1510 1849 peuple
1531 1768 1587 1848 qui
1608 1769 1698 1832 estoit
1719 1767 1752 1830 ta
1774 1768 1923 1832 ossemble'
1940 1790 1977 1833 nc
1994 1772 2060 1834 a'ere
2073 1775 2248 1835 retournost

233 1884 325 1965 point
345 1882 479 1947 altrum
500 1883 635 1946 domem
656 1900 773 1946 errem.
817 1881 863 1945 Et
889 1881 1000 1945 c'estoit
1021 1879 1156 1962 plustost
1177 1901 1261 1960 ponr
1288 1880 1447 1944 redresser
1472 1900 1503 1944 ec
1530 1901 1587 1960 qne
1608 1881 1720 1943 l’cntre
1739 1881 1821 1943 acolt
1842 1881 1907 1944 mol
1929 1881 1976 1944 dit
1996 1901 2055 1961 qne
2074 1902 2155 1960 pour
2175 1887 2248 1945 s'ct-

232 1993 336 2058 toclrer
358 1995 379 2057 lc
401 1995 433 2058 lo
449 2014 605 2075 personne
627 1993 774 2075 (lmeluys
806 2013 920 2057 mmnse
942 1992 1031 2056 onesi
1058 1992 1084 2055 il
1111 2011 1144 2055 sc
1163 1996 1301 2056 contecto
1324 1992 1360 2055 de
1382 1991 1508 2056 robatre
1528 1991 1573 2056 les
1595 2011 1689 2071 eorcps
1710 2010 1787 2055 sons
1809 1990 1836 2054 le
1858 2012 2014 2073 rnorqucr.
2059 1993 2247 2077 Daoontope

233 2107 261 2170 il
280 2106 332 2187 snt
352 2105 461 2187 ormelt
483 2127 518 2168 en
542 2106 715 2186 conserente
730 2104 940 2183 partientiere
961 2123 1033 2168 oceo
1053 2103 1128 2167 ledit
1148 2101 1261 2167 Calain
1283 2107 1310 2165 et
1330 2122 1379 2166 ses
1401 2123 1608 2185 momopnons
1627 2102 1793 2167 Mtuistres
1814 2103 1852 2166 de
1868 2102 1999 2185 t'Eplise
2020 2103 2050 2168 a
2071 2105 2111 2170 od
2133 2127 2172 2169 on
2192 2108 2248 2190 luy

237 2223 411 2283 remonstro
433 2238 522 2281 essee
543 2217 733 2299 lonprrernent
761 2219 790 2279 et
809 2235 877 2295 por
902 2215 1007 2279 dicere
1028 2234 1185 2297 passages
1212 2215 1250 2279 de
1272 2213 1458 2278 t'Escritnrc
1484 2219 1631 2279 comment
1652 2214 1677 2278 e
1698 2214 1855 2278 s'olmsoit.
1902 2211 1975 2280 Celo
1996 2216 2048 2296 fut
2070 2220 2197 2282 ernoiron
2219 2219 2247 2282 te

240 2333 293 2393 15.
312 2329 384 2391 ieter
404 2329 443 2393 de
466 2327 556 2410 Moy.
601 2326 692 2391 Mai-s
713 2326 739 2390 a
760 2347 793 2391 se
814 2331 954 2391 monstra
974 2328 1039 2408 sort
1061 2326 1179 2391 obminl
1199 2327 1401 2404 neantnsoins,
1423 2325 1557 2390 omnbien
1579 2326 1657 2406 qn’tt
1678 2345 1717 2389 ne
1735 2327 1911 2406 respondeat
1928 2328 1996 2391 rien
2009 2330 2248 2409 perttrrernmcnt

238 2445 267 2504 et
288 2461 347 2521 que
368 2439 547 2522 lnymesme
569 2439 737 2519 cmtsmsost
758 2439 838 2518 qn’il
858 2459 896 2501 ne
916 2438 1017 2502 saeuit
1037 2459 1095 2519 que
1116 2437 1311 2519 reptionerd
1333 2458 1377 2501 un
1394 2458 1531 2519 passage
1553 2437 1730 2502 d’Eeeola'el
1751 2442 1844 2518 qn’on
1865 2438 1920 2518 lup
1941 2441 1998 2502 mit
2019 2462 2057 2504 en
2079 2448 2181 2505 ovaret.

391 2568 521 2631 Verum
550 2567 603 2630 hic
629 2565 784 2648 prologus
808 2575 938 2631 tautum
965 2566 1029 2630 fuit
1057 2565 1252 2648 tragoediae.
1298 2567 1373 2629 Mos
1396 2575 1468 2629 erat
1495 2566 1655 2629 ministris
1676 2565 1916 2648 genevensibus
1944 2568 2084 2651 singulis
2106 2570 2249 2634 Veneris
2354 2573 2360 2578 ’

239 2678 353 2744 diebus
375 2680 408 2742 in
432 2678 555 2760 templo
577 2676 754 2741 convenire
777 2684 811 2741 et
832 2685 938 2742 certos
956 2678 1137 2759 scripturae
1160 2676 1246 2741 locos
1273 2698 1331 2758 por
1353 2676 1441 2742 vices
1465 2677 1592 2758 publice
1616 2698 1794 2758 exponere,
1823 2697 1942 2759 eosque
1964 2677 2081 2743 deindo
2102 2682 2189 2745 inter
2211 2704 2247 2746 se

235 2811 345 2856 coram
369 2789 489 2872 populo
512 2787 685 2853 elucidare.
731 2787 828 2852 Tales
861 2808 1030 2852 sermones
1060 2789 1409 2870 congregationes
1439 2787 1611 2865 vocabant,
1646 2788 1776 2852 nominc
1805 2789 1845 2852 ab
1872 2789 1942 2870 ipso
1971 2801 2065 2855 coetu
2095 2793 2245 2873 repetito.

235 2902 290 2966 Ita
312 2900 431 2968 accidit
452 2910 491 2965 ut
519 2898 572 2964 die
603 2903 653 2981 16,
675 2896 829 2965 Octobris
861 2897 1007 2965 eiusdem
1035 2900 1115 2964 anni
1136 2898 1225 2964 locos
1246 2900 1308 2963 Er.
1332 2900 1466 2964 Ioannis
1489 2920 1557 2981 cap.
1577 2904 1597 2962 8
1620 2922 1649 2963 v.
1674 2905 1730 2962 47:
1767 2900 1829 2981 Qut
1851 2921 1890 2963 ea
1910 2899 1980 2989 Deo
2003 2908 2049 2967 est
2070 2903 2160 2969 cerlo
2182 2904 2253 2969 Dei

233 3012 326 3079 ondit
347 3021 443 3079 caett.
465 3010 723 3079 considerandus
743 3019 981 3094 proponeretur
1003 3012 1043 3076 ab
1065 3011 1190 3076 Ioanne
1212 3034 1231 3075 a
1254 3010 1288 3077 S.
1311 3010 1448 3075 Andrea
1465 3009 1597 3076 Caluini
1618 3008 1763 3094 collega(
1789 3009 1904 3077 Adfuit
1926 3024 1959 3078 et
1976 3014 2143 3081 Bolsecus.
2180 3015 2248 3097 Qui

240 3124 311 3190 sive
334 3124 510 3190 ambitione
530 3123 712 3189 monastica
734 3124 876 3205 percitus
897 3122 1020 3201 (verbis
1043 3121 1097 3187 hic
1119 3123 1246 3187 utimur
1262 3124 1379 3200 Betae,
1403 3143 1470 3186 non
1489 3131 1526 3186 ut
1543 3144 1582 3188 ea
1599 3123 1792 3205 simpliciter
1809 3132 1923 3189 nostra
1940 3126 2106 3206 faciamus,
2129 3150 2248 3193 vorum

237 3245 276 3302 ut
297 3237 437 3302 lectores
461 3235 661 3317 perspiciant
688 3254 752 3316 quo
781 3234 890 3298 animo
910 3254 985 3298 eum
1008 3240 1088 3299 tunc
1106 3233 1270 3298 audierint
1292 3233 1459 3311 ministri),
1490 3236 1560 3298 sive
1588 3235 1628 3300 ab
1658 3234 1724 3299 illis
1751 3235 1893 3299 factiosis
1920 3236 2116 3319 iampridem
2147 3261 2249 3323 quae·

237 3345 390 3413 rentibus
417 3368 478 3430 per
503 3367 601 3430 quem
619 3344 798 3411 Calvinum
818 3344 1017 3411 lacesserent
1037 3344 1208 3425 incitatus,
1242 3346 1352 3429 pelam
1380 3353 1552 3411 ausus-est
1574 3355 1727 3411 aeternae
1748 3345 2055 3428 praedestinationis
2078 3350 2247 3416 decretum

239 3469 398 3537 evertere,
420 3456 554 3524 adiectis
571 3427 675 3522 etam
694 3457 731 3520 in
754 3477 867 3523 reram
889 3455 1069 3522 doctrinam
1086 3457 1306 3523 contumeliis:
1331 3455 1428 3539 idque
1451 3477 1488 3521 eo
1506 3456 1671 3535 audacius,
1694 3457 1781 3540 quod
1803 3459 1886 3523 forte
1900 3460 2077 3525 Calvinum
2099 3481 2158 3527 suo
2175 3463 2249 3527 loco

211 3593 305 3636 ·uon
328 3570 497 3637 sedentem
519 3571 635 3635 abesse
656 3569 813 3635 crederet
857 3569 904 3635 Et
924 3570 1037 3636 aberat
1069 3568 1200 3653 quidem
1232 3569 1288 3633 ille
1321 3569 1433 3645 initio,
1467 3569 1525 3633 sed
1558 3590 1596 3633 eo
1627 3590 1810 3634 sermonem
1838 3569 1986 3655 ingresso
2010 3573 2252 3655 superveniens

236 3703 322 3765 pone
344 3682 425 3747 ulios
447 3680 626 3746 nonnullos
648 3699 720 3746 sese
748 3682 942 3747 continebat.
971 3682 1085 3746 Finita
1106 3680 1261 3746 monachi
1283 3680 1432 3744 cranone
1450 3679 1610 3746 Calvinus
1632 3687 1766 3764 repento
1789 3701 1959 3764 apparens,
1983 3685 2133 3766 quamvis
2150 3685 2251 3768 plane

236 3793 321 3857 nihil
343 3800 441 3858 antea
462 3793 529 3855 tale
550 3791 739 3870 meditatus,
762 3799 834 3857 tum
857 3802 944 3857 certe
973 3794 1001 3857 si
1028 3812 1175 3874 unquam
1198 3791 1279 3856 alias
1309 3790 1367 3874 qui
1393 3791 1446 3856 vir
1467 3801 1555 3856 esset
1576 3792 1727 3857 ostendit.
1772 3791 1944 3875 Siquidem
1967 3794 2062 3859 illum
2086 3806 2135 3861 tot
2155 3798 2251 3863 verbi

238 3904 344 3970 divini
366 3903 580 3982 testimoniis,
613 3911 662 3967 tot
684 3904 862 3987 Augustini
893 3903 1088 3985 praesertim
1111 3902 1206 3981 locis,
1240 3910 1287 3967 tot
1319 3903 1459 3986 denique
1487 3912 1619 3986 tamque
1652 3904 1808 3987 gravibus
1830 3909 2034 3988 argumentis
2055 3908 2250 3987 confutarit,

237 4015 389 4098 perculit,
410 4015 529 4091 obruit,
563 4022 602 4077 ut
634 4034 749 4080 omnes
782 4022 912 4096 praeter
944 4016 1121 4097 ipsummet
1154 4015 1326 4096 perfrictae
1359 4016 1476 4079 frontis
1509 4015 1708 4081 monachum
1741 4016 1843 4098 ipsius
1865 4016 2080 4084 vehementer
2100 4019 2255 4102 puderet.

238 4124 365 4191 Aderat
385 4128 422 4189 in
444 4126 515 4207 ipso
535 4126 741 4191 audientium
763 4133 856 4191 coctu
878 4147 1081 4192 assessorum
1103 4126 1263 4208 praetoris
1285 4147 1371 4191 unus
1389 4147 1529 4208 quorum
1547 4127 1583 4190 in
1603 4127 1683 4191 urbe
1700 4128 1751 4192 ius
1768 4127 1997 4209 prehensionis
2015 4140 2073 4195 est.
2102 4109 2137 4195 Is
2155 4131 2252 4196 illum

239 4237 375 4303 dimisso
397 4245 491 4301 coetu
519 4244 677 4319 tauquam
706 4236 895 4304 seditiosum
921 4237 958 4301 in
986 4236 1166 4302 custodiam
1190 4237 1299 4301 uadit.
1345 4236 1434 4317 Quid
1456 4237 1572 4320 plural
1616 4237 1726 4303 Causa
1747 4238 1861 4331 multis
1884 4238 2159 4322 disputationibus
2180 4246 2253 4327 agi-

236 4356 317 4425 tata,
344 4346 491 4412 Senatus
512 4347 689 4413 Bolsccum
712 4361 749 4413 ut
771 4349 961 4414 seditiosum
981 4357 1014 4412 et
1034 4368 1125 4411 mere
1146 4347 1364 4432 Pelagianum
1387 4348 1417 4412 d.
1441 4353 1491 4413 23.
1507 4350 1701 4415 Decembris
1722 4350 1849 4431 publice
1872 4350 2064 4415 damnatum
2087 4353 2171 4417 urbe
2193 4375 2254 4417 ex-

233 4458 327 4540 pulit,
354 4459 552 4524 fustuarium
575 4480 716 4542 poenam
736 4460 881 4525 minatus
903 4461 931 4524 si
953 4459 988 4523 in
1011 4459 1134 4524 ditione
1154 4461 1330 4543 genevensi
1350 4466 1436 4523 esset
1458 4459 1689 4541 deprehensus.
1725 4461 1818 4525 Haec
1840 4461 1929 4525 Beza
1951 4465 1985 4525 in
2009 4463 2087 4527 Vita
2110 4463 2254 4531 Caluini.

236 4569 305 4634 Nos
330 4568 371 4633 de
394 4570 519 4635 famosa
541 4571 605 4635 ista
627 4571 757 4636 Bolseci
780 4591 878 4635 eausa
900 4570 996 4652 plura
1017 4570 1078 4634 hoc
1100 4569 1169 4634 loco
1191 4592 1256 4634 non
1280 4570 1454 4649 addemus,
1477 4592 1578 4652 quum
1600 4572 1836 4655 integrauere,
1860 4573 2035 4655 inquibus
2058 4595 2124 4639 non
2145 4598 2258 4658 pauca

231 4688 311 4744 suut
334 4679 473 4745 Oalrino
496 4683 604 4745 aritmi
627 4682 834 4760 vindicanda,
857 4702 899 4746 ex
922 4681 1066 4747 archivis
1090 4682 1329 4765 genevensibus
1351 4681 1544 4765 deprompta
1566 4683 1662 4747 edere
1685 4672 1962 4761 constituerimus,
1986 4686 2080 4749 reiut
2101 4689 2255 4769 opusculi

228 4792 267 4855 iu
289 4792 387 4856 titulo
412 4794 583 4856 memorati
606 4792 831 4876 appendicem.
1474 4795 1478 4802 ’

399 4902 527 4983 Quibus
550 4904 741 4987 praemissis
763 4903 804 4968 ad
828 4922 867 4966 ea
888 4904 1068 4968 transimus
1091 4925 1174 4986 quae
1196 4891 1344 4985 proxime
1367 4902 1409 4968 ad
1430 4925 1584 4986 praesens
1606 4912 1839 4989 argumentum
1859 4906 2040 4988 pertinent,
2069 4929 2187 4990 nempe
2211 4911 2266 4982 ad⁴

236 5015 337 5079 libelli
363 5016 454 5080 illius
476 5015 646 5080 historiam
667 5016 762 5080 ouius
785 5014 918 5078 titulum
940 5037 1040 5097 supra
1063 5014 1302 5097 descripsimus.
1345 5015 1457 5095 Quum
1478 5017 1547 5080 fere
1575 5037 1634 5098 per
1655 5017 1811 5081 bimestre
1833 5016 1977 5099 spatium
1999 5017 2131 5083 Bolseci
2152 5042 2259 5086 causa

235 5124 484 5192 Generensium
496 5126 625 5190 animos
645 5127 680 5188 in
703 5125 834 5191 diversa
856 5123 1047 5189 abeuntium
1065 5145 1238 5208 suspensos
1257 5127 1400 5190 tonuerit
1417 5135 1450 5191 et
1470 5148 1535 5191 uon
1556 5127 1651 5209 pauci
1669 5126 1780 5192 miseri
1798 5129 1918 5210 captivi
1936 5149 1989 5194 res
2015 5129 2258 5211 amplecteren-

233 5245 300 5312 tur,
325 5237 411 5301 inter
433 5258 513 5319 quos
535 5234 674 5301 Iacobus
695 5236 845 5301 Falesius
869 5236 964 5318 (alias
982 5236 1101 5318 Iaques
1122 5236 1162 5300 ‹lc
1180 5236 1392 5321 Bourgognc)
1417 5239 1467 5301 vir
1489 5238 1607 5303 nobilis
1629 5246 1662 5302 et
1684 5239 1749 5302 huc
1772 5259 1874 5321 usque
1892 5238 2031 5305 Calvino
2053 5241 2257 5309 coniunctis·
