4604 5896
84 301 147 364 err
211 377 213 379 ,
844 292 1107 365 messuere
1131 275 1349 361 suRvum.
2040 301 2105 366 cis

82 486 203 570 spiritu
224 486 407 569 baptizatus
428 484 480 552 sit.
524 481 629 549 A'ui
658 483 687 549 si
715 483 778 550 hoo
803 485 991 567 exemplum
1018 484 1070 549 in·
1120 482 1195 568 ugo
1217 503 1297 550 vero
1319 485 1501 551 sententias
1517 483 1593 550 illas
1613 505 1657 549 ex
1673 482 1804 567 vulgari
1825 485 1968 570 tritaque
1989 507 2105 570 super-

84 582 155 641 star
183 571 346 657 generalis
374 571 510 654 regulae
538 589 580 635 no
602 569 631 634 is
653 590 725 635 esse
747 569 879 650 debeat,
911 568 991 653 quid
1012 591 1071 635 eu·
1122 570 1256 635 stitione
1276 579 1425 654 sumptas
1446 591 1518 636 esse
1539 591 1607 635 non
1631 569 1753 634 dubito.

83 659 210 737 nncho,
246 665 281 722 et
309 656 544 734 samaritanis,
580 663 614 720 et
651 655 787 737 reliquis
819 653 971 720 omnibus
1003 657 1070 734 fiet,
1208 657 1375 721 Vicesima
1392 658 1491 721 ratio:
1512 656 1550 723 si
1568 656 1714 720 infantes
1732 654 1830 720 liceat
1847 656 1918 721 sine
1935 655 2105 722 intellectu

83 765 167 829 quos
189 743 281 826 prius
302 743 466 824 baptismo
487 741 610 807 sacrari
630 741 723 806 Deus
745 740 807 805 sibi
830 740 948 820 voluit,
971 761 1071 825 quam
1122 741 1302 823 baptisare,
1330 742 1531 825 baptismum
1559 764 1580 808 a
1605 741 1716 824 pueris
1742 738 1933 807 ludentibus
1964 742 2104 823 mimico,

84 830 203 915 spiritu
235 849 297 894 suo
328 848 384 893 eos
417 826 576 892 donaret?
621 826 754 891 Insulse
788 847 866 911 ergo
899 825 1069 906 Servatus,
1122 832 1156 890 θῖ
1176 845 1236 909 per
1257 828 1367 892 iocum
1385 847 1480 910 posse
1502 827 1735 893 administrari.
1774 824 1879 906 Quasi
1899 849 1979 893 vero
2000 827 2105 910 impo-

84 915 140 999 qui
162 915 299 997 spiritus
318 914 460 998 gratiam
478 910 520 977 ad
542 913 701 994 temporis
719 919 925 976 momentum
944 912 1068 997 alligat.
1122 912 1197 977 sitio
1219 931 1394 991 manuum,
1423 934 1488 996 qua
1508 912 1678 978 benedixit
1699 911 1853 977 Christus
1874 912 2032 990 infantes,
2062 912 2106 978 ad

170 1000 311 1067 Decima
342 998 458 1082 quinta
490 999 589 1075 ratio,
625 997 711 1081 quod
742 999 990 1082 regeneratione
1024 998 1070 1062 dii
1120 997 1248 1082 puerile
1274 998 1439 1064 ludicrum
1462 998 1551 1062 trahi
1578 997 1736 1062 debuerit.
1750 997 1775 1080 ¹)
1819 998 1876 1062 An
1901 998 2023 1063 lusoria
2050 1018 2105 1064 res

84 1087 256 1151 efficimur.
300 1083 390 1150 Sunt
409 1093 520 1149 autem
543 1081 597 1162 dii,
620 1083 662 1147 ad
684 1104 764 1166 quos
786 1103 894 1150 sermo
914 1084 981 1149 Dei
1002 1084 1069 1150 lac·
1120 1092 1173 1149 est
1202 1083 1268 1148 Dei
1300 1084 1481 1166 promissio,
1515 1105 1581 1166 qua
1614 1104 1649 1148 se
1678 1084 1789 1147 Deum
1822 1084 1942 1149 sobolis
1972 1091 2105 1149 nostrae

83 1179 141 1238 tus
163 1178 223 1237 est.
266 1171 359 1254 Ergo
379 1167 640 1254 paedobaptiuati
661 1188 728 1233 non
750 1175 829 1234 sunt
850 1168 905 1248 dii,
928 1170 986 1252 qui
1003 1171 1069 1235 Dei
1120 1169 1189 1233 fore
1213 1167 1376 1233 testatur?
1421 1169 1632 1252 Baptizamus
1661 1168 1793 1251 quidem
1822 1168 1967 1234 infantes
1996 1170 2105 1252 prius-

84 1277 272 1323 sermouem
293 1276 368 1320 non.
384 1254 569 1320 audienmt
606 1252 769 1338 Omitto1)
792 1253 879 1337 quod
896 1253 1068 1334 Servatus,
1121 1275 1221 1336 quam
1242 1262 1354 1319 mente
1376 1253 1586 1337 adoptionem
1608 1274 1705 1318 suam
1726 1253 1921 1336 percipiant:
1945 1254 2002 1319 sed
2025 1254 2105 1320 dum

83 1343 141 1426 qui
163 1342 369 1407 dialecticam
390 1339 454 1407 sibi
475 1348 541 1404 tam
566 1338 722 1406 audacter
743 1348 893 1424 arrogat,
916 1341 1069 1424 syllogis·
1120 1340 1194 1405 illos
1211 1339 1246 1402 in
1265 1360 1400 1424 gregem
1418 1361 1516 1405 suum
1534 1359 1591 1406 ooo
1616 1347 1664 1403 tat
1684 1343 1760 1417 [pag.
1782 1343 1858 1416 223]
1870 1339 1974 1418 Deus,
1993 1348 2105 1405 mente

83 1448 176 1493 mum
203 1448 308 1492 unum
336 1428 496 1492 conficere
524 1445 590 1489 uon
616 1433 733 1507 potest.
778 1425 958 1491 Caeterum
980 1427 1068 1491 unde
1122 1433 1156 1490 et
1183 1425 1318 1490 oonsilio
1345 1446 1456 1491 carere
1485 1360 1650 1508 putandus
1677 1445 1745 1488 non
1772 1436 1830 1489 est.
1874 1425 1944 1489 Nos
1966 1445 2104 1508 quoque,

85 1514 218 1579 axioma
228 1510 311 1577 illud
324 1511 445 1590 hausit,
464 1512 625 1593 baptismo
636 1531 696 1576 nos
707 1511 793 1575 effici
804 1510 903 1576 deos?
935 1512 1068 1578 Hocta-
1142 1511 1176 1574 ui
1196 1510 1310 1575 foedus
1332 1511 1447 1576 salutis
1469 1532 1584 1575 eorum
1605 1510 1740 1593 nomine
1762 1510 2001 1591 amplectimur,
2022 1532 2103 1593 quos

83 1620 163 1664 men
185 1598 235 1662 illi
257 1599 357 1663 etiam
377 1598 517 1662 remitto.
563 1595 632 1662 Sed
651 1597 686 1660 in
703 1597 822 1661 minori
867 1595 997 1663 udenda
1018 1606 1069 1664 est
1156 1618 1215 1661 eus
1243 1595 1338 1661 nobis
1366 1596 1518 1680 adiungit
1543 1595 1634 1660 illius
1655 1594 1846 1678 participes,
1870 1616 1936 1661 non
1958 1597 2030 1660 sine
2051 1596 2103 1660 in-

84 1683 270 1762 insulsitas,
299 1682 387 1766 quod
408 1682 564 1749 Ohristus
591 1680 669 1747 deos
697 1689 792 1747 vocet
817 1617 865 1747 ed
886 1702 967 1765 quos
993 1705 1070 1749 ver·
1122 1681 1307 1765 telligentia
1340 1683 1481 1766 gratiam
1509 1680 1610 1748 verbo
1640 1687 1795 1745 testatam
1824 1701 1926 1763 aquae
1954 1681 2104 1766 symbolo

82 1771 164 1835 bum
196 1771 261 1834 Dei
294 1769 417 1835 factum
450 1775 508 1833 eat.
564 1765 697 1832 Scimus
729 1767 947 1833 honorificum
980 1769 1070 1836 hunc
1122 1767 1385 1851 obsignamus.²)
1731 1769 1737 1775 ’

84 1854 219 1920 titulum
242 1854 406 1920 iudicibus
432 1853 536 1919 tribui
558 1874 577 1917 a
599 1853 775 1936 propheta,
802 1853 888 1935 quod
908 1853 973 1919 Dei
995 1876 1069 1938 per·
1206 1853 1262 1917 En
1288 1852 1385 1935 cur³)
1407 1851 1568 1918 Servatus
1594 1851 1768 1933 praecipiti
1794 1852 1903 1916 furore
1926 1852 1963 1915 in
1985 1851 2104 1934 paedo-

85 1960 202 2006 sonam
219 1940 404 2006 sustineant
425 1940 460 2003 in
482 1959 542 2004 sua
558 1939 735 2004 functione.
772 1937 917 2004 Causam
935 1940 1071 2006 adducit
1120 1937 1321 2020 baptismum
1343 1938 1390 2001 ita
1408 1933 1583 2015 exarserit]
1612 1946 1650 2001 ut
1677 1935 1771 2000 nulla
1792 1936 1972 2002 secundum
1994 1939 2104 2020 ipsum

85 2025 255 2104 Ohristus,
285 2025 362 2107 quia
389 2024 550 2091 divinitus
576 2024 766 2089 iniunctum
788 2032 838 2088 est
861 2024 928 2090 fllia
949 2027 1068 2111 guber·
1121 2022 1264 2088 deterior
1285 2023 1329 2088 sit
1350 2023 1519 2107 magisque
1541 2020 1745 2087 detestabilis
1772 2021 2007 2087 christianismi
2028 2043 2104 2105 pro-

85 2108 187 2176 nandi
208 2111 413 2176 mandatum.
458 2109 618 2175 Servetus
644 2109 687 2174 ad
708 2109 872 2194 evangelii
900 2111 1068 2194 praedica·
1121 2108 1254 2173 sanatio.
1298 2107 1391 2173 Nihil
1414 2109 1502 2173 enim
1523 2114 1697 2191 praeterea
1718 2105 1864 2184 adducit,
1887 2129 1947 2172 cur
1968 2108 2104 2172 infauti-

85 2197 209 2261 tionem
230 2196 264 2261 id
287 2195 424 2261 trahens
445 2194 615 2279 flagellum
638 2193 701 2260 sibi
723 2196 855 2261 conficit
875 2217 939 2280 quo
960 2197 1069 2262 iulan-
1121 2194 1183 2259 bus
1210 2212 1278 2257 non
1306 2194 1481 2261 conveniat
1507 2193 1704 2276 baptismus,
1733 2193 1796 2256 nisi
1824 2192 1909 2275 quod
1932 2193 2003 2275 ipsa
2024 2193 2104 2275 bap·

85 2291 136 2348 tes
158 2302 178 2346 a
199 2283 265 2347 Dei
285 2281 411 2347 familia
432 2288 552 2347 arceat.
1122 2279 1212 2344 tismi
1234 2278 1388 2357 definitio,
1411 2278 1517 2361 qualis
1538 2279 1573 2343 in
1592 2278 1762 2361 scripturis
1779 2277 1933 2357 traditur,
1957 2276 1998 2342 ad
2017 2278 2103 2345 solos

171 2365 311 2433 Decima
337 2374 432 2432 sexta
456 2367 557 2446 ratio,
585 2364 672 2449 quod
697 2385 784 2432 nova
805 2368 975 2449 generatio
998 2388 1069 2434 esse
1122 2364 1252 2430 adultos
1273 2366 1425 2447 pertinet.
1470 2363 1524 2429 Ad
1546 2364 1608 2430 hoc
1636 2361 1857 2446 probandum,
1887 2383 2103 2447 quaecunque

85 2461 243 2536 nequeat,
276 2453 341 2518 nisi
368 2453 425 2516 ubi
454 2459 506 2516 est
532 2473 639 2518 novus
666 2451 778 2531 homo,
812 2474 917 2518 novus
958 2462 1069 2518 autem
1122 2449 1162 2516 de
1190 2471 1254 2515 usu
1282 2456 1317 2514 et
1344 2449 1490 2516 efficacia
1523 2450 1677 2533 baptismi
1711 2448 1836 2533 passim
1863 2449 2036 2533 leguntur,
2065 2450 2103 2513 in

84 2537 182 2604 homo
203 2560 271 2603 non
292 2539 344 2616 sit,
367 2539 431 2604 nisi
453 2556 513 2620 per
534 2557 720 2602 sermonem
742 2538 882 2621 genitus.
918 2539 1069 2622 Respon·
1122 2534 1309 2619 catalogum
1330 2556 1434 2600 unum
1456 2535 1630 2601 contrahit
1666 2533 1733 2600 Sed
1751 2555 1855 2616 quum
1877 2533 1917 2600 de
1940 2533 2102 2617 baptismo

85 2623 161 2693 deo:
191 2622 283 2704 Quos
304 2625 398 2689 Deus
419 2621 601 2688 secundum
623 2623 740 2688 aetatis
762 2623 884 2707 gradus
906 2624 948 2690 ad
969 2624 1070 2690 fidem
1121 2621 1207 2686 nihil
1234 2621 1352 2686 afferat
1379 2620 1466 2704 quod
1491 2642 1559 2685 nou
1588 2619 1740 2686 similiter
1760 2620 1796 2683 in
1819 2619 2103 2686 circumcisionem

84 2707 225 2787 adducit,
246 2709 489 2791 incorruptibili
507 2708 600 2774 verbi
621 2710 747 2774 semine
763 2711 908 2794 regigni:
932 2710 988 2776 sed
1007 2711 1070 2776 hoc
1121 2714 1307 2790 competere
1334 2706 1419 2790 legis
1445 2714 1480 2771 at
1506 2706 1740 2789 prophetarum
1769 2705 1966 2770 testimoniis
1986 2704 2103 2788 probe·

83 2815 150 2859 non
178 2793 307 2860 obstare
334 2796 509 2878 quominus
535 2792 578 2858 ad
604 2795 782 2878 imaginem
804 2817 899 2860 suam
926 2798 1069 2880 refingat
1120 2814 1210 2869 mus,
1239 2813 1307 2856 uno
1328 2791 1429 2858 verbo
1451 2792 1612 2858 evertitur
1633 2799 1705 2856 tota
1726 2790 1874 2873 prolixae
1896 2791 1967 2857 eius
1989 2790 2103 2873 dispu-

84 2881 142 2963 qui
164 2880 313 2945 nondum
334 2900 472 2962 capaces
495 2886 574 2944 sunt
590 2877 768 2946 doctrinae.
1120 2878 1255 2943 tationis
1277 2878 1456 2962 congeries.
1466 2878 1494 2960 ⁴)
1539 2877 1627 2942 Nam
1654 2876 1741 2960 quod
1763 2874 1903 2942 Serveto
1931 2876 2102 2943 circumci-

170 2967 310 3031 Decima
338 2967 477 3048 septima
504 2965 589 3030 ratio
616 2987 657 3030 ex
685 2966 769 3049 legis
796 2967 913 3052 figuris
935 2968 1067 3050 petitur,
1121 2965 1169 3028 sio
1191 2963 1275 3029 nihil
1298 2962 1387 3030 aliud
1409 2964 1471 3029 fuit
1493 2984 1592 3047 quam
1613 2970 1714 3048 typus
1735 2968 1769 3026 et
1790 2962 1908 3029 umbra
1929 2961 2103 3028 circumci-

83 3050 171 3134 quod
203 3052 341 3127 oviset
373 3071 472 3134 capra
502 3072 570 3115 non
599 3051 710 3115 statim
740 3053 780 3118 ab
813 3073 950 3138 egressu
983 3052 1068 3117 uteri
1120 3050 1221 3115 sionis
1260 3071 1367 3115 novae
1407 3071 1490 3132 quae
1521 3051 1561 3115 fit
1593 3068 1653 3131 por
1685 3047 1812 3113 Christi
1844 3048 1998 3132 spiritum
2030 3047 2103 3112 sine

85 3136 213 3203 oblatae
240 3136 365 3201 fuerint
386 3142 461 3216 [pag.
485 3141 561 3216 222]
582 3137 619 3200 in
647 3137 853 3204 sacrificinm.
898 3137 1068 3222 seuquid
1120 3134 1290 3200 hominum
1318 3156 1434 3212 mauu,
1469 3158 1512 3202 ex
1539 3134 1639 3200 nimis
1667 3153 1778 3198 crassa
1806 3139 1840 3198 et
1866 3131 1941 3197 rudi
1969 3132 2103 3198 inscitia

85 3223 114 3288 si
134 3231 353 3305 retorqueam,
376 3222 728 3320 primogenitaomnia
747 3225 846 3324 simul
873 3244 911 3324 ac
931 3224 1069 3291 vulvam
1119 3231 1242 3321 manat.
1308 3221 1440 3287 Passim
1472 3218 1651 3318 ostendunt
1681 3218 1861 3317 prophetae
1893 3240 1960 3282 non
1991 3218 2102 3317 minus

84 3308 404 3478 tttttthgltt
432 3308 844 3474 tttt.tt⁵tt‘²....l.¹t¹l
861 3331 1068 3461 tttttt
1120 3302 2102 3477 ttttutttsstttttfi”tttttttltttffitt

85 3478 244 3544 mactari?
288 3478 354 3547 Ubi
375 3480 443 3544 iem
465 3479 528 3543 erit
548 3478 631 3544 illud
653 3482 750 3546 virile
770 3483 886 3561 robur,
915 3488 949 3547 et
993 3481 1069 3546 lena
1121 3477 1300 3543 honorifico
1320 3475 1415 3541 titulo
1436 3476 1584 3561 insignit,
1606 3473 1694 3559 quod
1716 3473 1816 3539 fuerit
1837 3472 1986 3557 sigillum
2006 3473 2101 3538 iusti·
2164 3480 2166 3486 '

85 3564 252 3646 perfectio,
274 3585 375 3648 quam
395 3566 432 3628 in
454 3564 617 3648 baptismo
638 3566 776 3650 requirit
798 3504 992 3635 servodei
1120 3564 1186 3627 tiae
1214 3561 1300 3627 fidei.
1344 3561 1502 3627 Eiusdem
1532 3566 1631 3626 notae
1658 3567 1723 3638 est,
1752 3557 1837 3641 quod
1859 3558 1907 3623 ita
1927 3557 2103 3641 impletum

172 3649 310 3716 Decima
338 3657 454 3716 octava
482 3651 569 3716 ratio
596 3660 660 3731 est,
689 3653 776 3735 quod
802 3675 869 3719 non
895 3654 999 3738 possit
1026 3651 1067 3718 ad
1120 3668 1192 3713 esse
1220 3647 1299 3712 dicit
1325 3646 1408 3711 illud
1438 3646 1551 3725 Pauli,
1580 3645 1771 3710 coniunctos
1798 3646 1898 3710 firiase
1925 3664 1945 3709 a
1967 3643 2102 3710 Christo

84 3734 258 3802 Ohristum
279 3737 399 3814 vocari,
422 3736 479 3818 qui
500 3757 568 3801 non
589 3745 697 3821 potest
718 3739 906 3804 anhanne
927 3758 1067 3823 praepa·
1119 3732 1201 3798 duos
1223 3732 1386 3811 homines,
1412 3753 1539 3798 novum
1561 3739 1595 3796 θῖ
1615 3730 1810 3815 veteremf‘)
1837 3751 1939 3814 quum
1961 3730 2103 3812 simplex

83 3822 159 3887 rari.
205 3819 406 3903 Quanquam
438 3829 550 3888 autem
577 3822 675 3902 mibi,
705 3823 734 3888 si
761 3824 898 3905 vellem,
926 3824 1068 3891 liberum
1118 3817 1217 3884 Pauli
1244 3839 1359 3884 sensus
1387 3819 1445 3897 sit,
1474 3819 1510 3882 in
1537 3837 1644 3882 unum
1671 3836 1791 3898 corpus
1812 3822 2008 3900 aggregatas
2029 3836 2102 3881 asse

83 3913 171 3975 osset
187 3908 435 3972 suumaxioma
452 3906 592 3974 Serveto
610 3927 741 3993 negare,
764 3908 806 3975 de
822 3909 885 3974 hac
901 3930 937 3974 rs
955 3917 1066 3975 tamen
1119 3911 1235 3987 gentes
1257 3924 1333 3968 cum
1352 3903 1500 3984 Iudaeis,
1529 3909 1567 3967 ut
1592 3903 1661 3967 iam
1686 3901 1754 3967 sint
1779 3904 1873 3985 quasi
1895 3923 1982 3967 unus
2002 3900 2101 3967 homo

82 4014 150 4059 non
166 3993 312 4078 litigabo.
349 3992 405 4059 Sit
421 4014 501 4059 sane
519 3993 582 4057 hoo
600 3994 762 4078 generale,
785 3995 947 4061 Iohannis
968 4016 1069 4078 opera
1119 3989 1155 4054 in
1173 3988 1318 4068 Christo,
1341 3991 1397 4072 qui
1414 3989 1508 4073 prius
1529 3988 1723 4070 interposita
1740 3989 1883 4053 maceria
1904 4006 1972 4052 non
1994 3987 2102 4053 solum

81 4080 274 4163 praeparari
302 4077 437 4146 Christo
466 4079 650 4162 discipulos.
696 4077 764 4146 Sed
793 4082 855 4146 hoc
880 4081 998 4146 inscite
1024 4081 1067 4146 ad
1119 4074 1233 4158 procul
1265 4075 1445 4154 distabant,
1478 4075 1536 4142 sed
1568 4074 1689 4139 hostile
1721 4072 1886 4140 habebant
1919 4072 2100 4137 dissidium.

82 4165 225 4231 infantes
246 4164 335 4249 trahi
356 4165 548 4250 respondeo,
591 4185 653 4230 uos
670 4174 748 4231 ante
765 4167 802 4231 in
818 4187 954 4251 gregem
970 4186 1067 4232 suum
1119 4159 1216 4226 Adde
1239 4165 1314 4239 [pag.
1333 4165 1409 4241 224]
1440 4160 1527 4245 quod
1553 4159 1668 4226 eodem
1696 4159 1766 4224 loco
1788 4157 1867 4222 abbi
1888 4157 2000 4222 fucare
2022 4176 2099 4221 con·

84 4257 211 4331 cooptat
233 4249 405 4330 Ohristus,
437 4272 537 4335 quam
570 4186 724 4335 discipuli
755 4272 827 4318 esse
858 4253 1000 4336 possint,
1033 4258 1067 4318 et
1119 4245 1226 4311 tendit
1234 4245 1263 4330 ⁶)
1287 4267 1384 4312 suum
1406 4245 1488 4312 illud
1504 4245 1704 4331 phantasma
1723 4242 1764 4308 de
1786 4242 1895 4309 earnis
1915 4241 2044 4322 deitate,
2067 4246 2102 4306 et

85 4352 167 4415 quos
188 4355 248 4417 pro
270 4338 339 4402 suis
360 4338 509 4421 agnoscit
529 4337 676 4404 nondum
696 4336 738 4403 ab
759 4338 827 4405 illis
849 4338 991 4423 agnitus.

167 4418 306 4485 Decima
331 4443 419 4487 noua
444 4423 528 4489 ratio
555 4431 620 4502 est,
654 4423 734 4507 quia
761 4423 899 4490 doceant
920 4424 1066 4489 Trisme·
1846 4472 1850 4479 ·

83 4503 192 4587 gistus
222 4511 256 4569 θῖ
276 4503 426 4591 Sibyllae
454 4529 524 4573 non
558 4509 735 4576 convenire
766 4510 966 4594 baptismum
1001 4509 1066 4576 nisi
1188 4518 1218 4587 1)
1237 4517 1310 4574 c’eat
1326 4520 1387 4589 puis
1406 4535 1458 4588 que
1476 4518 1518 4575 les
1535 4520 1607 4589 petis
1625 4516 1721 4573 enfans
1738 4529 1791 4584 que
1808 4513 1869 4577 Lo,
1886 4527 1904 4569 a
1921 4514 2011 4569 benist
2027 4513 2100 4569 u'en-

84 4588 215 4655 adultis.
238 4590 330 4674 Ergo
347 4592 452 4675 pluris
470 4594 533 4658 erit
549 4596 758 4680 Trigmegifltj
776 4598 944 4677 autoritas,
965 4617 1066 4679 quam
1118 4589 1268 4670 tendoyent
1283 4589 1342 4642 rien
1359 4590 1377 4644 t
1392 4588 1421 4642 la
1439 4590 1598 4656 ceremonia,
1617 4603 1669 4655 quc
1687 4599 1720 4640 ce
1737 4583 1781 4638 n'a
1797 4585 1857 4639 este
1869 4582 1952 4652 qu'un
1966 4583 2099 4652 badiuage

83 4674 150 4740 Dei
169 4675 284 4758 ipsius,
305 4678 363 4760 qui
382 4678 661 4746 circumcisionem
678 4681 826 4749 eiusdem
842 4683 1066 4749 renovationis
1119 4674 1155 4713 ⁰¹¹
1173 4672 1210 4712 ¹¹¹²
1227 4672 1272 4711 ¹⁸¹¹
1290 4654 1324 4711 ‘¹⁰
1341 4658 1477 4726 ⁹⁰¹¹Pp⁶³·

84 4780 122 4827 ac
150 4763 308 4845 puritatis
336 4782 352 4826 ε
412 4762 523 4827 bolum
551 4765 734 4832 infantibus
762 4788 970 4835 communem
993 4787 1065 4834 esse
1186 4723 1218 4861 {i
1235 4723 1383 4849 dfflffl
1392 4720 1780 4862 fflnrsscffiqkay

82 4847 209 4914 voluit?
254 4848 343 4914 Dein
367 4848 487 4931 equid
517 4852 674 4932 profanus
695 4854 851 4936 expiandi
872 4854 971 4934 ritus,
1000 4874 1065 4937 quo
1186 4861 1218 4928 4)
1235 4861 1263 4915 A
1284 4860 1311 4915 d.
1339 4878 1392 4984 que
1414 4862 1483 4915 Dieu
1513 4874 1548 4914 ne
1574 4859 1675 4915 faisant
1701 4860 1759 4914 rien
1783 4872 1848 4914 sana
1872 4856 1966 4912 raison
1988 4870 2099 4911 nousa

82 4953 163 5000 usae
196 4941 277 5001 suut
308 4940 423 5020 gentes
472 4934 634 5018 baptismo
667 4945 781 5006 nostro
811 4941 910 5006 affine
942 4939 1064 5006 habet?
1117 4932 1238 4988 monstrt
1262 4945 1314 4999 que
1331 4998 1337 5010 ἱ
1353 4945 1383 4985 θε
1428 4930 1480 4984 etis
1506 4928 1602 4983 enfans
1627 4935 1746 5010 pervent
1772 4934 1845 4983 estre
1867 4925 2038 5007 participans
2062 4923 2099 5006 du

214 5068 216 5072 ⁴
430 4985 438 5015 ⁹
1117 5001 1272 5070 Baptesme‚
1291 4946 1469 5066 pmsqu’ilne
1488 4997 1549 5052 leur
1565 5012 1583 5051 a
1600 5004 1677 5066 pomt
1694 4995 1787 5052 refusa
1804 4995 1832 5050 la
1843 4994 2036 5063 Oneonusron,
2053 5009 2099 5062 qm

1118 5071 1202 5127 estoit
1219 5068 1255 5124 du
1271 5073 1334 5122 tout
1351 5065 1509 5122 semblable.

1186 5136 1219 5274 53
1233 5151 1333 5191 norum
1351 5143 1380 5190 et
1395 5140 1516 5191 veterem
1533 5149 1584 5188 ora.
1604 5131 1639 5188 θ.

149 5207 179 5276 1)
198 5208 262 5265 Hoc
278 5225 386 5266 commo
403 5208 477 5266 deest
493 5210 524 5264 ia
540 5182 647 5279 gallico.
1158 5223 1163 5231 ’
1188 5206 1205 5260 6
1236 5203 1310 5259 AM.
1330 5219 1432 5260 comme
1450 5220 1488 5259 un
1504 5205 1600 5259 ioueur
1618 5202 1652 5258 de
1669 5214 1843 5270 passepasse.
