4604 5896
85 298 148 361 erc
844 288 1106 361 mensuare
1129 263 1351 360 salivam
1925 394 1928 399 ἢ
2040 305 2107 369 en

82 505 178 552 secus
210 501 248 547 ae
275 480 429 547 Christus
462 475 646 562 promiscue
676 479 769 546 Deus
806 486 857 545 est
890 486 924 545 et
956 478 1064 558 homo,
1118 470 1329 561 baptizentur
1339 480 1394 562 qui
1410 501 1471 564 pro
1482 483 1599 549 actads
1618 505 1697 551 suae
1714 485 1848 553 modulo
1865 490 2104 572 perfectionem

82 571 250 654 quianon
272 565 369 632 modo
398 587 441 631 cx
463 563 528 631 Dei
554 563 740 630 substantia
760 567 890 648 genitus
913 573 973 646 est,
1007 564 1065 630 scd
1118 560 1268 630 nondum
1290 586 1328 630 ca
1350 565 1434 630 iunt.

84 656 238 737 absorpta
259 653 323 717 fuit
343 653 414 717 eius
436 671 512 717 carc
534 651 570 715 in
593 651 710 716 Deum.
756 651 848 716 Nihil
880 652 1003 715 mirum
1037 650 1064 715 si
1205 587 1360 715 Seeuudpa
1389 652 1473 717 ratic
1506 661 1565 732 est,
1599 656 1686 738 quod
1717 655 1842 723 Christi
1876 660 2028 743 symbola
2059 661 2102 728 ad

84 742 247 810 Servetus
286 737 413 803 infusas
452 737 587 819 spiritus
627 737 751 821 gratias
790 743 859 801 tam
897 736 1065 802 fastidiose
1117 736 1311 799 memoriam
1352 736 1420 801 sint
1458 739 1620 820 instituta,
1660 748 1698 806 ut
1730 744 1868 825 quisque
1907 745 2031 810 recolat
2065 767 2102 814 se

83 826 246 910 repudiat,
270 845 372 906 quum
390 823 471 889 haec
489 824 616 906 magica
634 822 812 900 distillatio,
834 841 917 904 quae
937 821 1064 887 coelum
1118 819 1253 886 Christo
1274 822 1375 887 fuisse
1397 824 1635 906 consepultum.
1658 826 1724 893 Hic
1746 828 1986 910 quoquedeest
2008 831 2101 914 prin·

84 933 160 980 eum
195 920 286 976 terra
318 907 499 987 confundit,
534 917 622 972 stare
652 917 801 990 nequeat,
836 908 902 973 nisi
936 906 1065 974 abolitis
1118 906 1193 989 cipii
1215 906 1339 989 petitio.
1384 908 1437 973 De
1464 929 1558 975 sacra
1579 932 1682 976 coena
1710 913 1904 995 praescribit
1923 917 2100 998 apostolus,

84 998 220 1081 spiritus
259 996 362 1061 saneti
397 994 500 1068 donis,
540 992 656 1077 quibus
692 994 738 1057 sic
772 992 919 1058 ditantur
951 992 1064 1057 fideles
1117 1001 1155 1055 ut
1177 1013 1213 1058 se
1235 994 1327 1074 prius
1349 989 1518 1060 examinet
1539 995 1646 1076 homo,
1675 1019 1773 1080 quam
1796 996 1935 1066 adeam
1958 1002 2099 1083 accedat,

84 1085 216 1150 animae
238 1090 276 1146 ut
293 1101 423 1163 semper
440 1099 496 1143 eas
518 1079 647 1161 inopiae
669 1099 748 1144 suae
766 1100 882 1144 sensus
901 1078 1063 1143 humiliet
1117 1088 1151 1140 et
1182 1076 1261 1143 huic
1290 1080 1449 1161 mysterio
1470 1081 1635 1162 peculiare
1667 1093 1719 1150 est
1740 1084 1868 1152 Christi
1888 1087 2099 1155 mandatum:

84 1172 190 1236 Porro
212 1166 342 1233 Servati
364 1166 511 1250 patronis
534 1165 633 1230 nimis
660 1185 763 1247 grave
783 1185 866 1230 onus
888 1162 1064 1241 incumbet,
1117 1162 1233 1228 Facite
1255 1164 1291 1226 in
1312 1165 1504 1229 memoriam
1527 1168 1601 1232 mei.
1647 1168 1700 1234 De
1734 1170 1898 1252 baptismo
1930 1172 2015 1237 nihil
2043 1196 2100 1240 us·

84 1264 124 1322 ut
150 1255 295 1320 animam
321 1252 474 1334 spiritum
502 1259 652 1316 sanetum
684 1258 717 1315 et
738 1249 849 1314 Deum
883 1269 955 1315 esse
988 1268 1064 1331 pro·
1117 1267 1215 1329 quam
1238 1248 1304 1313 tale
1325 1248 1456 1332 legitur.
1490 1250 1656 1319 Admonet
1676 1254 1808 1338 quidem
1829 1257 1955 1323 Paulus
1976 1259 2100 1340 fideles,

84 1341 178 1407 bent:
219 1361 287 1403 non
322 1359 416 1403 secus
453 1356 491 1400 ac
525 1333 685 1401 Servetus
717 1336 918 1418 imaginatur
949 1332 1065 1399 cadem
1118 1342 1155 1396 ut
1183 1333 1336 1414 baptismi
1365 1334 1415 1400 sui
1445 1335 1772 1420 finem-expendant
1813 1340 1881 1408 Sed
1903 1345 1976 1426 quis
1998 1366 2100 1412 sanus

84 1426 207 1492 deitate
234 1423 417 1507 praeditam
444 1442 516 1487 esse
542 1421 723 1486 humanam
747 1422 821 1500 [pag.
841 1425 916 1499 215]
930 1418 1066 1485 Christi
1118 1417 1274 1484 concedet
1305 1417 1347 1482 ad
1379 1423 1587 1501 praesentem
1619 1427 1794 1505 articulum
1827 1431 1996 1510 temporis,
2035 1452 2099 1513 que

83 1521 247 1587 naturam,
279 1530 364 1592 quac
396 1507 437 1573 ab
468 1508 563 1572 initio
589 1507 626 1571 in
647 1505 747 1573 verbe
769 1507 833 1571 Dei
854 1507 925 1570 fuit.
970 1503 1064 1569 Idem
1117 1502 1378 1583 administratur,
1401 1506 1599 1573 trahendum
1622 1511 1715 1576 esse?
1772 1511 1861 1593 Quin
1883 1514 1995 1596 petius
2028 1536 2100 1581 sese

83 1599 284 1683 phantasma
323 1594 444 1676 repetit
483 1593 611 1676 dialogo
651 1591 802 1671 secundo,
837 1593 958 1675 pagina
990 1593 1063 1668 267,
1117 1589 1219 1654 oculis
1236 1591 1359 1672 ingerit
1375 1593 1551 1658 manifesta
1568 1594 1624 1658 illa
1642 1617 1741 1678 quam
1759 1600 1871 1663 notavi
1885 1599 2059 1666 distinctio.
2072 1600 2099 1685 ¹)

84 1682 172 1768 quod
193 1682 305 1746 anima
329 1682 373 1745 sit
394 1680 530 1762 spiritus
551 1685 693 1755 sanctus,
727 1686 761 1742 et
793 1677 931 1761 angelus
963 1676 1064 1741 stiam
1203 1674 1246 1738 In
1263 1676 1362 1741 tertia
1379 1678 1505 1743 ratione
1524 1679 1586 1743 sibi
1602 1692 1670 1749 tum
1681 1684 1829 1749 suaviter
1839 1683 1967 1766 plaudit
1978 1684 2100 1752 Serve-

83 1771 144 1835 fiat
164 1767 252 1833 idem
274 1766 419 1849 spiritus,
441 1767 526 1831 siout
542 1763 690 1840 verbum,
714 1763 772 1828 ubi
788 1763 828 1827 fit
845 1782 929 1840 caro,
952 1767 1065 1825 manet
1117 1767 1180 1840 tus,
1192 1770 1228 1824 ut
1240 1761 1469 1844 syllogismum
1480 1764 1688 1832 insolubilem
1700 1789 1736 1834 se
1746 1768 1868 1836 habere
1879 1772 1997 1855 fingat:
2017 1770 2100 1837 Om-

84 1863 198 1921 tamen
219 1852 367 1930 verbum,
401 1852 477 1935 quia
510 1857 617 1915 totum
649 1849 777 1932 plasma
798 1869 875 1915 earo
897 1850 941 1914 sit
961 1846 1063 1913 verbi.
1117 1845 1169 1943 nis
1187 1845 1243 1928 qui
1264 1867 1332 1910 non
1355 1846 1459 1912 credit
1479 1849 1547 1914 filio
1558 1849 1622 1916 Dei
1642 1863 1754 1919 manet
1771 1855 1806 1919 in
1824 1864 1929 1921 morte
1940 1855 2042 1936 Adae,
2065 1863 2101 1922 et

85 1942 136 2006 Ac
158 1960 201 2004 ne
223 1939 295 2021 quis
317 1939 388 2004 sine
415 1937 543 2002 ratione
566 1956 642 2000 eum
664 1935 810 2000 insanire
832 1934 929 2012 dieat,
961 1932 1065 2014 serip-
1116 1951 1167 1994 rra
1188 1930 1252 1996 Dei
1274 1939 1388 1997 manet
1407 1954 1506 2015 super
1528 1957 1612 2002 eum.
1666 1938 1782 2005 Infans
1816 1939 1996 2023 baptizatus
2029 1963 2098 2007 non

86 2033 181 2092 turae
203 2023 399 2090 testimoniis
431 2024 617 2088 instructus
649 2021 766 2103 prodit.
810 2019 944 2085 Psalmo
970 2023 1008 2082 15
1032 2022 1066 2082 et
1117 2015 1221 2081 credit
1241 2016 1310 2081 filio
1331 2015 1405 2083 Dei
1436 2020 1527 2104 Ergo
1549 2032 1662 2086 manet
1684 2025 1717 2088 in
1741 2033 1847 2090 morte
1865 2026 1968 2092 Adae.
1998 2026 2098 2108 Quod

86 2115 127 2176 72
150 2111 394 2192 scriptumest:
416 2108 580 2173 Dominus
602 2126 678 2189 pura
700 2126 782 2171 mea
827 2105 922 2170 Nihil
944 2103 1065 2171 elarius
1100 2109 1229 2166 'autem
1251 2123 1319 2166 non
1341 2103 1486 2183 credant,
1518 2105 1645 2173 clarum
1666 2117 1730 2174 est:
1765 2112 1841 2192 quia
1874 2109 1956 2176 fides
1983 2120 2098 2178 estex

84 2205 137 2262 est
169 2217 269 2279 quam
292 2193 455 2260 Davidem
488 2193 555 2260 illic
587 2191 814 2257 adhumanas
844 2189 1065 2255 haereditates
1117 2187 1243 2252 auditu.
1288 2188 1478 2271 Antequam
1505 2191 1595 2257 hunc
1623 2193 1817 2276 gordianum
1848 2196 1972 2261 nodum
1994 2197 2096 2277 solvo,

85 2283 241 2359 alludere,
263 2281 340 2363 quia
361 2280 445 2345 nihil
466 2279 575 2345 carius
603 2276 656 2343 vel
684 2277 859 2359 pretiosius
881 2297 940 2342 suo
962 2274 1065 2358 patri·
1117 2274 1318 2338 contrarium
1358 2275 1587 2358 syllogismum
1627 2298 1806 2363 opponam:
1858 2279 2098 2366 Quemcunque

83 2369 193 2434 monio
215 2368 337 2432 habent
358 2367 516 2431 homines.
542 2364 670 2430 Eodem
689 2362 778 2427 baud
797 2361 893 2428 dubie
910 2380 1064 2443 respexe·
1117 2356 1282 2423 benedicit
1314 2357 1478 2439 Christus,
1516 2361 1556 2426 ab
1592 2363 1685 2430 Adae
1718 2366 1947 2433 maledictione
1980 2375 2015 2433 et
2045 2369 2097 2434 ira

84 2463 137 2520 rat
158 2455 251 2519 Deus
273 2474 373 2535 quum
408 2451 493 2516 filios
515 2450 671 2516 Abrahae
705 2448 942 2514 haereditatem
971 2467 1065 2513 suam
1115 2445 1181 2509 Dei
1203 2443 1327 2510 eximit.
1371 2446 1519 2513 Infantes
1539 2456 1651 2514 autem
1674 2451 1714 2515 ab
1747 2473 1786 2517 eo
1815 2452 2003 2520 benedictus
2025 2475 2098 2520 esse

83 2561 207 2608 vocans
237 2538 365 2604 saillis
392 2538 428 2602 in
454 2535 690 2601 haereditatem
713 2534 858 2601 vicissim
880 2535 948 2598 fore
970 2532 1064 2616 polli-
1115 2537 1233 2594 notum
1254 2537 1313 2595 est.
1358 2531 1449 2615 Ergo
1472 2532 1513 2599 ab
1534 2533 1586 2599 ira
1606 2536 1671 2600 Dei
1699 2547 1867 2620 exemptos
1894 2561 1966 2605 esse
1986 2540 2097 2623 scqui-

84 2627 168 2692 eitus
190 2625 305 2689 fuerat.
350 2621 511 2688 Servatus
545 2622 607 2688 hoe
640 2628 815 2703 praetextu
846 2620 999 2702 spiritum
1028 2620 1064 2682 in
1116 2623 1181 2680 tur.
1228 2615 1327 2697 Quid,
1367 2616 1453 2700 quod
1478 2617 1646 2686 'Servetus
1684 2623 1766 2706 ipse,
1805 2632 1845 2688 ut
1883 2624 1981 2708 paulo
2023 2634 2099 2707 post

84 2712 212 2776 animas
233 2716 364 2775 nostras
386 2707 607 2774 essentialiter
629 2706 777 2783 distillat,
807 2706 862 2788 qui
885 2708 973 2787 ipsas
995 2704 1063 2768 dei·
1116 2701 1309 2799 videbimus,
1341 2703 1484 2769 infantes
1518 2716 1652 2771 aeterno
1680 2711 1781 2774 exitio
1802 2731 1869 2775 non
1890 2712 2017 2794 patitur
2038 2709 2096 2776 ad·

83 2798 166 2874 ficet,
189 2806 227 2860 ut
248 2795 292 2860 sit
314 2793 493 2859 indisereta
515 2793 675 2876 quaedam
688 2812 814 2857 massa.
851 2792 976 2856 Mirum
998 2789 1063 2855 nisi
1116 2785 1200 2853 dici?
1245 2787 1318 2852 Irno
1347 2793 1422 2867 [pag.
1446 2796 1522 2869 217]
1554 2790 1668 2858 beatae
1690 2797 1941 2862 resurrectionis
1963 2816 2098 2862 consor·
2191 2802 2197 2804 ’

82 2888 177 2947 tanta
209 2880 344 2945 fatuitas
372 2879 428 2944 vel
461 2880 587 2945 caninis
619 2878 782 2944 frontibus
815 2875 972 2942 ruborem
1005 2898 1063 2941 ex·
1116 2880 1166 2937 tes
1189 2873 1257 2938 fore
1279 2873 1382 2940 docet.
1426 2875 1590 2942 Moriatur
1611 2879 1721 2944 infans
1743 2882 1883 2964 septimo
1905 2882 1959 2947 vel
1982 2889 2097 2948 octavo

82 2968 214 3050 primat,
1116 2979 1239 3037 mense,
1267 2959 1335 3024 imo
1356 2981 1439 3043 puer
1467 2982 1555 3027 anno
1577 2964 1783 3032 duodecimo:
1818 2966 1957 3033 adeum
1982 2967 2098 3033 salutis

169 3052 212 3116 In
244 3050 428 3133 penultima
467 3049 687 3132 propositione
719 3048 801 3113 mihi
835 3071 855 3113 a
886 3047 1063 3113 lectoribus
1115 3065 1174 3126 per
1207 3044 1378 3112 Christum
1413 3055 1527 3128 partae
1559 3052 1666 3133 gratia
1699 3051 1882 3118 secundum
1916 3052 2098 3119 Servatum

84 3135 229 3222 petenda
251 3137 314 3201 erit
335 3136 513 3212 excusatio,
541 3136 568 3201 si
600 3134 902 3218 paedobaptismum
924 3155 966 3199 ex
988 3155 1063 3217 pro-
1116 3130 1238 3212 absque
1261 3131 1423 3214 baptismo
1443 3135 1621 3215 perveniet.
1658 3136 1728 3202 Cur
1749 3159 1828 3221 ergo
1849 3139 1945 3204 nobis
1968 3140 2098 3203 axioma

84 3225 169 3290 fesso
191 3243 258 3287 non
281 3219 471 3287 defendam:
493 3242 559 3286 non
582 3221 667 3302 quod
690 3219 830 3285 difficilis
853 3219 897 3284 sit
918 3220 972 3285 vel
993 3241 1063 3285 mc·
1116 3217 1263 3281 obtrudit
1288 3216 1376 3301 quod
1409 3238 1470 3284 neo
1502 3220 1573 3302 ipse
1605 3222 1759 3300 admittit,
1793 3231 1827 3288 et
1855 3223 1961 3289 afide
1984 3231 2097 3289 nostra

85 3307 176 3386 leste,
210 3307 264 3373 vel
292 3308 392 3372 etiam
423 3306 585 3373 laboriosa
617 3306 719 3371 huius
751 3327 868 3372 causae
903 3304 1061 3372 defensio:
1116 3322 1251 3384 prorsus
1274 3302 1522 3369 dissentaneum
1544 3327 1615 3372 csse
1637 3329 1705 3372 non
1726 3308 1880 3391 ignorat?
1916 3310 2096 3373 Caeterum

87 3392 144 3458 sed
165 3395 242 3476 quia
263 3393 337 3459 nolo
359 3401 469 3458 actum
491 3413 596 3476 agere.
647 3392 744 3458 Hanc
777 3393 866 3457 enim
896 3391 1064 3457 doetrinae
1115 3388 1299 3471 syllogismi
1321 3388 1427 3454 facilis
1450 3401 1500 3454 est
1532 3392 1659 3470 solutio,
1693 3392 1825 3475 quando
1847 3393 1916 3459 illic
1939 3393 2096 3459 Christus

85 3487 214 3562 partem
242 3480 346 3562 magis
373 3480 501 3562 copiose
522 3477 606 3542 mihi
627 3486 785 3544 tractasse
807 3478 929 3554 videor,
963 3498 1062 3559 quam
1115 3474 1260 3539 infantes
1291 3473 1333 3538 ad
1366 3475 1512 3540 tribunal
1544 3477 1609 3542 Dei
1642 3499 1710 3543 non
1743 3480 1824 3542 citat
1854 3477 2096 3545 maledictionis

78 3572 126 3629 ut
154 3563 194 3628 de
231 3565 358 3647 integro
397 3584 485 3629 nuno
524 3564 594 3629 cius
627 3564 801 3646 explicatio
833 3561 976 3628 texenda
1010 3564 1063 3628 sit.
1115 3581 1197 3637 reos,
1230 3558 1290 3624 sed
1321 3567 1451 3624 tantum
1471 3562 1718 3629 contumacibus
1739 3563 1898 3628 iudicium
1920 3564 2099 3629 denunciat

87 3650 232 3714 Tantum
259 3651 402 3715 breviter
435 3650 616 3728 ostendam,
652 3650 769 3732 quibus
803 3648 944 3716 stimulis
976 3648 1065 3713 ultra
1115 3648 1171 3729 qui
1203 3643 1352 3708 auditam
1385 3647 1549 3730 evangelii
1582 3646 1765 3714 doctrinam
1798 3658 1969 3733 respuunt.
2022 3650 2098 3715 Hoc

84 3755 200 3801 omnes
233 3733 469 3817 Anabaptistas
507 3736 650 3818 percitus
689 3735 789 3800 fuerit
821 3733 982 3800 Servetus
1022 3732 1064 3797 ad
1117 3752 1194 3798 voro
1216 3731 1259 3795 ad
1280 3730 1423 3795 infantes
1446 3753 1512 3796 non
1535 3734 1640 3817 magis
1661 3735 1815 3817 pertinet,
1849 3757 1949 3819 quam
1971 3737 2095 3819 capita·

84 3820 347 3888 maledicendum
383 3820 657 3904 paedobaptisme.
718 3819 850 3904 Viginti
883 3820 1063 3884 rationibus
1116 3820 1156 3884 lis
1179 3837 1292 3900 poena,
1326 3835 1390 3897 qua
1410 3817 1504 3882 Deus
1538 3817 1706 3885 ulciscitur
1737 3820 1877 3887 rebelles
1908 3821 2004 3902 filios,
2038 3822 2096 3905 qui

83 3907 253 3973 contendit
279 3905 362 3971 libro
385 3907 426 3972 de
448 3906 712 3990 Regeneratione
733 3917 861 3988 quarto,
889 3925 1062 3988 perperam
1117 3905 1294 3972 violentam
1316 3922 1451 3967 manum
1473 3904 1560 3985 patri
1582 3904 1638 3969 vel
1660 3906 1759 3970 matri
1780 3906 1964 3972 intulerint
2009 3907 2098 3989 Quia

83 4014 121 4060 ac
143 4007 275 4076 praeter
295 3994 359 4057 Dei
382 3991 575 4057 mandatum
597 3990 753 4073 baptizari
775 3993 928 4057 infantes.
1116 3992 1152 4055 in
1175 3989 1237 4054 hoo
1258 3987 1572 4071 syllogismo'suum
1601 4013 1739 4056 acumen
1761 3993 1901 4058 miratus
1923 4003 1995 4057 erat
2017 3992 2097 4058 Ser-

171 4079 284 4144 Prima
301 4087 361 4157 est,
380 4078 466 4161 quod
477 4077 601 4144 Christi
619 4077 768 4161 symbola
780 4084 802 4157 ¹)
821 4078 965 4162 perfecta
976 4076 1065 4143 viros
1117 4087 1220 4152 vetus,
1254 4072 1436 4138 seeundum
1467 4073 1615 4140 eiusdem
1636 4078 1760 4142 farinae
1780 4079 1913 4144 attexit:
1938 4077 2095 4160 Quisquis

83 4165 244 4245 perfectos
257 4165 402 4248 exigant,
414 4164 468 4230 vel
478 4163 686 4247 perfeetionis
697 4184 840 4246 capaces.
859 4162 1064 4245 Respondes,
1116 4168 1213 4226 natus
1254 4167 1304 4225 est
1338 4179 1381 4222 ex
1415 4159 1545 4242 spiritu,
1583 4183 1698 4228 vocem
1733 4164 1869 4246 spiritus
1904 4161 2003 4240 audit,
2042 4163 2098 4227 Io-

84 4249 387 4316 minusvoreeunde
398 4247 697 4327 facercSorvetum,
710 4253 808 4333 quam
819 4250 927 4316 solent
939 4247 1066 4314 mathe-
1116 4247 1237 4312 hannis
1260 4250 1289 4310 3.
1320 4244 1617 4329 Paedcbaptiaatus
1638 4269 1705 4313 non
1728 4247 1832 4313 audit:
1856 4268 1934 4330 ergo
1956 4269 2024 4312 non
2046 4253 2098 4313 est

85 4334 206 4411 matici,
231 4340 305 4414 [pag.
318 4342 394 4416 216]
415 4337 471 4420 qui
493 4335 654 4419 principia
676 4334 792 4401 saltem
813 4337 977 4418 petunt.²)
999 4334 1064 4398 Hie
1116 4341 1213 4397 natus
1236 4353 1277 4397 ex
1299 4331 1425 4414 spiritu.
1470 4333 1599 4398 Verum
1626 4332 1715 4416 quod
1746 4355 1789 4398 ex
1817 4334 1916 4398 tertio
1938 4331 2098 4401 Iohannis

85 4436 167 4483 vero
188 4440 208 4482 a
230 4439 265 4482 se
287 4420 357 4500 ipso
380 4429 507 4488 creatus
526 4423 685 4506 magister
694 4424 720 4501 ⁸)
755 4422 863 4506 legem
891 4441 950 4503 pro
978 4418 1063 4484 arbi·
1116 4420 1222 4501 capite
1254 4419 1342 4496 citat,
1376 4440 1541 4502 nusquam
1563 4427 1709 4503 apparet
1753 4418 1870 4502 Itaque
1890 4419 1999 4484 diruto
2020 4419 2098 4485 fun·

86 4501 151 4566 trio
178 4522 237 4567 suo
268 4505 363 4570 nobis
394 4507 543 4590 imponit.
598 4508 782 4590 Responsio
816 4516 926 4573 autem
960 4504 1064 4570 facilis
1116 4504 1407 4581 cananaeorum
1429 4505 1614 4570 aedificium
1635 4503 1785 4570 concidit.
1820 4504 1867 4569 Et
1888 4512 2001 4571 tamen
2019 4504 2100 4571 Ser·

84 4594 146 4666 est,
169 4586 323 4672 baptismi
344 4593 585 4672 perfectionem,
621 4595 715 4659 euius
744 4616 823 4659 usus
852 4592 894 4657 ad
921 4601 1064 4655 mortem
1116 4599 1192 4657 veto
1213 4610 1282 4654 non
1302 4590 1479 4658 concedam
1500 4591 1653 4673 spiritum
1677 4591 1718 4656 ab
1739 4590 1921 4658 infantibus
1951 4613 2018 4657 non
2039 4613 2098 4657 au·

85 4692 190 4756 usque
211 4674 412 4754 extenditur,
434 4676 475 4741 ad
497 4698 603 4743 unum
624 4682 781 4763 temporis
801 4678 976 4744 articulum
998 4699 1064 4742 non
1117 4676 1190 4741 diri.
1234 4675 1347 4741 Habet
1368 4677 1458 4744 enim
1479 4675 1571 4740 Deus
1603 4697 1740 4741 arcanos
1759 4675 1875 4742 modos
1898 4678 2017 4760 quibus
2038 4696 2100 4742 sua

85 4758 205 4825 debere
245 4760 415 4844 restringi:
454 4761 590 4845 ideoque
628 4765 712 4830 nihil
752 4787 823 4832 esse
862 4763 998 4830 absurdi
1037 4763 1065 4828 si
1116 4755 1275 4846 figmenta
1296 4764 1464 4845 paulatim,
1492 4771 1530 4825 ut
1552 4762 1661 4827 visum
1682 4768 1743 4842 cst,
1771 4762 1900 4828 formet.
1944 4760 2024 4826 Ideo
2045 4762 2097 4826 in·

1118 4849 1224 4913 fantes
1257 4867 1316 4912 suo
1350 4846 1446 4913 modo
1468 4846 1639 4913 Christum
1672 4845 1811 4914 induero
1843 4848 1991 4925 dicimus,
2023 4846 2101 4931 quia

1118 4954 1174 4999 eos
1195 4933 1405 5016 amplectitur
1427 4931 1590 5012 Christus,
1612 4939 1651 4998 ut
1672 4954 1734 5000 sua
1753 4932 1881 5000 iustitia
1902 4933 2030 4998 vestiat

156 5066 188 5203 ii
206 5082 419 5206 Yddeiieeis'qui
436 5153 470 5191 nc
489 5139 543 5193 soit
559 5137 641 5194 fonde
659 5153 693 5193 cn
711 5140 801 5194 raison
819 5143 957 5196 atterite.
1189 5137 1219 5203 1)
1238 5137 1312 5192 Aac.
1332 5139 1398 5192 c’cst
1415 5136 1496 5206 qu’cn
1515 5153 1544 5193 se
1562 5153 1679 5206 prepare
1698 5139 1715 5193 b
1731 5137 1855 5192 recevcit
1871 5134 1983 5192 laOcne
2001 5137 2103 5194 derant

157 5203 189 5273 d)
207 5204 245 5260 Co
262 5205 373 5261 maists
391 5205 515 5262 cliborcn
532 5208 578 5276 qui
594 5206 661 5263 s'est
679 5207 729 5261 fait
746 5208 861 5263 docteur
879 5212 896 5266 b
913 5226 944 5265 sa
962 5217 1050 5280 peste.
1120 5205 1183 5278 qu'y
1201 5207 1288 5262 venir:
1308 5213 1398 5262 esunt
1415 5206 1539 5275 baptista
1558 5222 1593 5262 on
1611 5207 1693 5264 sache
1712 5209 1729 5263 t
1745 5204 1835 5275 quelle
1853 5205 1900 5262 fln.

1840 5289 1893 5345 39*
