4762 5918
159 370 202 436 29
340 421 341 426 ι
988 365 1053 432 DE
1075 364 1351 434 SOANDALIS.
2134 374 2177 439 30

158 557 396 627 verohostium
405 553 613 634 truculentia,
625 574 736 620 aunon
747 552 1145 620 totidemillisubeundae
1196 552 1275 636 pati,
1297 552 1383 635 quod
1405 552 1527 620 addicti
1548 553 1750 620 immanibus
1771 558 1939 622 aerumnis
1962 578 2059 640 aegre
2080 559 2177 642 spiri·

159 645 298 711 filerunt
329 649 468 720 mortes,
510 640 574 705 nisi
610 639 676 705 Dei
708 661 811 704 manu
845 640 961 706 fuisset
989 639 1142 723 ereptus?
1196 646 1268 704 tum
1297 638 1480 704 trahebant.
1526 637 1595 705 Sed
1616 660 1718 722 quum
1741 641 1926 706 masculum
1948 663 2061 709 semen
2084 647 2177 727 peni·

159 728 273 806 Adde,
309 725 487 810 quodnisi
525 725 657 791 coelesti
683 726 808 790 virtute
835 726 952 790 fuisset
977 725 1142 804 suffultus,
1196 731 1251 789 tas
1274 723 1397 789 aboleri
1417 724 1565 789 iussisset
1587 725 1734 804 Pharao,
1763 727 1836 809 quis
1864 748 1931 792 non
1958 727 2000 793 ad
2027 737 2176 796 extrema

138 814 282 881 millies
315 813 386 895 ipse
424 812 602 894 quotannis
636 820 751 894 sponte
784 809 987 876 concidisset.
1032 811 1143 876 Maius
1196 817 1333 877 ventum
1355 829 1426 874 esse
1453 808 1613 875 dixisset?
1658 812 1868 877 Mentiuntur
1894 813 2100 894 obstetrices,
2132 837 2176 882 ne

160 899 281 967 deinde
303 906 338 964 et
358 897 504 964 (1111111118
522 896 671 981 sequitur
688 898 813 962 inarea
829 896 1035 973 muatulum,
1057 894 1144 979 quod
1195 895 1306 978 regiae
1328 894 1514 961 crudelitati
1535 896 1706 961 ministras
1732 918 1766 962 se
1787 898 1975 980 praebeant.
2020 899 2099 983 Ipse
2119 901 2176 967 de-
2276 928 2281 936 ’

161 985 252 1052 coelo
274 990 309 1050 et
329 1004 406 1049 aere
427 983 593 1065 privatus,
622 983 724 1049 vitam
753 1002 819 1046 non
848 982 914 1047 nisi
934 982 971 1046 in
993 981 1143 1065 sepulcro
1195 981 1294 1064 nique
1317 983 1425 1066 gentis
1447 981 1605 1047 liberator
1624 983 1755 1061 Meinas,
1783 983 1899 1049 iuncea
1921 1004 1996 1050 arca
2017 985 2174 1068 inclusae,

162 1071 306 1138 invenit:
329 1068 483 1153 spiritum
504 1067 640 1133 vitalem
661 1068 720 1133 ubi
739 1067 859 1146 trahat,
883 1067 949 1132 nisi
969 1067 1006 1132 in
1027 1068 1143 1132 morti-
1195 1066 1237 1132 ad
1265 1067 1370 1149 ripam
1397 1067 1544 1132 fluminis
1580 1068 1757 1150 proiicitur.
1807 1067 1990 1151 Desperata
2025 1072 2175 1137 omnium

164 1159 236 1224 fera
263 1154 491 1231 suffocatione,
504 1153 529 1236 ¹)
555 1172 622 1218 non
652 1152 774 1219 habet:
795 1152 934 1236 denique
961 1151 1048 1235 quod
1075 1173 1143 1218 non
1196 1152 1294 1230 salus,
1319 1160 1490 1235 totumque
1512 1174 1631 1217 nomen
1660 1174 1793 1236 prorsus
1822 1153 1966 1219 deletam
1987 1156 2173 1223 videbatur.

163 1243 260 1309 aliter
281 1238 498 1324 superstesin
519 1237 764 1322 mundopotest
783 1259 925 1318 manere,
951 1239 1015 1304 uisi
1033 1260 1057 1303 e
1074 1246 1142 1304 toto
1195 1237 1304 1319 Quam
1331 1238 1464 1322 insigne
1491 1258 1569 1323 ergo
1597 1238 1660 1304 hoc
1681 1238 1746 1303 Dei
1774 1240 1971 1305 musculum
1997 1262 2067 1308 esse
2089 1242 2174 1308 iudi·

160 1323 450 1395 muudodiseedat.
484 1321 597 1406 Quum
618 1323 832 1389 mundumex
843 1324 965 1389 diluvio
978 1344 1142 1388 emersum
1195 1323 1357 1401 cabimus,
1386 1322 1472 1406 quod
1499 1326 1554 1406 qui
1581 1324 1688 1390 decies
1717 1327 1901 1408 consumpti
1928 1348 2000 1393 esse
2021 1334 2175 1410 poterant

159 1414 253 1480 Deus
275 1408 515 1495 quodammodo
541 1418 747 1489 renovasset,
776 1417 953 1492 sequutum
974 1417 1025 1474 est
1044 1409 1143 1492 paulo
1194 1429 1261 1474 non
1283 1407 1380 1474 modo
1400 1411 1522 1493 integri
1544 1419 1694 1489 manent,
1723 1408 1781 1476 sed
1801 1411 2010 1478 incredibiles
2031 1413 2105 1480 illos
2125 1415 2174 1478 fa·

159 1505 234 1599 poet
244 1498 351 1564 multo
363 1495 509 1562 deterius
528 1516 566 1561 ac
584 1496 689 1579 magis
711 1495 843 1560 exitiale
860 1493 1032 1575 diluvium,
1056 1494 1142 1578 quod
1195 1495 1289 1559 ciunt
1319 1516 1528 1579 progressus,
1568 1497 1623 1579 qui
1655 1497 1845 1562 referuntur
1877 1518 1898 1560 a
1929 1498 2058 1563 Moise'l
2107 1499 2174 1565 Hic
2212 1561 2215 1565 ,

159 1586 314 1668 impietas
336 1590 451 1666 gentes
473 1581 777 1664 omnesoecupavit.
809 1581 925 1663 Neque
948 1580 1009 1646 hoc
1030 1578 1143 1647 decem
1194 1600 1275 1645 vero
1303 1601 1339 1646 se
1369 1581 1512 1646 ostendit
1541 1582 1580 1646 in
1604 1581 1795 1665 reputandis
1824 1583 1890 1647 Dei
1918 1585 2071 1667 operibus
2098 1585 2174 1667 plus

158 1669 363 1752 mensium²)
384 1668 455 1746 fuit,
477 1666 536 1731 sed
556 1666 656 1750 longa
678 1687 841 1731 annorum
861 1667 945 1732 serie
961 1665 1142 1751 gressuum
1195 1687 1294 1751 quam
1322 1666 1468 1750 maligna
1500 1667 1671 1732 hominum
1701 1674 1775 1747 [pag.
1799 1673 1854 1746 34]
1886 1670 2040 1751 pravitas.
2086 1670 2175 1736 Nam

159 1759 249 1826 vires
271 1753 416 1838 collegit:
439 1759 479 1817 ut
499 1753 571 1834 ipsa
591 1772 722 1900 guoque
738 1751 863 1817 familia
885 1750 975 1831 Sem,
997 1753 1144 1817 sanctius
1195 1753 1224 1817 si
1253 1751 1332 1835 quid
1361 1753 1513 1835 opinione
1540 1774 1601 1818 sua
1627 1755 1735 1819 maias
1769 1775 1789 1819 a
1816 1753 1889 1818 Deo
1918 1753 2042 1819 editam
2070 1755 2174 1821 fuisse

160 1840 226 1907 Dei
235 1840 413 1924 peculiam,
435 1858 591 1921 propemc
615 1858 673 1901 um
695 1838 849 1921 absorpta
859 1838 956 1902 foret:
981 1837 1141 1922 nisiquod
1194 1837 1334 1902 audiunt
1355 1839 1390 1902 in
1412 1837 1567 1904 ecclesiae
1589 1840 1744 1919 salutem,
1774 1841 1868 1922 quasi
1889 1840 2074 1906 fabulosam
2096 1842 2173 1907 reii-

159 1924 395 2002 Melehieedec,
425 1928 501 1990 eam
528 1923 642 2006 paucis
668 1943 792 2006 purum
813 1921 878 1987 Dei
906 1923 1032 1989 cultum
1062 1924 1141 1988 reti·
1194 1924 1305 1990 ciunt.-
1340 1922 1509 2074 Quidglaid
1539 1924 1674 2008 vulgare
1701 1932 1765 2004 est,
1794 1947 1855 1992 nec
1883 1925 1965 1991 alias
1991 1926 2172 2007 insolitum,

160 2033 262 2090 neus,
302 2012 388 2076 inter
418 2011 612 2073 innumeros
650 2009 769 2074 fluctus
800 2016 911 2074 rectus
943 2009 1141 2093 integerque
1193 2009 1329 2075 fortuito
1358 2012 1425 2076 acci
1451 2011 1528 2089 sse,
1555 2010 1610 2076 vel
1639 2010 1755 2076 saltem
1777 2012 1983 2090 humanitus,
2012 2012 2173 2079 iactantes

161 2098 286 2164 stabat:
329 2116 389 2161 uae
409 2095 460 2159 illi
482 2096 580 2159 unica
600 2094 664 2158 fuit
674 2093 830 2160 enatandi
841 2094 935 2159 ratio.
970 2094 1142 2161 Abraham
1194 2103 1419 2160 contemnunt.
1464 2094 1503 2161 Si
1532 2103 1641 2160 autem
1673 2097 1783 2161 miuus
1811 2118 1968 2180 prospera
2001 2107 2059 2162 aut
2084 2096 2173 2164 laeta

161 2203 243 2249 vero
264 2188 301 2247 ut
355 2203 415 2247 eus
443 2179 575 2247 salvum
602 2179 755 2259 haberet,
784 2179 985 2263 eprofuudo
1007 2180 1142 2246 idolola·
1194 2189 1245 2246 est
1276 2181 1431 2246 eeclesiae
1467 2180 1622 2260 conditio,
1656 2181 1719 2246 hoc
1751 2183 1902 2266 protinus
1935 2182 2097 2264 arripiunt
2130 2181 2173 2247 ad

158 2269 245 2334 triae
267 2269 396 2352 gurgite
423 2287 499 2331 eum
528 2264 650 2331 eduxit.
695 2266 800 2331 Porro
831 2266 867 2330 iu
889 2273 1026 2345 terrm,
1058 2287 1142 2348 qaae
1194 2265 1340 2331 scandali
1367 2267 1549 2332 materiam.
1593 2266 1739 2332 Proinde
1765 2267 1852 2350 quod
1884 2266 2014 2333 miseris
2039 2266 2172 2333 Iudaeis
2277 2269 2280 2276 ’

158 2354 209 2420 1111
231 2353 396 2419 destinata
417 2359 488 2417 erat
509 2352 544 2416 in
567 2350 815 2431 haereditatem,
838 2351 1017 2430 traductas,
1040 2352 1088 2417 sic
1105 2354 1142 2416 in
1192 2352 1375 2417 lateritium
1402 2372 1484 2434 opus
1511 2361 1580 2417 tam
1608 2373 1711 2436 grave
1735 2362 1769 2417 et
1795 2353 1955 2418 illiberale
1982 2374 2050 2423 noa
2077 2375 2172 2420 secas

160 2461 200 2505 ea
220 2439 469 2524 peregrinatur,
498 2445 537 2502 at
558 2456 646 2503 nane
673 2436 804 2522 litigare
826 2435 867 2502 de
891 2457 976 2520 aqua
997 2443 1142 2522 cogatur,
1193 2457 1231 2503 ae
1251 2438 1407 2503 iumentis
1428 2439 1561 2520 imponi,
1584 2436 1671 2520 quod
1692 2439 1874 2505 masculam
1893 2459 2010 2504 eoram
2027 2438 2171 2505 sobolem

159 2545 249 2590 nuuc
271 2545 348 2589 eum
369 2522 473 2588 samm
491 2521 556 2587 alio
578 2520 739 2604 dispellat.
772 2521 874 2604 Apud
896 2522 977 2588 duos
999 2523 1139 2607 reges,⁸)
1192 2522 1234 2588 ab
1255 2531 1349 2588 utero
1370 2521 1413 2587 ad
1424 2544 1539 2589 necem
1551 2523 1721 2607 postulari,
1744 2523 1830 2607 quod
1850 2525 1981 2590 turbam
1991 2524 2171 2608 ignobilem

159 2632 226 2694 quo
252 2610 368 2674 mortis
402 2608 585 2691 periculum
614 2608 766 2692 effugiat,
799 2628 868 2672 non
895 2607 984 2673 aliud
1011 2610 1141 2674 invenit
1191 2608 1405 2674 tumultuarie
1427 2609 1571 2674 collectis
1593 2610 1681 2677 vasis
1703 2609 1888 2676 clanculum
1911 2611 2069 2694 aufugere
2085 2610 2171 2675 Moi-

159 2695 354 2772 remedium,
377 2695 442 2759 nisi
463 2701 503 2758 ut
523 2714 616 2759 suam
634 2713 771 2758 uxorem
793 2693 864 2758 vita
886 2693 948 2759 sibi
971 2695 1139 2773 cariorem,
1192 2715 1244 2760 ses
1272 2703 1403 2759 narrat:
1438 2695 1500 2761 hoe
1528 2695 1681 2778 plurimis
1714 2695 1888 2779 indignum
1916 2716 1987 2760 esse
2016 2695 2192 2761 ecclesiae·

160 2787 304 2864 exponat
333 2779 438 2845 veluti
469 2780 504 2843 in
532 2777 697 2861 praedam.
742 2776 886 2844 Easdem
917 2787 1014 2861 atque
1041 2780 1140 2845 etiam
1193 2781 1297 2864 gloria
1319 2780 1457 2845 videtur.
1504 2779 1601 2860 Quod
1623 2781 1722 2846 Iacob
1745 2800 1821 2846 cum
1843 2802 1903 2847 sua
1923 2779 2049 2846 familia
2071 2781 2172 2847 comi·

161 2867 344 2950 asperiores
365 2865 534 2930 molestias
556 2863 699 2929 subeunt
720 2863 808 2930 filius
831 2873 864 2928 et
885 2885 1004 2948 nepos,
1032 2867 1139 2948 quoti·
1192 2875 1245 2930 ter
1266 2865 1472 2930 aPharaone
1491 2867 1591 2931 faisse
1609 2873 1793 2950 exceptam,
1816 2866 1903 2951 quod
1920 2865 2062 2951 benigne
2084 2873 2172 2932 trao-

159 2953 214 3018 die
241 2973 317 3018 cum
348 2951 456 3017 suevis
485 2958 519 3015 et
545 2950 692 3016 barbaris
720 2949 922 3029 hominibus,
956 2971 1024 3016 non
1057 2951 1140 3017 eitra
1191 2958 1299 3016 tatum
1323 2959 1356 3017 et
1382 2952 1417 3016 in
1445 2952 1562 3034 opimis
1590 2954 1718 3034 pascuis
1745 2952 1938 3019 collocatum
1967 2953 2082 3018 refert:
2109 2952 2171 3017 hoo

157 3040 250 3105 vitae
271 3036 458 3116 discrimen,
488 3036 581 3118 quasi
602 3056 678 3101 cum
699 3035 779 3102 feris
799 3035 913 3103 bestiis
935 3035 1137 3102 dimicantes.
1192 3036 1227 3102 in
1250 3036 1393 3102 secunda
1418 3038 1552 3104 fortuna
1579 3037 1746 3120 deputant.
1793 3036 1890 3118 Quod
1912 3058 1980 3104 non
2001 3039 2050 3103 ita
2071 3037 2103 3102 lo
2150 3056 2171 3104 o

161 3128 237 3203 [pag.
250 3128 304 3204 aa]
325 3120 425 3189 Oerte
447 3122 549 3187 sicui
570 3121 606 3185 in
628 3119 753 3187 tuenda
780 3141 895 3187 eorum
912 3121 1032 3199 salute,
1062 3141 1139 3187 con·
1190 3123 1347 3206 temporis
1369 3142 1521 3190 successa
1536 3124 1572 3188 in
1588 3123 1746 3206 populum
1767 3123 1938 3208 ingentem
1960 3124 2102 3189 crevuse

160 3211 274 3293 spicae
294 3229 361 3273 uon
384 3213 436 3273 est
452 3205 518 3272 Dei
539 3228 668 3287 manus,
690 3227 767 3272 eum
788 3206 863 3290 plus
884 3227 985 3289 qaam
1006 3227 1140 3274 caecum
1190 3208 1283 3273 milia
1309 3229 1376 3274 una
1403 3208 1537 3288 dicitur,
1567 3208 1654 3291 quod
1682 3208 1785 3274 tradit
1812 3208 1899 3274 idem
1927 3209 2050 3275 Moises
2075 3216 2124 3274 tot
2152 3228 2172 3273 a

159 3316 232 3362 esse
250 3301 386 3378 oportet
431 3292 502 3358 Nec
521 3313 601 3359 vero
622 3293 695 3358 sine
717 3312 816 3359 causa
836 3292 947 3358 David
968 3292 1059 3358 istud
1075 3293 1141 3360 Dei
1190 3293 1264 3359 Deo
1286 3293 1374 3360 edita
1392 3294 1492 3360 fuisse
1514 3301 1675 3377 portenta,
1698 3303 1736 3359 ut
1756 3293 1900 3377 perditos
1923 3315 1961 3359 ao
1983 3293 2172 3377 desperatos

161 3379 371 3465 praesidium,
393 3399 458 3461 quo
479 3379 544 3443 tuti
560 3380 705 3457 fuerunt,
728 3378 888 3463 singulari
906 3377 1012 3464 elogio
1028 3400 1140 3462 prose-
1190 3379 1360 3445 Israelitas
1380 3380 1571 3445 redimeret:
1596 3381 1674 3462 qaia
1695 3379 1795 3445 fidem
1818 3379 1955 3457 excedit,
1979 3379 2169 3461 quasilioti-

163 3467 293 3549 quitur:
315 3486 416 3547 quam
432 3464 616 3548 prohibitos
632 3463 734 3530 tuisse
752 3464 832 3530 dicit
848 3485 951 3549 reges,
974 3486 1018 3530 no
1035 3464 1141 3531 cbris-
1190 3467 1275 3531 tiam
1296 3466 1509 3532 subsannant.
1553 3466 1645 3550 Ergo
1675 3472 1713 3529 at
1733 3486 1834 3547 puras
1864 3465 1905 3529 ad
1933 3462 2170 3529 consideranda

163 3559 217 3617 tos
243 3549 378 3615 Domini
392 3549 589 3628 laederent,
617 3572 701 3616 neve
732 3550 903 3633 prophetis
931 3552 1002 3616 eius
1029 3560 1141 3616 essent
1191 3550 1258 3616 Dei
1285 3572 1385 3635 opera
1410 3557 1537 3616 mentes
1565 3550 1757 3627 afferamus,
1793 3550 1855 3616 hac
1883 3549 2046 3633 pravitate
2073 3549 2170 3615 nobis

159 3636 294 3704 molesti
314 3635 415 3720 (Psal.
436 3637 508 3712 105,
531 3635 595 3718 la).
639 3636 741 3702 Pauci
764 3645 862 3702 orant
882 3657 1029 3717 numero,
1060 3636 1139 3702 alie·
1191 3637 1340 3721 iugeuita
1361 3642 1438 3701 ante
1458 3635 1650 3719 purgandae
1671 3642 1758 3700 sunt.

158 3723 302 3807 nigenae
323 3729 356 3787 et
376 3721 484 3805 ignoti
503 3721 671 3787 homines:
701 3721 779 3806 vagi
801 3721 867 3787 hac
889 3730 923 3787 et
943 3721 1023 3788 illuc
1044 3723 1139 3789 ober·
1277 3723 1328 3787 Ne
1346 3721 1517 3787 historiam
1536 3729 1648 3786 texere
1666 3719 1782 3785 videar
1801 3719 1904 3804 (quod
1919 3719 2057 3785 minime
2074 3740 2170 3802 prae·

28 3821 31 3825 ’
158 3809 292 3874 rabant:
315 3806 450 3891 perfidis
461 3815 496 3872 et
504 3807 705 3872 immanibus
722 3806 852 3890 populis
863 3806 1008 3890 undique
1026 3808 1139 3874 uincti:
1191 3808 1294 3874 sentis
1316 3813 1366 3872 est
1386 3807 1651 3957 institatrglquae
1672 3825 1794 3890 magno
1818 3805 1974 3872 orationis
1997 3802 2171 3889 splendore

157 3901 363 3960 momentum
384 3893 514 3958 nullum
535 3894 681 3958 immune
702 3892 869 3960 habebant
887 3913 908 3957 a
923 3912 1009 3959 novo
1030 3893 1139 3978 aliquo
1191 3894 1301 3960 ornari
1327 3900 1496 3958 merentur
1546 3893 1654 3958 'vinae
1681 3893 1718 3956 in
1745 3891 1910 3958 servanda
1938 3891 2074 3958 ecclesia
2094 3911 2170 3973 pro·

159 3979 356 4046 discrimine.
404 3977 638 4061 Spectaculum
658 3977 792 4061 quidem
819 3978 882 4044 hoc
902 3977 965 4043 fuit
986 3978 1140 4129 superbis
1191 3977 1357 4046 videntiae
1378 3978 1538 4062 exempla,
1560 3978 1679 4045 leviter
1696 3978 1787 4061 quasi
1809 3978 1846 4043 iu
1866 3979 2169 4043 transcursuattin·

158 4064 347 4132 hominibus
369 4063 616 4145 contemptibile
632 4071 667 4130 et
676 4064 745 4129 fere
756 4061 997 4147 propudiosum,
1034 4071 1139 4130 ateor:
1232 4085 1268 4128 re
1296 4064 1379 4130 mihi
1407 4064 1488 4130 satis
1517 4071 1576 4130 est.
1622 4062 1820 4146 Quanquam
1847 4082 1889 4127 ue
1919 4062 2079 4128 decimam
2099 4063 2170 4145 qui·

159 4171 277 4216 verum
296 4150 333 4214 in
355 4151 418 4215 hoc
440 4156 639 4232 contemptu,
661 4149 789 4214 utiam
812 4148 894 4228 dixi,
922 4156 1081 4234 tauquam
1102 4151 1139 4215 in
1213 4171 1266 4216 em
1297 4157 1425 4233 partem
1457 4150 1620 4234 attingere
1653 4149 1779 4232 patitur
1810 4149 1918 4233 operis
1945 4147 2043 4213 ratio.
2099 4148 2170 4215 Nec

159 4236 299 4319 speculo,
321 4235 441 4301 melius
462 4233 647 4318 refulgebat
667 4234 927 4300 extraordinaria
936 4235 1002 4300 Dei
1023 4236 1137 4301 tutela.
1190 4256 1269 4303 vero
1301 4233 1336 4300 id
1368 4255 1567 4320 magnopere
1597 4255 1731 4300 necesse
1760 4241 1824 4300 est:
1858 4233 1955 4300 modo
1983 4254 2025 4299 ex
2057 4235 2170 4316 paucis

157 4320 231 4386 Iruo
251 4321 372 4387 clarius
393 4320 580 4404 perspicere
597 4320 683 4400 lieet,
706 4340 772 4385 nou
791 4339 833 4385 ex
852 4326 1066 4386 auctentum
1089 4320 1138 4386 di·
1190 4342 1296 4386 anam
1317 4319 1379 4387 hoc
1401 4320 1487 4404 quod
1508 4320 1582 4388 volo
1600 4328 1783 4404 agnoscant
1802 4319 1953 4385 lectores:
1977 4341 2040 4402 quo
2062 4321 2170 4403 magis

158 4405 248 4475 lario
281 4415 429 4490 ereptam
461 4405 564 4470 semel
595 4405 696 4472 faisse
729 4405 915 4484 ecclesiam,
949 4406 1008 4471 sed
1039 4406 1139 4491 longa
1190 4407 1251 4473 sub
1272 4426 1369 4473 cruce
1389 4425 1545 4489 oppressa
1565 4407 1629 4471 fuit
1650 4405 1795 4484 ecelesia,
1817 4425 1856 4470 eo
1877 4404 2051 4471 clariorem
2065 4405 2108 4470 ‘in
2130 4422 2195 4473 ea·

160 4499 305 4557 aetatum
327 4493 412 4557 serie
431 4491 467 4557 in
489 4490 657 4558 continuis
677 4490 840 4557 malorum
861 4489 1137 4558 exundationibus
1189 4489 1348 4577 erigenda
1368 4491 1434 4557 Dei
1462 4491 1619 4577 rutatum
1647 4491 1822 4556 exstitisse.
1866 4491 1921 4555 Ex
1948 4511 2013 4574 quo
2039 4491 2076 4557 in
2103 4501 2169 4558 ter·

159 4577 344 4643 fluitantem
366 4575 581 4642 nihilominus
602 4577 746 4642 durasse.
1076 4612 1079 4616 ·
1188 4599 1261 4643 ram
1277 4576 1440 4644 Ohanaan
1460 4577 1630 4661 ingressus
1651 4584 1702 4642 est
1717 4576 1868 4661 populas,
1887 4597 1952 4661 quo
1979 4577 2090 4643 miuus
2111 4599 2170 4647 va·

248 4659 407 4747 Sequitur
427 4663 623 4748 aegyptiaca
643 4662 800 4741 servitus,
830 4681 913 4744 quae
940 4661 982 4727 ab
1004 4662 1138 4729 unirer-
1189 4685 1287 4730 cuam
1310 4663 1351 4729 ab
1372 4662 1522 4730 hostibus
1544 4662 1759 4746 tranquillam
1782 4682 1824 4729 ue
1845 4661 2019 4746 possideat,
2040 4684 2100 4730 sua
2120 4664 2170 4729 illi

128 4747 224 4814 ·eali
251 4748 423 4832 naufragio
446 4767 567 4831 parum
593 4746 777 4815 differebat:
806 4747 871 4814 uisi
897 4753 1026 4813 matare
1045 4748 1138 4814 Deus
1191 4753 1265 4829 [pag.
1286 4749 1471 4829 eoJobstat
1491 4746 1713 4815 incredulitas.
1757 4684 1932 4815 donanuis
1951 4748 2069 4815 deinde
2091 4749 2168 4815 hos·

157 4854 255 4918 opem
275 4833 415 4899 tulisset.
461 4832 589 4900 Omitto
606 4833 837 4901 contumeliam
859 4853 898 4900 ao
919 4853 1057 4899 onerum
1074 4833 1139 4898 ini·
1190 4836 1276 4900 tium
1298 4835 1543 4901 incursionibus
1569 4835 1749 4917 impetitur.
1793 4835 1925 4901 Fractis
1952 4833 2069 4900 deinde
2091 4854 2167 4899 eon·

156 4920 336 5004 quitatem:
364 4919 451 5004 quod
473 4918 515 4986 ad
537 4918 620 4986 viles
641 4917 854 5003 sordidasque
876 4939 993 5003 operas
1014 4919 1139 4984 manci·
1189 4922 1337 5004 trrsisque
1357 4920 1492 5000 viribus,
1513 4919 1657 5004 praedae
1678 4940 1717 4986 ao
1736 4919 1912 5004 direptioni
1932 4925 2032 5001 patet
2065 4919 2168 4986 Prae·

1190 5014 1281 5072 terea
1302 5004 1451 5072 dominos
1468 5007 1601 5092 saepius
1619 5011 1735 5085 mutat,
1757 5005 1814 5089 qui
1834 5013 1944 5069 tamar
1961 5005 2112 5069 certatim
2129 5006 2168 5070 in

1191 5108 1267 5158 eum
1335 5091 1498 5158 rdendum
1528 5093 1732 5175 conspirant:
1767 5099 1805 5155 ut
1830 5091 1951 5154 miram
1980 5088 2024 5154 sit
2050 5098 2101 5156 tet
2120 5098 2167 5159 ‘ac

227 5139 263 5278 ἐξ
277 5158 315 5265 ἐξ
331 5141 388 5265 linga
407 5144 442 5197 ob
458 5142 479 5196 il
498 5157 576 5198 erere
595 5147 623 5197 et
641 5142 696 5198 soit
713 5140 831 5197 estoutlt
848 5141 882 5197 de
899 5141 1034 5211 pauntise.
1189 5184 1260 5243 tam
1282 5113 1363 5243 (fige
1384 5178 1643 5262 propinquisque
1661 5174 1806 5242 cladibus
1828 5175 1927 5239 trime
1945 5178 2166 5260 superstitem,

228 5279 261 5346 8)
279 5278 352 5334 Add.
370 5284 461 5335 estant
476 5294 547 5334 veuu
565 5294 600 5335 en
616 5277 723 5350 Egypte
742 5285 771 5334 et
788 5293 821 5334 eu
839 5277 932 5334 Germ.
1190 5262 1298 5342 Certe,
1320 5272 1395 5347 post
1416 5271 1545 5348 captam
1555 5262 1694 5328 Domini
1711 5279 1829 5339 aream,
1849 5279 1893 5326 ne
1907 5258 2012 5326 latum
2034 5263 2167 5347 quidem
2244 5353 2252 5367 Ι
