4762 5918
755 544 1030 616 TRAOTA'I'US
1053 546 1346 615 THEOLOGIOI
1368 545 1590 613 MINORES.

974 944 1179 1030 CAPUT
1211 944 1385 1028 XXIX

203 1149 611 1250 EXPOSITION
643 1149 775 1246 SUR
801 1147 1153 1247 L’ORAISON
1186 1150 1279 1245 DE
1308 1149 1367 1245 N
1394 1146 1440 1244 S.
1466 1146 1570 1246 Ins
1579 1145 1654 1244 US
1683 1145 1939 1247 CHRIST.
1996 1140 2148 1247 1551

323 1369 534 1436 Possidemus
556 1367 704 1433 libellum
728 1367 953 1433 minusculum
973 1376 1008 1432 et
1029 1368 1173 1433 nitidum
1195 1389 1292 1451 quem
1314 1368 1350 1432 in
1371 1367 1466 1432 nulla
1488 1366 1553 1431 alia
1568 1310 1775 1444 bibliotheca,
1794 1387 1901 1451 neque
1923 1368 2054 1452 publica
2076 1393 2183 1455 neque

168 1485 310 1568 privata,
333 1480 485 1559 vidimus,
507 1486 686 1544 tractatum
708 1477 862 1559 ἀνώνυμον
884 1479 924 1544 16
942 1481 1088 1545 oratione
1106 1479 1271 1545 dominica
1288 1479 1520 1557 continentem,
1543 1499 1682 1561 eumque
1704 1477 1822 1562 gallico
1845 1500 1994 1546 sermone
2017 1483 2183 1566 conserip-

169 1602 256 1674 tum,
279 1613 376 1677 quem
398 1593 438 1657 ab
459 1589 657 1657 haeredibus
676 1591 713 1657 0.
737 1591 906 1669 Sudhofii,
924 1590 1069 1675 theologi
1091 1612 1198 1675 nuper
1217 1590 1522 1670 Franoofurtensis,
1545 1588 1744 1655 redemimus
1765 1589 1911 1656 eiusdem
1934 1594 2067 1658 nomine
2090 1601 2184 1659 auto-
2312 1632 2314 1634 ν

168 1705 294 1790 grapho
317 1705 519 1788 insignitum.
564 1702 631 1784 Qui
653 1712 729 1768 6616
752 1704 935 1768 hunoeum
955 1701 1148 1785 possederat
1174 1703 1317 1787 ligatura
1338 1701 1453 1785 pulcra
1481 1709 1515 1766 61
1535 1701 1594 1765 tali
1621 1704 1767 1787 retroqlle
1790 1699 1893 1786 digna
1914 1711 2030 1767 ornato
2053 1706 2087 1770 in
2110 1706 2183 1787 ipso

168 1814 321 1900 operculo
344 1835 364 1878 a
384 1814 567 1899 hibhopego
590 1821 624 1879 61
635 1813 766 1880 Calvini
789 1815 914 1880 autoris
936 1835 1056 1879 nomen
1078 1821 1112 1879 et
1129 1813 1303 1882 Genevam
1323 1813 1466 1896 patriam
1488 1813 1622 1878 inscribi
1644 1812 1750 1890 iussit,
1773 1812 1810 1876 in
1832 1821 1972 1897 utroque
1990 1817 2184 1900 neutiquam

166 1929 278 1995 falsus.
323 1926 455 1992 Titulus
478 1925 627 2009 opusculi
650 1925 704 1992 hio
725 1934 789 1992 est:

321 2040 701 2126 EXPOSITION
735 2042 741 2145 Ι
775 2061 868 2129 svn
900 2049 1152 2128 nonarson
1182 2063 1188 2146 l
1217 2061 1281 2127 66
1310 2060 1495 2128 666666
1524 2047 1800 2150 6616661661
1834 2041 1957 2124 Iesus
1990 2041 2180 2159 Christi

339 2182 344 2251 Ι
364 2176 448 2240 11οξ
465 2185 513 2238 XI.
531 2171 707 2258 Seigneur,
730 2175 887 2257 enseigne
909 2195 993 2239 nous
1011 2180 1031 2238 a
1048 2175 1145 2256 prier.
1165 2182 1170 2250 Ι
1190 2183 1329 2238 marm
1352 2159 1398 2238 111.
1417 2181 1422 2250 Ι
1443 2172 1564 2253 Quand
1586 2193 1669 2239 vous
1689 2173 1788 2254 prien,
1811 2194 1854 2238 ne
1871 2174 1981 2258 parler
2002 2196 2063 2258 pas
2080 2178 2182 2243 beau·

166 2309 258 2372 ooup,
281 2306 407 2353 comme
426 2284 431 2370 Ι
450 2286 498 2351 les
517 2284 664 2351 Gentiln:
688 2307 745 2351 car
761 2286 803 2352 116
821 2285 955 2351 6611661
976 2294 1064 2350 estre
1086 2305 1228 2351 exaucez
1250 2286 1427 2367 6661666-
1447 2283 1452 2370 Ι
1471 2265 1554 2367 ooup
1571 2283 1612 2348 de
1630 2284 1781 2368 parolles.
1801 2284 1807 2370 Ι
2001 2294 2062 2363 ΙΜ.
2080 2298 2114 2351 D.
2132 2298 2181 2356 LI.

321 2398 462 2465 Constat
483 2397 537 2462 hio
562 2395 691 2463 libellus
724 2397 850 2463 dnobus
877 2395 1147 2480 quaternionibus
1176 2395 1310 2479 (Α-Β)
1337 2395 1462 2460 formae
1488 2397 1676 2461 octonariae
1705 2397 1857 2476 minoris,
1890 2398 2023 2481 paginis
2044 2400 2183 2484 triginta

68 2556 70 2559 .
168 2511 302 2576 duabus.
326 2509 456 2575 Nomen
478 2507 678 2593 typographi
696 2529 804 2591 neque
825 2509 862 2572 in
882 2508 992 2573 fronte
1013 2515 1159 2591 apparet,
1183 2528 1289 2591 neque
1306 2508 1343 2571 in
1360 2508 1436 2572 fine.
1459 2507 1588 2572 Verum
1605 2508 1686 2589 quin
1709 2509 1904 2591 genevensis
1924 2510 2024 2575 fuerit
2045 2509 2182 2578 dubium

166 2643 238 2689 esse
260 2622 390 2705 nequit,
424 2626 459 2684 et
491 2621 549 2685 vix
570 2641 591 2684 a
611 2639 690 2685 vero
710 2618 936 2685 aberrabimus
966 2620 995 2683 si
1016 2619 1070 2685 vel
1092 2619 1245 2702 Crispino
1267 2619 1322 2684 vel
1344 2617 1495 2685 Gerardo
1517 2616 1729 2684 tribuendum
1747 2618 1912 2700 ducimus,
1939 2644 2080 2706 quorum
2097 2625 2182 2691 alter

167 2734 280 2818 plures
301 2731 524 2798 Institutionis
546 2738 657 2812 partes
680 2730 794 2796 eodem
816 2732 884 2796 lere
902 2739 1048 2813 tempore
1070 2729 1248 2813 separatim
1269 2728 1385 2809 edidit,
1404 2730 1487 2795 alter
1504 2750 1542 2795 eo
1563 2731 1634 2812 ipso
1656 2752 1743 2797 anno
1764 2736 1843 2795 1551
1864 2732 2016 2816 gallicam
2034 2737 2182 2803 eiusdem

168 2845 276 2929 operis
298 2844 523 2909 recensionem
546 2863 665 2907 novam
687 2848 721 2907 et
743 2849 872 2907 anetam
894 2864 936 2907 er
954 2843 1086 2909 officina
1108 2862 1168 2907 sua
1188 2841 1320 2925 prodire
1342 2843 1452 2921 iussit,
1476 2863 1495 2907 e
1516 2862 1581 2925 qua
1601 2844 1708 2908 nostri
1725 2842 1829 2909 libelli
1850 2843 2011 2912 editorem
2033 2849 2182 2932 quisquis

168 2957 225 3022 1116
246 2957 355 3034 fuerit,
377 2955 467 3019 hune
490 2953 683 3036 simpliciter
705 2953 914 3035 descripsisse
931 2954 1112 3036 putaveris.
1135 2955 1294 3019 Attamen
1315 2955 1343 3018 si
1360 2954 1438 3036 quid
1455 2953 1606 3021 videmus
1617 2953 1770 3039 Crispino
1788 2955 1898 3038 potius
1918 2979 2018 3041 quam
2029 2958 2181 3026 (letardo

170 3067 352 3133 dixerimus
374 3066 435 3131 has
456 3046 604 3149 pagellas
626 3072 775 3148 acceptas
797 3066 913 3130 referri
935 3065 1063 3145 debore,
1085 3085 1151 3130 666
1168 3073 1299 3130 tantum
1320 3066 1399 3148 quia
1414 3065 1471 3130 ille
1492 3065 1552 3131 tali
1574 3065 1727 3131 methodo
1744 3067 1780 3131 in
1803 3067 1998 3152 evulgandis
2016 3069 2182 3138 Oalvinia-

169 3179 223 3245 nis
243 3176 526 3244 lucubrationibus
548 3178 597 3242 uti
619 3177 757 3255 solebat,
784 3187 818 3243 61
839 3199 882 3243 ex
903 3177 1019 3243 alienis
1041 3176 1213 3242 sudoribus
1240 3176 1369 3243 lucrum
1391 3179 1512 3256 facere,
1540 3177 1598 3243 661
1619 3177 1763 3243 maxime
1783 3178 1870 3262 quod
1891 3201 2066 3263 operarum
2087 3205 2183 3265 prae·

130 3306 135 3316 '
168 3292 275 3357 fectus
298 3291 368 3355 sive
390 3296 552 3355 corrector
585 3291 775 3371 saepissime
808 3288 888 3354 alias
920 3289 1011 3372 leges
1038 3288 1307 3372 orthographicas
1339 3288 1400 3355 sibi
1432 3291 1563 3373 scripsit
1590 3311 1689 3373 quam
1717 3271 1868 3374 quaein
1891 3291 2032 3358 Gerardi
2052 3296 2184 3361 officina

170 3402 390 3468 obtinuerant.
436 3401 523 3464 Tum
545 3399 607 3464 hoc
630 3422 755 3484 quoque
777 3401 914 3466 minime
936 3399 1171 3484 negligendum
1189 3400 1330 3479 videtur,
1353 3402 1439 3485 quod
1456 3409 1569 3467 textus
1587 3403 1668 3486 ipse,
1690 3401 1731 3467 de
1753 3422 1818 3486 quo
1841 3401 1895 3467 hic
1917 3405 2037 3487 agitur,
2055 3428 2122 3471 non
2140 3407 2184 3473 61

170 3514 347 3580 editionem
368 3511 592 3578 Institutionis
614 3514 692 3577 anni
718 3517 814 3591 1551,
837 3512 895 3577 661
918 3510 960 3577 61
980 3513 1124 3594 priorem
1146 3511 1367 3578 Gerardinam
1389 3514 1468 3577 anni
1495 3518 1576 3577 1545
1595 3515 1818 3579 conformatus
1840 3521 1906 3595 est,
1929 3514 2073 3600 adeoque
2096 3520 2184 3584 eins·

170 3624 247 3691 dem
268 3624 483 3710 apographon
512 3622 626 3688 haberi
648 3623 752 3689 debet.
796 3623 1034 3708 Complectitur
1060 3622 1190 3688 libellus
1223 3633 1335 3689 noster
1367 3647 1450 3708 quae
1476 3625 1634 3710 leguntur
1661 3626 1696 3689 in
1729 3623 1871 3691 editione
1899 3648 1928 3692 a.
1955 3632 2036 3692 1545
2064 3629 2185 3697 16166

170 3759 245 3822 pag.
269 3742 345 3803 790:
377 3736 525 3802 Nostro
552 3728 647 3819 pere
668 3737 736 3819 qui
758 3756 800 3801 66
827 3757 869 3801 66
887 3737 1020 3815 cieux,
1050 3755 1153 3817 usque
1175 3734 1216 3799 ad
1238 3757 1312 3820 pag.
1337 3741 1416 3801 805:
1451 3745 1529 3802 616
1550 3736 1673 3802 66616
1696 3758 1739 3802 66
1761 3738 1829 3820 661
1851 3741 1980 3824 661611
2001 3741 2183 3827 besoing.

153 3848 250 3932 ·(Ed.
274 3853 354 3912 1551
385 3846 490 3930 Ghap.
518 3847 587 3917 XV
614 3849 638 3930 1.
664 3851 801 3911 30-47.
844 3846 907 3912 Ed.
937 3850 1022 3917 1560
1050 3847 1153 3912 Livre
1182 3846 1237 3911 ΙΠ
1267 3846 1371 3929 Ohap.
1397 3847 1469 3913 XX
1496 3851 1519 3932 1.
1551 3853 1688 3913 36-49.
1733 3847 1819 3931 Opp.
1850 3850 1982 3918 Calvini
2010 3853 2101 3919 Tem.
2128 3855 2185 3919 HI

171 3960 231 4025 ool.
254 3963 451 4036 424-450.)
493 3959 600 4024 Primi
621 3965 753 4023 tantum
773 3980 888 4031 versus
910 3979 969 4042 pro
992 3958 1186 4024 necessitate
1208 3978 1319 4022 rerum
1341 3960 1524 4041 paullulum
1546 3961 1715 4026 immutati
1736 3961 1783 4025 116
1803 3982 1839 4028 66
1861 3962 1999 4029 habent:

327 4070 384 4134 Au
405 4071 807 4136 661616616666611666616
829 4071 956 4135 6661666
976 4072 1116 4136 connect
1143 4072 1320 4136 considerer
1345 4071 1424 4153 qu’t'l
1443 4070 1527 4153 16611
1551 4077 1728 4153 6661616166
1750 4094 1809 4139 666
1831 4076 1974 4139 oraisoae
1994 4081 2100 4157 666661
2116 4095 2184 4156 par

170 4202 250 4248 6666
265 4181 441 4264 presentiae
463 4186 492 4246 61
511 4181 692 4246 6111666166
712 4181 734 4245 io
754 4180 840 4247 Dicto
862 4203 906 4245 au
923 4202 994 4246 nom
1011 4184 1054 4259 (16,
1071 4187 1174 4246 matre
1198 4181 1349 4266 Seiprreur
1370 4188 1552 4248 6166666166
1570 4183 1661 4250 Iesus
1685 4182 1807 4249 Christ.-
1839 4185 2059 4252 6561666166
2081 4187 2184 4252 nolles
2234 4191 2236 4195 ’

171 4296 211 4360 ai
232 4294 287 4377 luy
302 4298 439 4374 pcuocnt
460 4297 539 4358 estro
562 4292 738 4375 opqrcables
753 4312 821 4373 par
842 4298 931 4358 autre
953 4314 1033 4358 noro.
1527 4309 1529 4313 ’

986 4631 1190 4716 CAPUT
1221 4633 1369 4716 XXX.

412 4814 817 4965 nrsrnrlrro
852 4867 945 4963 66
980 4866 1732 4969 6666666666661616.
1790 4864 1941 4965 1552.

326 5123 390 5188 Hic
413 5143 541 5206 quoque
563 5121 694 5185 libellus
716 5118 813 5184 hodie
832 5120 1024 5196 ¹rarissimus
1049 5119 1091 5184 ad
1118 5140 1232 5185 eorum
1254 5142 1429 5187 numerum
1452 5125 1595 5205 pertinet
1616 5132 1696 5207 quos
1717 5125 1764 5191 Ιο.
1784 5127 1959 5212 Crispinus
1981 5149 2024 5193 ex
2044 5129 2185 5195 Institu·
2211 5206 2216 5214 ι

171 5236 259 5300 tione
280 5235 463 5300 christiana
494 5234 670 5314 decerpsit
687 5231 863 5313 separatim
898 5230 1114 5296 excudendos.
1158 5231 1353 5298 Invenimus
1380 5235 1551 5318 exemplar
1571 5256 1690 5314 unum,
1720 5247 1753 5301 et
1780 5240 1912 5321 praeter
1939 5239 2119 5324 parisiense
2147 5241 2196 5304 in·

172 5345 308 5413 aedibus
331 5346 366 5410 S.
391 5348 592 5417 Genorevae
615 5350 821 5407 asservatum
840 5343 934 5408 nobis
957 5343 1100 5419 unicum,
1124 5342 1158 5405 in
1183 5341 1666 5412 bibliothecaF1·encefurtensi
1689 5369 1730 5412 ex
1753 5372 1819 5432 qua
1841 5351 2011 5416 nobiseum
2035 5350 2075 5414 61
2098 5360 2182 5415 tem-
2254 5396 2261 5411 .

170 5478 232 5540 pus
253 5459 532 5525 communicatum
554 5466 604 5519 est
623 5453 869 5519 humanissime.
915 5453 1044 5519 Titulus
1066 5456 1113 5519 sic
1135 5454 1248 5520 habet:
