4762 5918
168 337 212 401 41
535 352 537 357 v
732 278 736 284 ¹
923 331 1059 397 ,aa
1082 327 1357 398 soaunanrs.
1592 337 1627 415 g
1716 336 1719 343 ·
2140 339 2182 416 ιι

171 519 314 588 saeuus
335 525 369 584 et
389 517 599 583 immanitate
617 537 678 584 sua
697 525 918 601 consequutus
940 519 992 596 sit,
1014 526 1052 582 ut
1073 518 1150 582 dum
1203 516 1267 580 tiae
1285 515 1414 580 >bellum
1436 504 1478 582 ex
1498 518 1644 601 professo
1671 519 1864 587 indicerent.
1909 521 1978 588 Sed
2000 543 2102 606 quum
2124 545 2182 589 no·

170 605 321 689 virgines
348 611 583 685 matronasque
609 605 772 687 ingenuas
800 602 842 668 ad
875 624 910 669 ιι
938 603 1038 686 rapit,
1073 603 1151 667 dnm
1204 601 1253 666 bis
1275 601 1411 666 minime
1433 604 1587 685 ignotumv
1611 605 1655 669 sit
1682 605 1842 670 eiusmodi
1865 607 2057 687 artificium,
2084 609 2181 676 modo

170 689 313 757 fortunis
326 689 489 773 optimum
509 708 671 771 quemque
682 689 811 770 spoliat,
834 689 913 753 dum
930 688 1059 772 iugulat
1081 695 1152 752 tru-
1203 706 1317 768 pacem
1339 688 1508 751 exanimo
1529 708 1735 771 quaeramus,
1758 711 1831 755 eam
1853 711 1933 757 vero
1956 695 2181 775 experimento

171 774 323 858 cidatque
350 774 557 852 innocentes,
593 782 684 839 metu
712 793 828 839 omnes
856 775 987 839 attoniti
1017 773 1150 839 sileant:
1204 771 1385 838 sentiemus
1407 793 1428 837 a
1454 771 1527 837 Deo
1549 773 1645 839 nobis
1667 794 1727 856 per
1754 777 1961 859 evangelium
1983 779 2110 842 offerri:
2144 788 2181 844 ιιι
2294 846 2299 856 ,

172 881 258 945 anne
290 860 355 925 hoo
394 864 569 942 praetextu
601 859 754 943 tyrannis
786 858 918 924 laudem
950 856 1149 923 merebitur?
1203 855 1292 921 inter
1313 857 1464 923 homines
1485 874 1614 940 quoque
1635 860 1730 925 nobie
1751 869 1886 926 constet.
1930 860 1985 927 Ab
2009 864 2197 946 evangelio·

170 946 269 1012 Nunc
302 945 330 1008 si
364 944 550 1026 quaeritur,
584 964 747 1026 quaenam
777 944 820 1009 sit
848 964 913 1027 pax
939 945 1019 1022 ista,
1052 964 1150 1025 quam
1202 940 1336 1022 quidem
1357 942 1519 1021 recedere,
1541 952 1581 1008 ut
1602 943 1816 1011 seditionibus
1838 945 1968 1012 obviam
1990 955 2101 1026 eatur,
2129 949 2180 1013 ni-

172 1030 337 1115 evangelii
357 1029 486 1095 iactura
506 1027 669 1095 redimere
689 1028 787 1094 multi
807 1049 876 1093 nou
891 1028 1059 1113 dubitant,
1088 1029 1151 1093 hoo
1201 1027 1264 1091 mis
1308 1046 1476 1093 erroreum
1498 1034 1557 1093 est.

174 1136 256 1182 saue
276 1114 450 1182 constabit:
472 1114 607 1181 vitiosas
627 1135 862 1197 perversasque
884 1113 1058 1198 religiones
1080 1112 1151 1196 pla·
1285 1046 1411 1177 lustior
1430 1113 1466 1178 iu
1487 1113 1628 1195 speciem
1642 1114 1723 1179 haec
1741 1113 1886 1181 scandali
1898 1124 2069 1197 causaest,
2092 1119 2181 1200 quod

173 1201 245 1267 cide
267 1206 300 1265 ot
320 1199 444 1282 absque
464 1207 557 1264 motn
578 1200 735 1279 obtinere,
785 1199 840 1265 uia
864 1198 1060 1264 deterrimus
1081 1219 1150 1263 om·
1203 1196 1302 1260 simul
1331 1218 1368 1263 ac
1394 1196 1556 1280 publicari
1581 1199 1688 1281 coepit
1708 1201 1872 1283 evangelii
1895 1200 2059 1281 doctrina,
2087 1204 2180 1268 velut

171 1287 265 1351 nium
286 1293 451 1369 tyrannus
473 1282 578 1349 Satan
606 1285 740 1367 impune
763 1221 956 1350 bominibus
983 1283 1151 1349 semimor-
1203 1289 1315 1363 aperta
1337 1282 1547 1367 scaturigine,
1574 1284 1755 1349 multorum
1777 1287 1920 1368 erumpit
1941 1287 2102 1370 impietas,
2124 1291 2179 1372 qui

170 1371 238 1436 tuis
260 1370 410 1436 insultat.
426 1369 451 1452 ¹)
495 1370 641 1434 Tametsi
673 1369 781 1452 quoad
803 1373 878 1448 [pag.
898 1374 952 1447 ιο]
978 1380 1150 1433 externam
1201 1366 1347 1450 religiosi
1376 1378 1474 1432 antea
1507 1369 1570 1434 visi
1596 1369 1736 1452 fuerant.
1781 1371 1886 1454 Atqui
1914 1371 2011 1455 longe
2044 1374 2179 1454 aequius

171 1456 317 1538 corporis
350 1454 545 1521 servitutem
574 1456 708 1532 attinet,
740 1453 872 1520 tolerari
900 1456 1011 1519 forsan
1039 1454 1150 1536 potius
1202 1461 1287 1531 erat,
1323 1452 1385 1517 hoc
1414 1452 1456 1518 ad
1488 1453 1565 1519 fidei
1591 1455 1871 1520 confirmationem
1899 1456 2019 1522 valere.
2064 1455 2179 1537 Quum

168 1539 340 1606 interdum
362 1539 524 1622 expediat,
547 1560 646 1622 quam
666 1539 828 1606 libertatis
842 1539 1037 1605 asserendae
1051 1557 1151 1604 causa
1202 1537 1262 1602 has
1280 1536 1413 1603 Christo
1430 1548 1542 1620 partes
1563 1540 1627 1604 assi
1676 1547 1711 1604 at
1728 1537 1862 1606 Simeon
1885 1541 1981 1625 (Luc.
2002 1545 2031 1616 2,
2052 1544 2117 1624 35),
2140 1550 2180 1608 ut

170 1625 352 1690 tumultum
372 1644 515 1701 movere,
538 1625 596 1706 qui
615 1625 652 1689 in
675 1624 792 1690 caedes
809 1632 843 1690 et
861 1625 1030 1690 confusam
1049 1624 1149 1690 vasti-
1200 1630 1330 1706 retegat
1350 1645 1392 1688 ox
1414 1623 1526 1689 multis
1548 1623 1638 1690 cordi
1661 1646 1700 1689 ιιι
1722 1625 1948 1709 cogitationes:
1977 1625 2058 1692 adeo
2081 1647 2195 1693 nemo

172 1718 274 1776 tatem
296 1718 459 1793 erumpat.
492 1709 628 1788 Verum,
650 1710 708 1775 ubi
729 1709 770 1774 de
780 1719 912 1775 aeterno
930 1709 1060 1775 animae
1079 1708 1149 1773 exi-
1201 1707 1402 1791 refragatur,
1434 1715 1473 1774 ιιι
1501 1708 1684 1792 plausibilis
1706 1712 1750 1774 sit
1771 1710 1943 1775 sententia.
1989 1710 2078 1792 Quid
2100 1733 2178 1796 ergo

171 1797 220 1861 tio
241 1796 361 1880 agitur,
384 1794 468 1859 nibil
491 1795 575 1860 tanti
592 1815 665 1861 esee
687 1794 793 1873 debet,
816 1795 1074 1860 utmortiferam
1090 1815 1149 1876 pa·
1200 1793 1236 1856 in
1257 1813 1294 1857 re
1315 1792 1387 1876 ipsa
1408 1794 1542 1875 absurdi
1565 1794 1768 1877 invenitur'l·
1798 1796 1985 1880 Fingamus
2007 1816 2178 1878 uunquam

172 1902 244 1948 cem
269 1880 324 1946 vel
348 1886 556 1963 appetamus,
585 1880 764 1946 ueletiam
792 1879 971 1947 voluntarii
992 1878 1147 1945 colamus.
1200 1878 1301 1943 fuisse
1335 1876 1468 1958 dictum,
1501 1886 1540 1944 ut
1553 1880 1632 1945 sine
1652 1881 1851 1963 praeiudicio
1878 1883 2070 1951 aestimetur
2090 1882 2178 1965 quod

172 1964 264 2046 Quid
286 1965 383 2030 etiam
406 1964 493 2048 quod
520 1964 626 2029 filium
647 1965 712 2029 Dei
733 1967 782 2030 ita
791 1966 820 2045 ²)
848 1965 977 2048 imperii
1004 1965 1055 2031 sui
1075 1964 1149 2030 iure
1201 1969 1347 2046 apparet
1392 1962 1506 2044 Quum
1526 1972 1603 2029 ante
1625 1984 1729 2031 annos
1750 1967 1887 2050 triginta
1909 1965 2028 2049 ubique
2050 1967 2179 2050 vigeret

172 2048 385 2116 baudemus?
442 2050 544 2132 Atqui
577 2049 705 2115 coelum
737 2049 846 2133 potius
878 2058 986 2115 terrae
1017 2049 1149 2115 misceri
1200 2047 1333 2132 religio,
1360 2054 1394 2113 ot
1415 2049 1451 2112 iu
1473 2070 1680 2114 communem
1701 2060 1933 2134 receptumque
1953 2050 2022 2132 Dei
2040 2052 2176 2129 cultum,

172 2142 363 2218 praestaret,
385 2154 484 2218 quam
506 2134 563 2199 illi.
576 2135 683 2199 minui
700 2135 858 2201 honorem
877 2156 897 2200 a
913 2143 1006 2217 patre
1024 2135 1148 2213 datum,
1201 2133 1272 2197 sine
1294 2135 1525 2213 controversia,
1548 2155 1661 2200 omnes
1684 2136 1923 2213 consentirent,
1953 2157 2042 2201 nnnc
2061 2136 2177 2219 impie·

174 2220 296 2285 nedum
315 2240 451 2303 prorsus
474 2219 557 2302 eripi
578 2226 611 2284 ot
632 2219 785 2286 abdicari.
819 2220 889 2285 Nos
910 2219 1036 2286 scilicet
1056 2219 1149 2285 vive·
1200 2224 1252 2282 tas
1274 2226 1308 2283 et
1329 2219 1394 2283 Dei
1421 2228 1628 2302 contemptus
1658 2220 1778 2302 passim
1801 2219 1924 2285 ebullit.
1940 2222 1963 2301 ¹)
2008 2221 2177 2303 Principio

171 2326 247 2371 mus
268 2305 366 2371 alieni
388 2326 409 2370 a
435 2305 527 2372 vitae
546 2305 708 2388 principe:
741 2314 779 2370 ιιι
805 2325 871 2388 pax
900 2304 995 2370 uobis
1021 2310 1150 2370 constet
1201 2302 1273 2369 dico
1287 2303 1370 2367 nihil
1383 2323 1454 2369 esse
1474 2304 1606 2383 mirum,
1630 2305 1658 2370 si
1669 2306 1824 2370 tenebras
1833 2305 1893 2370 lux
1915 2305 2088 2371 discutiat:
2108 2313 2177 2371 tam

171 2390 258 2474 apud
280 2391 445 2468 homines,
473 2389 597 2455 bellum
624 2411 666 2454 ex
688 2391 833 2473 professo
856 2390 1016 2456 adversus
1038 2390 1149 2455 Deum
1201 2388 1286 2453 altas
1303 2409 1374 2454 esse
1396 2388 1503 2454 cordis
1524 2388 1663 2454 humani
1682 2389 1836 2470 latebras,
1858 2399 1992 2472 tamque
2013 2392 2177 2457 flexuosos

170 2474 407 2559 suscipiemus?
452 2474 503 2540 Ne
533 2473 705 2544 dissidium
738 2497 813 2541 oum
840 2475 999 2558 improbis
1026 2475 1148 2540 habere
1200 2474 1403 2556 reeessus,²)
1433 2481 1473 2539 ut
1499 2474 1634 2558 abyssos
1660 2495 1762 2558 prope
1789 2496 1904 2541 omnes
1930 2485 2077 2558 superet,
2111 2477 2187 2540 iam·

168 2581 334 2646 cogamur,
357 2582 377 2626 a
398 2559 531 2626 christo
553 2560 710 2626 dissidere
732 2581 800 2626 non
821 2560 1062 2638 recusabimus,
1089 2580 1149 2642 per
1200 2557 1278 2623 olim
1301 2557 1478 2640 'proverbio
1507 2558 1678 2641 vulgatum
1706 2567 1763 2626 est
1808 2561 1896 2640 Iam,
1931 2561 1960 2625 si
1985 2581 2050 2642 qua
2076 2561 2113 2624 in
2140 2581 2177 2625 re

168 2667 266 2729 quem
300 2646 415 2729 sumus
451 2665 518 2710 nna
550 2666 625 2712 cum
657 2646 784 2730 angelis
816 2646 889 2713 Deo
921 2644 1146 2711 reconciliati?
1199 2642 1301 2708 fallax
1321 2652 1372 2708 est
1393 2643 1564 2709 hominum
1586 2644 1760 2723 simulatio,
1781 2646 1867 2710 mira
1888 2665 1968 2729 erga
1984 2645 2094 2710 Deum
2115 2646 2178 2710 im·

168 2731 277 2798 Nimis
311 2751 391 2797 sane
423 2729 561 2814 indigna
593 2750 728 2797 merces.
772 2731 843 2798 Neo
875 2751 954 2798 vero
982 2729 1146 2807 Christus,
1221 2728 1362 2793 robitate
1384 2728 1483 2803 ludit,
1511 2729 1567 2794 ubi
1589 2729 1725 2794 minime
1749 2730 1798 2795 fas
1827 2740 1907 2796 erat.
1952 2729 2029 2796 Huc
2052 2730 2177 2796 accedit

168 2837 270 2899 quum
291 2824 444 2900 pacatum
466 2814 612 2881 Satanae
634 2837 775 2899 regnum
796 2814 965 2893 describit,
992 2815 1066 2880 ideo
1088 2836 1147 2898 ap·
1199 2749 1345 2878 gemnae
1365 2814 1521 2892 vafrities,
1544 2814 1630 2895 quod
1642 2816 1762 2897 partim
1774 2816 1981 2899 ignorantiae
2002 2808 2189 2899 caliginem>

139 2906 143 2914 '
168 2901 347 2984 petendum
369 2922 441 2966 osse
469 2900 577 2966 docet:
605 2902 685 2982 quin
713 2901 824 2983 potius
853 2901 973 2967 summi
997 2900 1167 2969 beneficii
1198 2897 1372 2977 obducens,
1395 2898 1517 2981 partim
1538 2899 1603 2964 Dei
1625 2900 1752 2965 cultum
1774 2901 1932 2984 obtegens
1953 2901 2176 2966 caeremonia·

167 2985 240 3052 loco
260 2989 329 3052 fore
350 2985 413 3051 hoc
434 2986 606 3069 promittit,
630 2986 876 3051 utfortiorcum
886 2985 943 3052 illo
964 2985 1146 3069 confligens
1198 3005 1272 3048 rum
1294 2983 1406 3063 larris,
1428 2984 1546 3047 miram
1569 2984 1749 3068 religionis,
1779 3006 1863 3068 quae
1885 2984 1979 3050 nulla
2001 2997 2060 3064 est,
2083 3006 2177 3068 pom·

168 3072 293 3137 iniusta
314 3070 410 3137 illum
432 3071 610 3155 tyrannide
632 3071 749 3153 spoliet
771 3071 868 3154 (Luc.
890 3071 1023 3150 11,21).
1059 3071 1145 3135 Nam
1197 3087 1273 3151 pam
1295 3076 1448 3133 ostentat.
1481 3069 1556 3134 Hoc
1577 3071 1637 3135 sub
1658 3076 1783 3153 papatu
1804 3072 1905 3136 fnisse
1925 3069 2040 3136 vident
2062 3090 2177 3135 omnes

168 3158 287 3244 ιιιιιιι
307 3157 471 3222 animosos
492 3157 667 3234 ceruimus,
690 3157 745 3238 qui
769 3154 939 3222 ambitiose
960 3175 1021 3240 pro
1042 3156 1145 3238 impe·
1197 3152 1325 3219 oculati.
1368 3152 1443 3219 Illic
1460 3155 1549 3220 enim
1571 3155 1788 3221 conscientiae
1807 3155 1901 3238 qnasi
1922 3156 2056 3220 circaeis
2078 3177 2177 3221 vene-

168 3243 218 3306 rio
240 3241 294 3307 vel
314 3241 468 3307 libertate
488 3262 548 3306 sua
569 3241 742 3319 dimicant,
771 3248 809 3305 ut
836 3242 967 3324 quosvis
993 3241 1146 3324 excipere
1197 3239 1250 3303 uis
1272 3238 1450 3304 fascinatas
1472 3246 1619 3322 stupent:
1652 3260 1713 3389 pgr
1734 3240 1849 3324 longas
1878 3241 2031 3324 ambages
2053 3241 2175 3306 serium

168 3335 277 3392 motus
297 3348 365 3393 non
387 3325 554 3391 dubitent:
577 3326 634 3391 ubi
656 3327 827 3391 trnbarum
843 3325 1003 3408 procellas
1024 3327 1145 3391 excitat
1197 3323 1262 3387 Dei
1285 3344 1419 3389 sensum
1440 3324 1617 3408 refugiunt.
1696 3345 1750 3390 am
1772 3326 1970 3391 immensum
1996 3324 2079 3389 illud
2101 3345 2175 3390 cae·

170 3409 276 3477 Satan
300 3411 342 3476 ad
370 3411 574 3476 turbandum
597 3409 723 3476 Ohristi
750 3432 905 3495 regnum,
954 3419 1054 3475 nauto
1084 3432 1145 3476 nos
1196 3409 1420 3473 romoniarum
1438 3410 1538 3475 chaos
1557 3430 1635 3474 vere
1651 3408 1817 3475 latronum
1842 3419 1893 3474 est
1910 3407 2078 3491 spelunca:
2098 3411 2175 3491 quia

169 3496 298 3560 fortiori
324 3496 432 3561 auimo
459 3503 574 3561 contra
602 3495 706 3561 obniti
734 3495 848 3562 decet?
892 3432 1000 3560 Filius
1028 3498 1065 3561 in
1087 3516 1144 3578 pa·
1197 3494 1389 3577 hypocritae
1416 3492 1477 3558 sub
1504 3493 1571 3574 illis
1597 3494 1776 3560 involucris
1804 3494 1919 3570 abditi,
1955 3493 2085 3574 quidvis
2112 3493 2174 3558 sibi

169 3588 257 3646 trem
284 3580 448 3664 insurget:
481 3590 576 3664 pater
601 3581 662 3645 filii
691 3582 780 3648 vitae
800 3601 869 3646 non
891 3589 1016 3664 parcet:
1049 3581 1143 3646 fratri
1196 3579 1334 3660 impune
1357 3577 1455 3643 licere
1478 3578 1656 3644 confidunt
1702 3583 1776 3656 [pag.
1803 3584 1857 3657 52]
1879 3577 2053 3643 Eiusmodi
2081 3599 2174 3643 secu-

91 3734 95 3738 ,
166 3664 380 3731 insidiabitur
395 3665 505 3730 frater.
539 3667 594 3731 An
616 3666 688 3731 ideo
708 3673 787 3732 sunt
807 3665 889 3731 haec
906 3665 1083 3748 praedicta,
1106 3675 1145 3729 ut
1196 3662 1278 3726 ritas
1305 3663 1334 3727 si
1361 3683 1460 3728 verae
1488 3663 1647 3745 fictaeque
1673 3663 1841 3747 religionis
1873 3662 2049 3728 discrimen
2078 3663 2174 3742 tollit,

167 3751 229 3817 sibi
252 3751 292 3816 ab
320 3751 490 3834 evangelio
518 3759 654 3816 caveant
682 3751 847 3830 homiues,
876 3771 914 3816 ac
942 3772 1008 3816 non
1035 3751 1144 3833 potius
1196 3745 1282 3811 nihil
1308 3748 1438 3812 mirum.
1490 3746 1643 3828 Quodsi
1672 3748 1803 3830 quando
1828 3749 1963 3831 propius
1997 3746 2039 3811 ad
2065 3748 2176 3813 Deum

165 3837 261 3900 utin
284 3844 431 3917 tempore
459 3836 574 3901 moniti
596 3836 724 3901 nullum
752 3856 794 3900 ex
817 3836 963 3900 novitate
986 3843 1143 3900 terrorem
1198 3831 1351 3898 accedere
1373 3832 1544 3911 videntur,
1571 3852 1638 3897 non
1661 3833 1763 3898 alium
1790 3834 1825 3897 iu
1847 3834 1946 3898 finem
1976 3833 2117 3898 multum
2141 3856 2176 3900 se

167 3919 377 4003 concipiant?
421 3920 472 3986 Nc
496 3922 643 3985 ueonim
671 3941 747 3986 cum
774 3921 847 3986 aliis
869 3920 1015 3985 mihine
1059 3920 1144 3985 tium
1197 3916 1340 3999 fatigant
1361 3916 1507 4000 adeoque
1528 3918 1734 3996 excruciant,
1763 3918 1829 3982 uisi
1851 3926 1889 3983 ut
1907 3918 2047 3983 interior
2068 3917 2175 3984 cordis

167 4013 227 4083 est,
255 4025 353 4088 quam
376 4005 434 4088 qui
454 3943 497 4069 ad
517 4005 648 4071 fucosae
668 4006 760 4088 pacis
782 4013 990 4088 praetextum
1048 4004 1144 4070 hristi
1196 4002 1349 4083 impietas
1376 4001 1497 4067 talibus
1523 4001 1678 4069 remediis
1706 4003 1842 4068 delinita
1868 4004 1959 4068 intus
1981 4004 2176 4087 quiescat.⁸)

165 4091 270 4171 ipsius
296 4091 432 4156 nomino
460 4090 649 4155 abutuntur.
660 4095 689 4172 ⁸)
739 4091 815 4155 Etsi
841 4111 896 4155 me
921 4110 1049 4172 quoque
1077 4110 1142 4154 non
1197 4087 1295 4153 Nunc
1317 4087 1345 4152 si
1367 4087 1461 4153 illata
1483 4087 1646 4170 evangelii
1668 4089 1738 4153 face
1766 4089 1960 4172 profligatur
1981 4087 2175 4173 hypocrisis,

165 4174 262 4254 latet,
302 4175 509 4240 turbulentos
548 4176 697 4240 homines
729 4175 900 4240 movendis
932 4174 1144 4240 seditionibus
1197 4193 1235 4237 ao
1255 4172 1365 4254 palam
1386 4175 1425 4238 fit
1446 4173 1607 4256 impietas,
1635 4173 1760 4239 iniusta
1781 4182 1833 4239 est
1854 4194 1891 4239 ao
1912 4193 2071 4255 perversa
2092 4193 2176 4256 quae

166 4257 313 4325 Satanae
334 4281 406 4325 esse
425 4260 571 4339 flabella,
599 4268 638 4324 ut
664 4261 700 4324 iu
721 4261 884 4343 evangelii
910 4259 1022 4324 odium
1044 4260 1144 4342 placi·
1195 4257 1272 4322 inde
1294 4258 1472 4339 suscipitur
1490 4254 1635 4322 offensio.
1680 4256 1771 4323 Olim
1787 4259 1875 4323 inter
1894 4258 2047 4341 profanos
2069 4259 2175 4324 homi-

167 4343 226 4410 dos
247 4344 370 4427 alioqui
387 4344 537 4410 homines
557 4345 748 4410 inflammet.
793 4346 847 4410 Ita
868 4353 980 4409 nostro
1003 4345 1142 4423 saeculo,
1196 4363 1269 4414 nes.
1300 4341 1365 4406 nisi
1387 4342 1443 4424 qni
1469 4342 1581 4424 palam
1603 4344 1771 4409 veneficus
1793 4353 1877 4423 erat,
1906 4352 1940 4408 et
1961 4350 2175 4410 testamenta-

167 4430 229 4494 sub
251 4430 413 4513 evangelii
434 4430 636 4496 renascentis
657 4431 762 4509 initia,
773 4431 801 4511 ⁴)
820 4430 976 4494 barbaros
993 4429 1144 4494 homines
1196 4427 1275 4505 rius,
1305 4436 1339 4491 et
1360 4426 1528 4508 periurus,
1557 4436 1591 4492 et
1612 4437 1784 4510 coopertus
1806 4429 1896 4493 omni
1918 4429 2054 4512 flagitio,
2077 4450 2174 4496 nemo

168 4515 318 4594 armavit,
342 4515 398 4597 qui
418 4514 557 4599 legibus,
581 4520 656 4594 [pag.
677 4519 731 4594 51]
751 4514 881 4580 iudiciis
899 4522 932 4579 et
949 4515 1039 4579 omni
1060 4514 1143 4597 poli·

1265 4663 1296 4730 1)
1319 4679 1349 4718 se
1372 4665 1438 4718 iette
1461 4665 1528 4719 hors
1549 4664 1598 4719 des
1640 4665 1723 4735 onds,
1748 4682 1851 4721 comme
1874 4683 1909 4721 on
1933 4665 1972 4721 dit
1994 4682 2028 4722 eu
2052 4683 2174 4722 commun

840 4785 842 4788 .
1196 4732 1339 4814 proverbe.
1373 4731 1449 4786 Actu.
1478 4731 1507 4786 Si
1524 4731 1579 4788 l’ou
1597 4684 1704 4803 allegas
1723 4750 1775 4803 que
1792 4733 1943 4803 l’Evangilc
1962 4750 1996 4789 en
2015 4736 2068 4790 soit
2084 4749 2175 4802 cause,

233 4800 267 4883 l).
284 4801 368 4884 baton
385 4803 453 4857 tient
469 4802 510 4858 les
526 4803 648 4859 hommes
666 4803 734 4858 daus
752 4818 797 4858 ιιι
808 4803 868 4871 laqs
885 4808 914 4856 ιι
931 4802 1015 4857 abusa
1033 4802 1066 4858 de
1085 4802 1144 4857 leur
1196 4815 1221 4854 ιι
1239 4815 1340 4934 respon
1357 4806 1412 4880 ιιι..
1696 4869 1702 4883 ·

166 4871 310 5003 smmlilull
327 4955 344 5006 y
369 4954 386 4992 a
409 4953 507 4994 encore
525 4940 582 5008 pis,
606 4937 686 5008 qu’en
710 4937 880 5007 supprimant
900 4935 1050 5006 l’Evangile
1074 4953 1144 5006 pour
1265 4867 1297 5017 Ξ)
1313 4867 1503 5003 eallddnffi'oerll
1510 4868 1628 5004 rbgfrdlg
1642 4868 1763 5019 (leetblgb
1774 4953 1838 5006 pres
1856 4946 1885 4992 et
1902 4953 1936 4991 on
1947 4952 2026 4990 verra
2043 4951 2095 5004 que
2111 4941 2174 5016 tout

166 5021 239 5061 nous
256 5005 389 5061 accorder
406 5021 473 5061 avec
490 5006 516 5061 le
534 5008 641 5072 monde,
658 5023 727 5062 nous
745 5005 877 5061 fraudant
894 5010 941 5060 ιιι.
1197 5019 1228 5059 ιι
1246 5021 1292 5073 qur
1310 5004 1369 5073 s’ap
1389 5004 1442 5058 elle
1460 5004 1486 5058 le
1505 5019 1607 5059 service
1626 5005 1659 5060 dc
1680 5005 1748 5060 Dran
1766 5021 1801 5060 en
1817 5007 1845 5059 la
1862 5005 1984 5072 Papautt
2007 5002 2077 5058 u'est
2095 5005 2173 5058 arnob

235 5071 268 5139 3)
285 5073 361 5128 Aac.
379 5073 496 5128 Venient
511 5075 545 5130 ils
563 5073 740 5143 uanefignrer
755 5072 834 5130 Iasus
852 5072 941 5128 Christ
958 5071 1020 5142 qu’il
1037 5087 1071 5126 ne
1091 5073 1144 5129 soit
1197 5088 1248 5141 que
1273 5088 1344 5141 pour
1366 5021 1434 5127 faire
1458 5080 1571 5127 tourucr
1594 5072 1636 5128 les
1658 5073 1779 5128 hommes
1797 5074 1814 5127 a
1831 5071 1947 5152 lfentoor
1964 5070 2001 5124 du
2018 5079 2068 5140 pot
2086 5080 2114 5126 et
2131 5072 2172 5126 les

164 5142 230 5210 plus
247 5142 287 5197 tel
304 5140 369 5210 qn'il
387 5157 417 5196 se
434 5144 595 5211 prononce?
1197 5155 1305 5195 amuscr
1322 5141 1340 5195 a
1356 5139 1405 5195 des
1423 5155 1518 5196 menos
1540 5141 1673 5210 hames,
1697 5144 1715 5196 ι
1738 5155 1769 5194 ιι
1793 5138 1872 5208 qu'rls
1889 5153 1923 5192 ne
1945 5140 2073 5194 viennent
2095 5141 2173 5210 point

235 5209 269 5275 4)
287 5209 362 5265 Aac.
379 5208 398 5264 il
415 5226 433 5278 y
451 5225 467 5265 a
485 5212 595 5266 environ
613 5216 745 5279 quaranta
762 5223 820 5264 ans.
1195 5207 1268 5262 droit
1285 5210 1302 5263 b
1318 5207 1396 5263 Dico.
