4762 5918
934 330 1304 402 Pnonuootfflmn
1527 329 1529 333 ’
2028 340 2176 411 XXVII

149 541 215 589 suo
235 524 423 590 emmeram
445 521 583 587 onmium
603 527 720 590 mercica
741 523 787 589 ite
808 522 970 603 illuminet,
992 527 1086 604 etque
1104 522 1228 589 animos
1245 522 1399 605 ooemdoi,
1419 527 1464 602 et,
1487 544 1547 607 quo
1564 545 1620 591 coe
1635 546 1697 607 per
1714 527 1908 612 evangelium
1928 549 2023 597 aaron
2044 533 2173 614 mcooit,

150 640 186 700 et
206 633 362 713 madescit,
384 634 449 716 ipsi
470 654 588 716 quaerre
610 636 715 700 eodem
733 635 837 702 renim
859 633 953 733 velini
974 639 1002 698 ei
1020 633 1152 716 possim.

311 746 432 811 Versio
452 745 533 813 haee
555 746 658 810 latina
680 747 802 830 legitur
822 746 859 810 in
870 744 1080 812 Tractatibus
1102 745 1223 811 aBeaa
1244 742 1343 812 editis
1367 749 1449 811 1576
1472 768 1545 832 pag.
1568 753 1753 830 733-7783
1779 754 1860 815 1597
1884 772 1958 837 pag.
1982 756 2173 835 tlt-6625

155 859 192 925 in
210 857 333 925 Stoerii
353 856 498 924 editione
520 878 593 941 pag.
606 860 790 937 529-562;
813 859 847 922 in
871 855 1168 923 Amstelodamenei
1191 876 1265 941 pag.
1276 858 1448 922 etr-485
1455 882 1463 938 ;
1487 858 1543 924 ubi
1565 868 1675 927 tamen
1696 860 1941 929 observandum
1962 869 2022 944 est,
2044 864 2173 932 Psalmi

156 975 199 1035 87
223 969 489 1054 explanationem
511 969 613 1034 latino
633 970 669 1034 in
692 969 762 1034 sola
783 968 926 1034 editione
948 968 1096 1050 principe
1118 986 1220 1049 supra
1241 965 1392 1050 pluribus
1414 969 1579 1053 descripta
1600 978 1747 1053 exstare,
1772 991 1841 1038 non
1869 991 1948 1039 vero
1973 973 2009 1038 in
2031 981 2174 1058 quatuor

153 1081 403 1165 Opusoulorum
424 1080 613 1164 corporibus
634 1079 730 1146 modo
751 1078 904 1145 laudatis.

940 1529 1145 1615 OAPU'P
1167 1530 1385 1614 XXXIV.

276 1763 612 1864 DEFENSIO
641 1766 1115 1864 ORTHODOXAE
1142 1766 1333 1864 FIDEI
1359 1766 1453 1862 DE
1480 1765 1856 1864 TRINITATE.
1907 1759 2056 1860 1554.

314 1964 443 2054 Set-iem
471 1986 700 2070 opuseulorum
727 1985 858 2052 Caluini
886 1984 1067 2052 secundum
1094 1986 1244 2052 ordinem
1271 1994 1459 2071 temporum
1487 1984 1691 2052 edendorum
1713 2007 1755 2052 ex
1777 1988 1944 2070 proposito
1973 2009 2175 2073 persequen-

151 2110 218 2178 tes,
241 2098 283 2165 ed
307 2120 384 2165 eum
402 2099 468 2163 iam
486 2096 679 2164 devenimus
701 2104 878 2163 tractatum
901 2097 960 2180 qui·
980 2097 1040 2163 tibi
1062 2098 1179 2163 infelix
1200 2097 1282 2163 illud
1305 2106 1339 2162 et
1355 2097 1542 2164 ulcerosum
1560 2095 1780 2163 Servetanum
1803 2100 1973 2182 negotium
1991 2101 2025 2163 in
2049 2121 2175 2167 memo-

156 2214 244 2277 riam
271 2218 417 2288 revocat,
444 2207 485 2274 de
514 2229 579 2293 quo
607 2217 641 2274 et
666 2209 744 2274 olim
772 2208 881 2274 variae
910 2208 1044 2273 fuerunt
1065 2209 1237 2274 hominum
1266 2209 1450 2274 sententiae
1476 2228 1546 2273 non
1573 2209 1645 2274 sine
1671 2209 1722 2274 ira
1750 2216 1784 2274 et
1811 2207 1920 2274 studio
1941 2209 2171 2291 iudicantium,

156 2323 311 2407 quodque
333 2322 384 2386 vel
409 2320 515 2399 hodie,
538 2327 613 2405 post
629 2327 756 2386 tantem
779 2339 890 2385 rerum
909 2328 943 2385 et
969 2320 1161 2403 opinionum
1189 2320 1452 2398 conversionem,
1481 2320 1551 2384 sive
1581 2317 1769 2386 laudatores
1791 2319 1907 2386 Nostri
1941 2327 2079 2404 spectes,
2102 2323 2173 2389 sire

155 2434 402 2513 obtrectatores,
425 2433 543 2496 merito
563 2430 598 2494 ri
619 2428 828 2514 θρυλλὸμενον
849 2429 1014 2515 appellere
1033 2431 1148 2515 possis.

314 2544 467 2628 Longam
489 2544 631 2608 fatorum
654 2541 827 2607 Michaelis
849 2540 982 2608 Serveti
1003 2542 1147 2625 Hispani
1171 2541 1347 2607 instituere
1374 2541 1595 2607 narrationem
1618 2549 1693 2625 post
1720 2541 1881 2625 plurimos
1903 2551 1937 2609 et
1958 2542 2172 2628 diligentissi-

156 2677 230 2720 mos
252 2654 398 2719 virornm
428 2653 599 2720 doctorum
626 2653 770 2730 labores,
798 2652 852 2719 vel
881 2653 1077 2737 placitorum
1098 2654 1169 2718 eius
1197 2673 1276 2719 sane
1305 2652 1522 2736 singularium
1545 2661 1691 2738 systema
1712 2660 1897 2733 exstruere,
1925 2652 2013 2737 quod
2034 2655 2173 2721 fortasse

152 2765 273 2831 multis
293 2766 385 2848 prius
404 2765 509 2830 risum
532 2785 630 2847 quam
649 2763 749 2829 bilem
766 2770 924 2843 moveret,
947 2785 1053 2848 neque
1074 2764 1174 2830 huius
1195 2763 1257 2830 loci
1280 2785 1386 2848 neque
1407 2764 1513 2830 nostri
1535 2764 1634 2830 officii
1654 2772 1714 2830 est
1759 2765 1869 2831 Multo
1891 2766 2001 2831 minus
2021 2766 2057 2831 in
2078 2787 2174 2832 men·

154 2884 226 2942 tem
246 2876 341 2942 nobis
363 2877 458 2942 venit
478 2897 538 2943 nos
560 2876 699 2941 arbitros
722 2876 920 2942 constituere
940 2875 1179 2942 famosissimae
1201 2895 1333 2950 causeo,
1362 2875 1402 2941 de
1423 2875 1576 2958 quoiam
1597 2873 1640 2941 ad
1669 2875 1831 2956 taedium,
1853 2878 1920 2941 imo
1947 2876 1990 2942 ad
2012 2899 2173 2944 nauseam

151 3008 261 3069 usque
283 2987 486 3071 disputatum
509 2996 560 3054 eet
580 2988 616 3053 in
638 2994 973 3070 utramquepartem,
996 2995 1030 3053 et
1051 2987 1130 3053 satis
1148 3007 1310 3070 superque
1320 2986 1440 3053 Iliacos
1458 2988 1548 3052 intra
1565 3007 1679 3053 muros
1696 2997 1869 3070 peecatum
1887 2994 1923 3054 et
1939 2996 2046 3054 extra.
2081 2987 2173 3055 Sane

150 3097 251 3162 brevi
273 3118 376 3163 manu
398 3097 598 3183 ablegandos
627 3118 797 3165 censemus
824 3099 864 3164 ab
891 3098 982 3164 omni
1002 3099 1217 3165 accusationis
1245 3099 1316 3165 iure
1343 3099 1519 3182 scriptores
1548 3118 1776 3178 romanenses,
1804 3098 1947 3164 iesuitioi
1974 3100 2172 3183 praesertim

148 3209 291 3287 ordinis,
315 3210 372 3293 qni
394 3208 599 3276 crudelitatis
621 3217 734 3276 notem
756 3210 828 3275 ausi
851 3220 930 3276 sunt
951 3211 1083 3276 inurere
1103 3211 1281 3276 memoriae
1304 3209 1453 3290 Oalvini,
1481 3218 1556 3294 post
1576 3218 1625 3276 tot
1648 3217 1681 3275 et
1707 3218 1777 3276 tam
1800 3211 1924 3276 atrocia
1946 3210 2108 3294 supplioia
2131 3211 2173 3278 de

154 3320 347 3386 hominibus
368 3328 499 3404 sumpta
522 3323 630 3387 omnis
652 3321 769 3388 aetatis
791 3343 890 3387 sexus
911 3328 945 3388 et
966 3321 1119 3398 nationis,
1142 3321 1353 3404 evangelicae
1375 3321 1451 3387 fidei
1474 3319 1620 3388 addictis.
1666 3321 1793 3387 Verum
1817 3321 1917 3386 etiam
1942 3319 2029 3405 quod
2051 3321 2094 3387 ad
2115 3345 2172 3388 eos

152 3434 276 3498 attinet
296 3433 353 3515 qui
376 3431 454 3497 olim
477 3433 676 3498 sententiam
699 3440 831 3498 senatus
850 3432 1057 3498 Genevensis
1079 3453 1138 3497 suo
1167 3433 1325 3517 suffragio
1351 3433 1589 3517 approbarunt,
1618 3433 1848 3498 testimonium
1871 3433 1918 3497 eis
1946 3432 2171 3515 perhibemus,

153 3550 195 3608 ut
206 3543 344 3627 apostoli
354 3543 465 3609 verbis
484 3552 627 3623 utamur,
651 3543 795 3610 studium
818 3543 952 3628 quidem
970 3544 1035 3610 Dei
1056 3543 1220 3623 habuisse,
1242 3541 1306 3607 ἀλλ’
1325 3542 1361 3607 ei
1383 3543 1448 3607 κατ’
1464 3549 1635 3624 ἐπίγνωσιν,
1658 3552 1692 3609 et
1712 3544 1817 3626 magis
1840 3542 1880 3608 ad
1904 3542 2050 3609 codicem
2073 3543 2171 3608 theo·

153 3655 329 3721 dosienum
356 3676 455 3738 quam
483 3655 524 3720 ad
552 3655 761 3739 evangelium
790 3656 982 3738 respexisse.
1033 3656 1085 3722 De
1114 3656 1348 3721 recentioribus
1379 3655 1556 3739 quidquam
1585 3654 1708 3732 dicere,
1737 3656 1773 3718 in
1803 3653 1949 3720 diversas
1979 3677 2066 3720 nunc
2093 3677 2172 3737 quo-

152 3788 217 3849 quo
240 3775 351 3851 parme
373 3767 578 3846 obeuntibus,
602 3788 639 3833 eo
660 3766 789 3832 faoilius
810 3766 1075 3850 supersedemus,
1106 3787 1171 3850 quo
1199 3766 1444 3850 loeupletiorem
1466 3767 1587 3832 futuris
1615 3766 1781 3831 historicis
1802 3766 1962 3831 materiae
1982 3764 2170 3848 disquiren-

150 3877 216 3942 dae
237 3878 365 3961 copiam
387 3878 635 3962 suppeditamue
656 3878 728 3961 ipsi.
777 3877 818 3942 Id
840 3879 928 3943 enim
951 3879 1047 3944 unioe
1068 3878 1163 3944 nobis
1191 3879 1420 3963 proposuimus
1446 3886 1485 3943 ut
1507 3877 1638 3944 Caluini
1661 3877 1798 3954 librum,
1827 3875 1972 3959 undique
1995 3879 2170 3961 congestis,

150 4010 238 4072 qnae
260 3989 342 4055 alios
362 3989 540 4067 latuerunt,
564 3990 604 4055 eb
627 3988 699 4054 aliie
721 3989 873 4074 neglecta
891 3997 978 4068 sunt,
1001 3988 1156 4055 subsidiis
1178 3990 1308 4069 oritiois,
1332 4011 1431 4074 quam
1453 3990 1696 4056 accuratissime
1718 3998 1752 4055 et
1774 3988 1965 4055 fidelissime
1986 3990 2171 4069 ederemus,

146 4122 297 4183 eumque
319 4099 440 4165 additis
462 4100 614 4167 omnibus
635 4122 718 4183 quae
741 4100 782 4165 ad
805 4099 937 4166 Servati
960 4121 1013 4166 res
1034 4100 1200 4167 faciebant
1221 4100 1424 4167 documentis
1446 4103 1494 4166 ita
1516 4101 1766 4179 illustraremus,
1789 4103 1885 4165 utin
1908 4110 2077 4185 posterum
2099 4124 2172 4169 reo-

150 4213 222 4277 tius
245 4210 285 4277 de
306 4212 348 4276 iis
369 4210 423 4277 vel
445 4212 562 4277 saltem
584 4213 686 4278 mrbus
708 4211 854 4278 iudicare
876 4219 1016 4295 possent,
1039 4212 1096 4296 qui
1117 4232 1172 4278 ees
1194 4212 1303 4278 denno
1324 4212 1513 4278 tractandae
1535 4213 1596 4278 sibi
1619 4213 1703 4278 forte
1720 4214 1886 4296 sumpturi
1908 4221 1997 4278 sunt.

310 4322 378 4387 Vix
400 4324 598 4406 interempto
620 4322 769 4401 Serveto,
793 4344 893 4407 quum
915 4324 989 4404 iam,
1004 4323 1045 4389 de
1067 4324 1139 4391 viro
1161 4346 1227 4390 non
1250 4326 1396 4390 omnium
1420 4323 1535 4391 eadem
1557 4331 1655 4408 atque
1677 4326 1791 4408 iniqua
1812 4336 1900 4391 esset
1921 4324 2040 4408 opinio,
2063 4331 2098 4391 et
2118 4325 2172 4391 in·

146 4434 225 4499 dies
245 4433 358 4516 plures
379 4436 489 4500 minue
511 4435 572 4500 sibi
594 4435 629 4500 in
651 4434 838 4501 miserando
860 4436 931 4501 eius
952 4434 1020 4501 fato
1048 4444 1082 4501 et
1103 4435 1251 4502 iudicum
1278 4436 1455 4503 severitate
1482 4434 1671 4501 damnanda
1692 4444 1934 4518 temperarent,
1962 4437 2173 4522 maximeque

148 4547 191 4610 in
204 4545 333 4610 Oalrini
345 4566 465 4636 nomeu
486 4546 613 4612 invidia
633 4548 681 4612 rei
704 4544 842 4625 caderet,
865 4548 937 4630 ipse
958 4546 998 4612 de
1021 4546 1193 4613 scribenda
1204 4546 1356 4632 apologia
1375 4547 1542 4631 cogitavit,
1564 4548 1635 4612 sive
1647 4548 1756 4630 potius
1778 4546 1820 4612 de
1841 4568 1928 4613 nova
1951 4546 2094 4631 quadem
2116 4570 2171 4616 ao-

152 4657 246 4721 tione
266 4678 375 4723 eorem
392 4657 619 4744 theologorum
641 4659 797 4724 tribunali
817 4657 1028 4738 instituenda,
1051 4658 1129 4742 quie
1146 4678 1245 4742 quam
1261 4658 1297 4723 in
1319 4659 1427 4743 priore
1444 4656 1502 4724 lite
1525 4659 1738 4743 magistratus
1761 4658 1869 4725 civilis
1890 4658 2014 4725 tulerat
2035 4667 2170 4726 senten-

145 4768 244 4845 tiam,
266 4789 305 4832 ea
326 4769 559 4836 convincendis
578 4770 800 4852 et'plaeendis
822 4771 942 4836 animis
964 4768 1113 4835 nondum
1135 4770 1330 4836 satisfecisse
1351 4769 1534 4835 videbatur.
1570 4769 1643 4835 Iam
1665 4767 1719 4834 die
1742 4773 1793 4835 22.
1817 4770 2015 4837 Novembris
2036 4769 2169 4836 Bullin-

149 4899 231 4963 gero
253 4878 334 4944 heeo
355 4880 487 4963 scripsit
508 4880 624 4957 (Aroh.
648 4880 757 4947 ruric.
781 4880 869 4946 Plut
887 4881 948 4946 VI.
972 4890 1051 4947 tom.
1078 4886 1148 4959 166,
1169 4880 1224 4945 fol.
1252 4885 1289 4944 19
1313 4881 1410 4963 aut.):
1450 4880 1553 4946 Brevi
1577 4887 1613 4946 ut
1633 4867 1726 4962 spero
1742 4881 1903 4964 pleniores
1924 4903 1946 4945 a
1966 4900 2015 4945 nte
2035 4881 2170 4962 recipies

148 4990 268 5055 literas.
306 4988 427 5058 Fidem
446 4997 550 5058 iernen
570 4992 725 5058 bominem
745 4998 865 5073 mdes,
881 5014 944 5075 per
964 5013 1055 5075 quem
1075 4992 1133 5058 tibi
1154 4991 1271 5058 libram
1284 4991 1404 5059 servm
1424 4994 1585 5072 mitterem,
1603 4992 1758 5059 oceooiooi
1776 4993 1879 5058 deesse
1898 4991 1994 5056 colui.
2030 4989 2069 5055 Si
2089 4993 2169 5073 quid

146 5101 232 5167 miii
252 5101 461 5168 relaxationis
480 5124 657 5170 conoessum
676 5104 780 5185 fuerit,
802 5105 888 5170 brevi
909 5104 1011 5170 libello
1031 5106 1124 5187 quate
1145 5109 1318 5169 meretrcem
1337 5104 1435 5185 feerit
1455 5104 1622 5184 emendem,
1645 5125 1684 5169 oe
1705 5103 1849 5186 improbi,
1873 5103 1957 5183 qood
1975 5101 2047 5183 fieri
2069 5101 2170 5169 Besi-

142 5214 221 5278 lece
242 5213 348 5292 ordio,
370 5214 452 5280 mab
473 5216 574 5281 dicere
589 5221 732 5300 pergent,
755 5235 795 5280 ae
815 5218 909 5282 etiem
930 5217 1161 5282 omnrmurmt
1181 5216 1329 5296 imperiii.
1374 5215 1439 5282 cni
1460 5216 1574 5299 paneis
1594 5225 1670 5298 poet
1690 5214 1806 5280 diebus
1827 5212 1895 5279 scil.
1919 5215 1961 5348 2}
1983 5212 2066 5280 Nos.
2084 5214 2172 5279 Bul-

1914 5315 1940 5370 D
