4702 5926
210 320 274 382 639
952 306 1221 376 auroram
1241 307 1476 377 ERRORUM
2156 311 2223 378 640

209 501 366 585 coarguit.
410 495 598 564 Attendant
619 498 767 571 lectores,
789 505 887 579 atque
909 518 951 562 ex
973 495 1035 561 hoc
1056 516 1184 577 quoque
1235 495 1422 562 formidinis
1444 497 1586 578 speeiem
1597 493 1753 563 Abrahae
1775 497 1942 563 etDavidi
1965 496 2089 575 tribuit,
2112 517 2222 580 quum

208 586 279 652 loco
301 584 447 660 discant,
481 585 517 648 in
549 582 736 648 refellendis
769 580 901 648 Serveti
934 582 1101 647 erroribus
1131 602 1184 645 me
1236 581 1358 646 mortui
1378 593 1465 647 sunt
1511 583 1557 647 Et
1579 589 1690 647 tamen
1712 584 1834 666 pagina
1854 586 1933 660 235,
1967 603 2022 648 cos
2053 584 2110 665 qui
2139 592 2220 647 ante

207 692 342 755 parcum
375 669 477 734 fuisse
508 669 616 752 magis
654 688 752 751 quam
788 667 952 751 cupidum.
1002 666 1185 731 Ecclesiam
1237 666 1363 752 Christi
1384 674 1525 732 mortem
1552 668 1674 732 mortui
1702 677 1780 733 sunt
1806 667 1957 733 detrusos
1985 666 2028 733 ed
2049 669 2220 732 infernum

206 757 306 839 fingit
327 756 367 820 ab
389 754 484 819 annis
507 753 597 819 mille
619 753 769 820 ducentis
791 761 825 817 et
846 752 1020 834 sexaginta
1035 752 1185 834 fugatam
1236 752 1338 816 fuisso
1360 750 1496 829 docens,
1530 753 1624 834 quasi
1644 753 1803 818 oblivioni
1825 773 1846 816 a
1867 754 1940 816 Deo
1962 752 2074 817 traditi
2097 754 2218 831 forent,
2245 829 2250 838 ι

208 839 373 907 amundo
394 838 562 916 fuissent
583 838 777 904 coelumilli
799 837 953 902 exsilium
974 836 1082 901 fuerit.
1116 835 1185 900 Nos
1230 857 1358 920 paucos
1380 838 1531 919 excipere
1560 857 1596 901 se
1618 837 1725 916 addit,
1759 860 1841 921 qnos
1866 838 1971 903 futuri
1993 837 2119 903 Christi
2142 858 2220 920 spes

207 935 297 991 certe
319 947 338 990 e
360 923 540 1007 splendidis
560 922 691 989 sedibus
713 924 814 989 fuisse
835 924 972 988 eiectam
994 924 1144 998 fatemur,
1159 920 1184 1004 ¹)
1236 921 1376 987 fovebat
1421 919 1489 987 Sed
1511 923 1646 1003 quinam
1667 931 1746 988 sunt
1765 923 1816 988 illi
1834 924 1940 1007 pauci,
1962 924 2051 988 inter
2071 945 2152 1006 quos
2174 943 2221 988 ne

177 1023 179 1025 ’
207 1011 335 1077 sedita
363 1019 401 1074 ut
428 1010 594 1074 electasa
626 1030 661 1074 se
690 1008 845 1090 reliquias
872 1006 1055 1071 admirabili
1078 1006 1186 1088 gratia
1239 1014 1443 1072 extremum·
1459 1006 1592 1088 quidem
1631 1009 1791 1092 angulum
1830 1009 1986 1075 Abrahae
2024 1017 2058 1074 et
2092 1007 2221 1074 Davidi

122 1092 129 1108 ‘
207 1096 391 1163 servaverit
421 1093 597 1158 Dominus.
643 1093 775 1177 Alioqui
808 1093 965 1158 mentitus
997 1093 1095 1169 foret,
1129 1091 1186 1172 qui
1238 1089 1415 1172 relinquit?
1460 1090 1613 1175 Denique
1634 1094 1832 1176 generaliter
1863 1095 1910 1158 ita
1930 1093 2089 1176 loquitur,
2121 1113 2221 1175 prae·

208 1202 338 1263 sempor
369 1180 510 1262 aliquem
544 1179 605 1244 sibi
637 1178 796 1261 populum
829 1180 866 1242 in
895 1185 984 1242 terra
1015 1177 1084 1240 fore
1110 1196 1186 1257 pro·
1239 1176 1316 1240 dam
1338 1175 1507 1241 daemonis
1539 1178 1639 1243 fuisse
1670 1179 1743 1260 pias
1765 1180 1908 1256 animas,
1941 1178 2059 1263 quibus
2081 1177 2220 1244 tandem

207 1267 313 1344 misit,
346 1263 502 1347 quamdiu
523 1263 571 1328 sol
598 1270 632 1328 et
653 1263 733 1327 luna
760 1264 795 1327 in
818 1267 892 1342 [pag.
913 1267 988 1340 255]
1011 1260 1100 1326 coelo
1121 1259 1184 1325 ful·
1237 1261 1394 1327 liberator
1426 1264 1579 1344 apparuit
1610 1262 1775 1329 Christus.
1825 1264 2002 1330 Caeterum
2034 1263 2114 1347 quid
2143 1271 2221 1346 post

207 1351 336 1435 gebunt
366 1349 501 1428 (Psalm.
528 1354 584 1426 72,
620 1349 663 1432 5).
716 1347 847 1414 Scimus
879 1346 957 1428 quid
982 1347 1112 1428 'passim
1145 1344 1185 1408 de
1237 1354 1377 1411 mortem
1399 1344 1511 1428 adepti
1533 1348 1665 1426 fuerint,
1689 1369 1756 1412 non
1778 1348 1921 1432 disputo:
1943 1350 2020 1431 quia
2041 1349 2125 1414 mihi
2147 1348 2220 1413 suf-

208 1450 344 1502 acterno
366 1435 492 1500 Christi
513 1454 617 1517 regno
639 1440 803 1498 testentur
824 1431 1012 1514 prophetae.
1042 1431 1097 1493 An
1115 1430 1186 1494 eius
1238 1432 1307 1497 ficit
1328 1431 1454 1513 privari
1475 1451 1531 1497 eos
1554 1432 1719 1514 spirituali
1740 1435 1847 1517 gratia
1871 1433 2028 1517 quamdiu
2049 1435 2219 1500 vixerunt.

208 1521 320 1587 sedem
346 1521 383 1584 in
412 1519 511 1585 coelis
533 1517 664 1591 locant?
708 1517 781 1581 1mo
808 1520 877 1581 fore
910 1516 1112 1599 praedicunt,
1146 1522 1185 1578 ut
1237 1518 1364 1599 Aperta
1385 1525 1496 1581 autem
1518 1526 1598 1581 sunt
1615 1516 1746 1584 Serveti
1768 1518 1870 1584 verba
1891 1521 2013 1603 pagina
2034 1524 2107 1597 460,
2129 1517 2222 1602 quod

208 1614 376 1688 sceptrum
395 1605 466 1669 eius
488 1601 600 1669 eSion
622 1603 735 1687 procul
752 1603 916 1667 Dominus
938 1600 1097 1677 ostendat,
1120 1620 1185 1682 quo
1238 1602 1274 1666 in
1305 1602 1396 1666 nullo
1429 1601 1694 1683 patriarcharum
1721 1604 1775 1669 vel
1796 1604 2035 1687 prophetarum
2056 1605 2221 1686 requievit

209 1691 398 1756 dominetur
419 1689 460 1753 ab
482 1697 558 1752 ortu
578 1709 682 1770 usque
703 1687 745 1753 ad
767 1707 926 1764 occasum,
955 1694 988 1751 et
1014 1687 1085 1751 eius
1106 1685 1185 1749 hae·
1237 1686 1374 1769 spiritus
1396 1684 1537 1751 Christi:
1569 1709 1666 1753 nemo
1688 1698 1765 1753 ante
1784 1689 1963 1755 adventum
1986 1691 2056 1754 eius
2079 1688 2221 1755 donatus

208 1775 332 1841 reditas
354 1776 397 1840 sit
417 1786 582 1838 terrarum
603 1771 701 1838 orbis.
746 1771 843 1836 Nunc
865 1793 943 1854 ergo
965 1771 1086 1854 populo
1109 1790 1185 1835 eum
1237 1772 1299 1836 fuit
1320 1771 1441 1854 spiritu
1462 1774 1722 1854 regenerationis
1744 1783 1866 1840 sancto.
1896 1774 2026 1856 Siquis
2043 1782 2137 1858 roget
2153 1796 2221 1839 un·

207 1864 342 1944 privare
370 1861 424 1942 qui
451 1880 572 1923 nomen
593 1859 664 1923 eius
685 1856 836 1934 celebret,
869 1855 1005 1940 perinde
1027 1863 1078 1920 est
1099 1854 1186 1919 acsi
1239 1856 1358 1921 denam
1380 1856 1554 1922 didicerint
1574 1859 1753 1941 prophetae
1766 1881 1849 1942 quac
1868 1859 2089 1943 proditasunt
2103 1880 2222 1924 eorum

209 1945 352 2011 abscissa
373 1946 444 2009 cius
465 1952 573 2028 parts,
603 1944 711 2027 ipsum
733 1943 769 2006 iu
792 1942 881 2006 coelo
903 1941 1058 2005 mutilum
1079 1940 1185 2004 inolu-
1237 1940 1391 2006 oraculis:
1414 1941 1591 2023 respondet
1601 1943 1732 2022 Petrus,
1755 1943 1882 2010 Christi
1904 1946 2022 2027 spiritu
2038 1943 2220 2009 fuisseillis

208 2031 287 2096 dere
314 2037 486 2096 tentemus.
531 2029 608 2093 Non
635 2028 724 2093 enim
750 2029 876 2092 frustra
903 2026 1022 2092 dicitur
1048 2024 1186 2092 ecclesia
1237 2026 1648 2111 revelata(l.Petr.l,l2).
1673 2027 1742 2093 Sed
1754 2028 1795 2093 de
1805 2031 1878 2113 ipsa
1889 2052 1967 2096 voco
1978 2030 2072 2095 litem
2082 2048 2221 2094 movere

207 2117 278 2182 eius
311 2114 599 2198 complementum:
644 2133 705 2177 neo
734 2133 774 2177 ea
802 2110 932 2195 quidem
961 2111 1111 2194 angelica
1131 2109 1185 2175 vel
1238 2132 1481 2193 supervacuum
1509 2122 1576 2177 est:
1613 2114 1691 2195 quia
1722 2124 1761 2177 ut
1791 2116 1915 2180 centies
1942 2123 2055 2197 crepet
2080 2114 2221 2197 spiritua

207 2201 372 2278 coelestis,
412 2198 470 2265 sed
497 2219 596 2281 quam
617 2199 654 2262 in
682 2198 744 2262 hac
782 2196 897 2261 mundi
919 2195 1186 2280 peregrinatione
1238 2197 1381 2275 Servati,
1403 2197 1589 2279 quicunque
1610 2219 1677 2263 non
1696 2200 1929 2283 regenitisunt
1947 2201 2075 2267 vivifico
2088 2199 2220 2282 spiritu,

206 2287 306 2363 fovet,
329 2307 368 2351 ac
388 2283 553 2368 praesidio
575 2306 634 2350 suo
656 2291 775 2348 tuetur.
815 2282 934 2365 Itaque
957 2301 1035 2346 vere
1054 2289 1088 2345 et
1107 2301 1186 2363 pru·
1239 2301 1295 2347 eos
1322 2282 1358 2345 in
1385 2289 1557 2346 aeternum
1583 2283 1755 2349 interitum
1781 2283 1932 2349 damnari
1953 2293 2090 2352 constat
2118 2283 2221 2350 Unde

208 2370 327 2437 denter
348 2371 569 2453 Augustinus:
615 2368 688 2433 Nisi
710 2367 866 2434 ecclesiae
893 2387 971 2432 suaa
993 2367 1186 2431 coniunctus
1239 2376 1352 2432 autem
1374 2367 1522 2434 vivificus
1543 2369 1690 2452 spiritus,
1723 2370 1788 2434 nisi
1819 2371 1957 2453 abipsa
1983 2368 2075 2436 vita?
2117 2368 2222 2435 Nunc

208 2457 255 2523 sit
280 2455 453 2533 Christus,
489 2474 554 2519 non
581 2473 693 2518 secum
723 2453 841 2517 aliene
870 2451 957 2534 quod
985 2450 1035 2515 illi
1064 2473 1084 2517 a
1111 2472 1185 2533 pro·
1238 2450 1373 2516 Iudaeis
1405 2451 1550 2534 aliquam
1581 2454 1723 2519 salutem
1755 2456 1880 2521 tribuat
1912 2453 2072 2522 Servatus
2102 2452 2223 2519 iudicii

208 2541 319 2625 phetis
353 2540 519 2606 tribuitur.
575 2537 666 2604 Scite
698 2539 798 2603 etiam
825 2536 904 2601 alibi
935 2536 1074 2620 colligit:
1118 2534 1186 2616 Qui
1239 2537 1346 2603 finalis
1368 2541 1443 2616 [pag.
1466 2543 1542 2617 257]
1572 2539 1712 2618 intuitu,
1745 2541 1843 2606 sicuti
1874 2551 1909 2606 et
1933 2539 2075 2606 ethnicis
2100 2539 2222 2603 tribuit

209 2626 382 2692 ecclesiam
419 2624 585 2689 interiisse
623 2622 756 2703 volunt,
799 2622 868 2687 iam
899 2643 965 2687 non
1009 2642 1080 2687 csse
1116 2623 1187 2686 eius
1238 2623 1360 2705 pagina
1380 2626 1448 2686 193.
1495 2620 1583 2703 Quia
1615 2633 1727 2689 tamen
1758 2626 1852 2690 nobis
1882 2625 1975 2691 nulla
1995 2646 2015 2689 a
2037 2624 2119 2702 Deo,
2152 2623 2223 2688 nisi

209 2710 367 2776 membra
1239 2728 1299 2790 per
1320 2708 1581 2790 regenerationis
1608 2709 1762 2791 spiritum
1790 2711 1995 2793 promittitur
2016 2709 2116 2785 salus,
2146 2709 2222 2772 iure

296 2796 411 2877 Neque
438 2800 489 2859 est
520 2815 580 2859 cur
606 2814 625 2858 e
645 2793 809 2876 paudmte
837 2793 989 2859 coniiciat
1014 2791 1187 2875 quispiam,
1240 2799 1355 2857 notata
1376 2791 1439 2856 fuit
1470 2813 1490 2856 a
1518 2814 1572 2858 mo
1594 2792 1728 2860 Servati
1749 2797 1909 2876 impietas,
1932 2817 1952 2860 a
1973 2814 2038 2877 quo
2061 2794 2222 2877 spiritum

210 2902 264 2948 me
286 2877 445 2964 quidquid
466 2879 628 2962 potuerim
649 2879 685 2941 in
706 2877 848 2942 medium
872 2877 1056 2960 protulisse.
1100 2876 1187 2941 Nam
1239 2877 1334 2941 illum
1355 2878 1502 2960 patribus
1525 2890 1674 2961 ereptum
1695 2901 1768 2945 esse
1791 2880 1898 2947 doceo.
1943 2879 2103 2963 Superest
2121 2885 2223 2961 caput

210 2988 307 3032 omne
329 2982 434 3049 genus
455 2964 586 3047 ineptiis
613 2971 740 3028 scatent
767 2965 837 3029 eius
863 2962 947 3028 libri
993 2961 1110 3043 Qualis
1131 2959 1186 3026 ob-
1239 2983 1344 3027 unum
1366 2962 1406 3027 de
1428 2963 1622 3046 imaginaria
1643 2966 1896 3031 resurrectione:
1919 2966 1954 3029 in
1976 2985 2040 3047 quo
2061 2964 2158 3029 tacite
2183 2984 2221 3029 se

211 3068 313 3128 seoro,
335 3049 513 3133 speculatio
534 3058 597 3114 est:
620 3047 782 3129 Quamvis
803 3069 870 3112 non
890 3055 1058 3130 peccasset
1068 3045 1186 3124 Adam,
1240 3047 1451 3112 Libertinum
1471 3048 1602 3127 fatetur,
1635 3070 1737 3132 quum
1759 3051 1821 3116 sibi
1843 3071 1863 3114 a
1883 3072 1936 3116 me
1968 3051 2040 3114 fieri
2062 3048 2222 3113 iniuriam

210 3137 383 3204 Christum
424 3144 537 3200 tamen
574 3133 855 3217 praedestinatum
882 3132 982 3198 fuisse
1009 3131 1187 3207 hominem,
1240 3132 1432 3198 dissimulet
1476 3133 1546 3198 Noc
1568 3143 1656 3198 certe
1677 3134 1813 3200 dubium
1834 3143 1885 3201 est
1910 3137 1946 3200 in
1968 3133 2124 3200 flexuosis
2146 3134 2221 3199 eius

210 3225 267 3307 qui
288 3242 387 3288 carne
407 3220 546 3285 indutus
568 3226 714 3284 mutatos
735 3218 887 3284 homines
904 3238 1015 3284 secum
1032 3217 1068 3280 in
1081 3217 1187 3284 coelos
1241 3217 1434 3301 ambagibus
1466 3217 1589 3302 aliquid
1622 3221 1740 3285 occulti
1768 3220 1887 3286 veneni
1913 3220 2056 3285 subesse.
2099 3217 2222 3301 Capite

210 3306 381 3374 duxisset?
427 3304 538 3386 Quam
560 3305 742 3387 speciosum
764 3301 1041 3384 commentum22)
1081 3301 1188 3367 Arbo-
1240 3311 1351 3383 autem
1383 3312 1501 3386 quarto
1523 3304 1599 3369 libri
1631 3304 1672 3368 de
1693 3305 1778 3370 Fide
1805 3312 1839 3370 et
1859 3305 2002 3377 iustitia,
2031 3323 2098 3367 non
2120 3301 2221 3368 modo

209 3414 282 3459 rem
308 3391 464 3458 scientiae
491 3391 569 3455 boni
598 3397 633 3453 et
660 3388 738 3452 mali
760 3388 886 3453 Christi
911 3389 1012 3453 fuisse
1037 3389 1188 3472 figuram,
1239 3387 1370 3469 oblique
1401 3389 1553 3455 insinuat
1582 3411 1728 3455 errorem
1750 3412 1861 3470 suum,
1895 3390 1953 3456 sod
1979 3388 2098 3473 palam*
2118 3387 2222 3453 liber·

210 3479 305 3546 cuius
326 3476 499 3560 praecipiti
527 3473 686 3539 desiderio
716 3495 788 3539 sese
809 3473 920 3539 Adam
945 3494 1020 3539 cum
1049 3473 1188 3557 posteris
1238 3474 1363 3538 tiniaat.

210 3566 246 3628 in
276 3564 414 3628 exitium
448 3558 662 3624 demerserit?
712 3560 799 3624 Nam
835 3559 896 3625 hoc
927 3560 1024 3625 modo
1051 3557 1186 3623 letalem

209 3650 311 3714 fiusse
350 3645 477 3713 Christi
516 3653 652 3729 gustum
690 3654 855 3728 sequetur.
920 3644 1010 3726 Quid
1047 3643 1187 3726 denique
1743 3712 1744 3717 ἵ

210 3733 327 3799 coloris
348 3730 457 3808 habet,
479 3729 648 3813 spirituale
669 3751 760 3795 nunc
781 3731 940 3813 affingere
961 3729 1094 3795 Christo
1116 3750 1186 3794 cor·
1325 3729 1502 3795 Caeterum
1523 3751 1566 3795 ne
1587 3729 1738 3812 spinosae
1749 3728 1882 3794 Serreti
1902 3730 2051 3814 argutiae
2067 3729 2221 3796 rudiores

210 3838 290 3902 pue,
325 3816 411 3900 quod
440 3816 566 3880 coelum
598 3823 634 3879 et
659 3822 783 3879 terram
811 3837 872 3880 sua
897 3815 1103 3898 plenitudine
1122 3814 1186 3877 im·
1238 3815 1405 3898 quosdam,
1424 3830 1458 3882 ct
1473 3835 1643 3883 sacrarum
1661 3836 1773 3880 rerum
1789 3814 1901 3879 minus
1917 3815 2049 3898 peritos,
2068 3822 2107 3878 ut
2122 3835 2220 3897 spar-

210 3900 322 3985 pleat?
368 3900 435 3967 Sed
470 3919 512 3963 ne
551 3906 682 3981 praeter
707 3900 894 3965 institutam
921 3900 997 3965 libri
1025 3900 1187 3965 rationem
1238 3903 1301 3967 sim
1333 3901 1491 3968 hactenus
1523 3903 1659 3967 fuerunt
1684 3901 1843 3984 agitatae,
1878 3900 2051 3982 perplexos
2073 3907 2219 3980 teneant,

80 4037 84 4043 -
209 3987 349 4052 materia
369 3985 453 4050 mihi
475 3992 609 4063 crescat,
631 3983 728 4067 plura
747 3984 898 4068 exempla
918 4007 984 4050 non
999 4006 1185 4068 persequar.
1238 3987 1384 4052 facturus
1421 3987 1503 4052 mihi
1544 4006 1662 4069 operae
1700 3988 1844 4068 pretium
1879 3983 2008 4063 videor,
2048 3984 2077 4048 si
2117 3985 2220 4052 breve

208 4072 344 4138 Interea
365 4071 427 4135 hoc
448 4070 573 4148 tenebo,
596 4070 643 4135 sio
661 4070 839 4152 gratuitam
862 4071 1004 4136 hominis
1026 4070 1187 4136 iustitiam
1239 4093 1352 4137 earum
1376 4071 1606 4155 compendium
1634 4091 1676 4135 ex
1698 4071 1834 4136 confusa
1855 4069 2021 4155 farragine
2043 4068 2221 4137 collectum

209 4158 355 4242 perverti
377 4179 398 4221 a
419 4153 567 4234 Servate,
590 4162 628 4218 ut
649 4156 768 4220 misere
789 4154 922 4221 tandem
944 4154 1100 4222 concidat.
1135 4157 1187 4220 De
1239 4165 1316 4222 ante
1337 4158 1446 4224 oculos
1467 4178 1597 4241 ponam.

209 4244 333 4310 iniuria
364 4247 438 4321 [pag.
463 4245 537 4319 256]
570 4239 656 4304 fecta
688 4242 789 4306 veteri
822 4241 958 4325 populo,
992 4241 1078 4325 quod
1110 4263 1187 4308 eum

210 4328 378 4394 carnalem
400 4326 522 4391 faciens
542 4324 737 4391 coelestibus
756 4326 922 4392 beneficiis
944 4328 1098 4410 privavit,
1120 4330 1187 4392 iam
1495 4341 1612 4424 ngqjg
1633 4343 1677 4408 git
1697 4345 1789 4409 Deus
1811 4341 1959 4410 servem,

211 4423 290 4478 ante
311 4413 466 4478 dissmui:
489 4419 528 4475 ut
548 4411 671 4476 frustra
691 4434 781 4478 nunc
802 4412 927 4478 obiecto
949 4413 1089 4479 evanido
1110 4433 1186 4497 pro-

210 4499 271 4565 bro
289 4497 419 4563 evolare
440 4505 555 4561 tentet
599 4496 729 4563 Rursus
755 4506 867 4562 tamen
898 4499 1022 4581 aliquid
1045 4498 1188 4564 breviter
1325 4498 1437 4562 Deum
1458 4495 1521 4562 sibi
1542 4498 1652 4582 fingit,
1682 4499 1739 4580 qui
1760 4498 1797 4562 in
1818 4495 1933 4562 mundi
1955 4499 2121 4564 creatione
2142 4521 2221 4567 ver·

211 4590 368 4667 repetam.
392 4583 513 4647 Fateor
533 4582 665 4664 quidem
685 4585 790 4649 instar
812 4584 886 4667 equi
899 4583 1069 4650 desultorii
1080 4587 1188 4667 ipsum
1240 4585 1320 4648 bum
1342 4590 1376 4648 ct
1397 4582 1551 4664 spiritum
1572 4583 1718 4665 proferre
1739 4583 1854 4667 coepit,
1877 4603 1916 4648 ao
1938 4591 2019 4649 tunc
2039 4604 2220 4666 personam

211 4668 280 4734 huc
301 4676 336 4734 et
355 4667 435 4733 illuc
456 4688 527 4734 sese
551 4678 689 4734 vertere.
722 4670 1046 4752 Nampagina239,
1069 4668 1188 4734 ubido
1240 4668 1363 4744 induit,
1392 4666 1553 4732 visibilem
1576 4690 1611 4732 se
1632 4669 1755 4734 faciens
1780 4668 1816 4733 in
1843 4669 1947 4733 tribus
1975 4668 2145 4737 elementis
2166 4671 2221 4736 in-

211 4755 343 4820 inferno
364 4753 517 4835 disputat,
540 4761 573 4818 et
589 4755 744 4836 reprobos
767 4752 845 4819 dicit
865 4763 940 4837 post
960 4762 1102 4819 mortem
1123 4775 1190 4818 non
1240 4753 1367 4819 creatis.
1408 4752 1548 4816 Interim
1566 4762 1677 4818 tamen
1699 4753 1860 4820 deitatem·
1876 4774 1970 4819 suam
1988 4754 2037 4819 ita
2057 4760 2221 4824 creaturis

211 4841 296 4908 ecire
318 4846 406 4907 certo
424 4840 533 4904 sintne
545 4839 734 4920 damnandi,
754 4840 832 4906 licet
842 4839 1027 4917 formident,
1051 4838 1190 4904 eandem
1241 4838 1393 4904 omnibus
1424 4838 1501 4903 fecit
1532 4858 1748 4919 communem,
1782 4847 1820 4905 ut
1851 4840 1895 4904 sit
1925 4838 2009 4922 lapis
2040 4841 2076 4904 in
2097 4840 2219 4924 lapide,

1241 4924 1371 5023 lignqm
1410 4924 1447 4988 in
1485 4922 1584 5024 ligno.
1634 4924 1785 5025 Tandem
1822 4945 1911 5024 vero·
1939 4934 2017 5024 post
2045 4924 2222 4994 Christum

200 5100 270 5186 ,m
285 5059 547 5198 Βεᾷἀιὲηιιωὲἷι]
569 5059 613 5114 n'a
630 5075 681 5128 pas
699 5066 765 5113 tenu
782 5074 836 5114 aux
853 5061 989 5127 hommes,
1014 5075 1067 5129 que
1085 5058 1137 5114 elle
1155 5075 1189 5114 ne
1241 5010 1488 5161 ΞΜἚΘΒΪῩΠᾞ
1497 5019 1826 5179 Dlgugrezffflffi
1845 5008 2051 5180 Ὲζξέἒῦἒέό
2076 5022 2222 5166 Ξέἰῖθῗέ

283 5195 313 5263 2)
332 5196 428 5264 Qnelle
446 5198 560 5253 couleur
576 5213 594 5264 y
610 5210 628 5249 a
645 5196 664 5251 il
682 5195 715 5250 de
733 5210 882 5251 rosvasser.
1240 5202 1279 5248 eo
1300 5186 1416 5246 mutat
