4702 5926
175 309 250 380 tlt
923 307 1194 376 Rusursmo
1216 305 1452 375 ERRORUM
2136 310 2201 373 612

177 524 246 569 nen
269 507 340 566 toto
361 498 483 565 affectu
504 497 613 563 cordis
634 498 843 581 respexerint
864 495 906 560 ad
927 497 1065 562 unicum
1083 495 1165 561 eceli
1217 495 1284 560 Dei
1312 494 1514 561 substantia:
1547 494 1615 559 imo
1652 514 1773 561 nomen
1808 494 1962 576 traducis,
1978 497 2003 580 ¹)
2042 496 2130 580 quod
2162 497 2200 562 in

179 596 214 655 et
233 595 342 651 terrae
365 586 526 668 opificem,
552 605 692 666 eumque
714 592 852 649 externa
873 581 940 647 oris
962 582 1164 647 confessione
1216 582 1324 648 veteri
1364 580 1501 647 ecelesia
1546 588 1717 664 tantopere
1765 581 1888 646 infame
1926 582 2027 648 firisse
2067 584 2198 664 scimus,

178 671 429 740 celebraverint.
495 669 593 751 Quod
632 669 768 754 angelos
809 674 940 733 vocatos
979 667 1025 733 sic
1064 668 1165 732 fuisse
1218 667 1295 732 data
1329 686 1429 749 opera
1454 667 1619 749 opposuit,
1651 687 1694 732 ne
1725 667 1780 732 cni
1806 668 1980 752 ambiguus
2007 676 2096 734 esset
2122 691 2197 735 omn

177 759 287 837 iactat,
310 757 468 823 frivolum
490 752 549 821 est.
593 755 716 820 Fateor
743 752 906 836 equidem,
939 751 981 817 ad
1016 773 1071 817 eos
1098 774 1164 817 non
1217 752 1422 818 Manichaeis
1451 773 1639 818 consensus.
1695 751 1808 833 Quare
1841 762 1881 818 ut
1911 774 1964 817 me
1998 774 2070 819 esse
2103 775 2197 820 men·
2275 783 2277 786 ⁴

178 864 271 912 secus
300 863 339 908 ac
365 849 515 907 terrenos
542 840 666 906 iudices
693 840 867 906 transferri
896 859 1016 903 nomen
1037 837 1164 903 Eloim:
1217 838 1316 902 titum
1344 837 1522 903 lectoribus
1549 837 1758 920 persuadeat,
1794 839 1907 904 abradi
1937 861 1979 904 ex
2007 841 2077 906 eius
2104 841 2200 907 libris

178 929 236 1004 sed
257 928 305 994 ita
326 934 365 993 ut
386 927 457 993 sola
473 925 539 993 Dei
562 928 727 1006 maiestas,
750 925 817 990 iliis
839 925 875 988 in
897 924 1047 989 ordinem
1068 945 1165 989 suum
1216 944 1349 989 necesse
1387 931 1452 1002 est,
1493 945 1578 1006 quoe
1616 945 1669 988 me
1702 923 1844 988 fideliter
1870 925 2023 1009 retulisse
2057 947 2100 991 ne
2126 928 2199 1009 ipse

176 1011 326 1091 redactis,
350 1015 502 1078 emineat.
547 1012 700 1095 Denique
734 1011 795 1077 sibi
822 1011 893 1093 ipse
915 1009 1076 1076 Servatus
1098 1016 1165 1074 ter·
1218 1009 1351 1091 quidem
1384 1029 1507 1091 negare
1539 1008 1647 1074 audet.
1712 1009 1810 1074 Nunc
1848 1018 1886 1074 ut
1924 1017 2056 1075 tantum
2096 1013 2198 1078 sacri·

177 1098 368 1185 giversandi
389 1119 507 1164 ansam
529 1099 698 1182 praecidit,
722 1096 800 1162 dum
823 1096 943 1179 pagina
962 1100 1024 1158 316
1043 1094 1164 1171 scribit,
1216 1094 1340 1177 legium
1379 1093 1521 1176 quodam
1559 1095 1652 1159 velut
1690 1097 1825 1160 tectorio
1864 1096 2003 1174 oblinat,
2045 1118 2080 1162 se
2119 1098 2198 1164 alibi

178 1186 240 1251 sub
273 1186 346 1269 lege
380 1185 486 1250 solam
518 1184 620 1250 fuisse
641 1204 740 1250 verae
770 1181 969 1246 adorationis
996 1182 1163 1246 umbram:
1217 1180 1348 1266 tradere
1381 1179 1462 1244 dicit
1500 1181 1628 1246 animas
1665 1200 1736 1246 esse
1771 1188 1906 1247 creatas.
1964 1181 2056 1263 Quid
2085 1193 2199 1249 autem

179 1272 272 1355 quasi
294 1270 389 1336 nulle
410 1272 445 1336 in
469 1271 592 1334 sanetis
613 1269 762 1353 patribus
783 1268 929 1350 viguerit
949 1267 1064 1350 pietas.
1216 1286 1291 1330 mea
1328 1265 1446 1345 refert,
1490 1267 1519 1330 si
1558 1287 1670 1331 sccum
1709 1267 1778 1349 ipse
1821 1267 1857 1331 in
1898 1268 1959 1334 hec
1999 1270 2120 1352 capite,
2160 1277 2199 1335 ut

265 1356 453 1439 Propositio
474 1353 640 1420 XXXIII
661 1353 868 1419 luculentum
890 1352 1081 1418 Serveticae
1102 1352 1164 1415 im-
1216 1353 1251 1416 in
1274 1351 1357 1431 aliis,
1376 1351 1519 1434 turpiter
1539 1351 1689 1435 pugnet?
1733 1353 1856 1417 Fateor
1883 1361 1980 1433 certe,
2012 1354 2093 1419 adeo
2112 1355 2199 1421 nihil

118 1510 122 1515 ,
178 1442 357 1527 pudentiae
380 1436 547 1527 specimen
569 1450 627 1506 est.
671 1439 816 1506 Disertis
844 1437 954 1503 verbis
976 1439 1164 1519 scripserat,
1217 1457 1438 1519 eorumquae
1467 1447 1589 1503 temere
1618 1437 1770 1516 effutivit,
1798 1446 1988 1504 constanter
2014 1439 2138 1524 ubique
2165 1451 2200 1507 et

178 1529 310 1613 piorum
344 1528 481 1610 spiritus
512 1548 615 1609 quum
651 1518 900 1590 substantialem
935 1523 1078 1588 habeant
1110 1543 1164 1587 ae·
1217 1522 1380 1606 aequabili
1401 1522 1550 1589 doctrina
1578 1522 1618 1588 ab
1645 1525 1717 1606 ipso
1744 1524 1910 1589 asserint
1941 1527 2099 1591 maiorem
2121 1549 2200 1610 par-

178 1615 266 1678 terni
296 1614 433 1696 spiritis
510 1613 660 1690 rtienem,
695 1631 790 1676 snam
824 1609 1053 1674 aeternitatem
1090 1613 1165 1687 [pag.
1217 1619 1283 1673 tem
1306 1609 1401 1690 quasi
1427 1610 1480 1674 sui
1507 1609 1629 1673 oblitus
1657 1609 1735 1672 alibi
1757 1617 1894 1674 evertat.
1939 1610 2062 1676 Fixum
2085 1620 2200 1679 tamen

180 1704 258 1778 212]
281 1698 413 1763 habere.
460 1632 619 1780 ddquitur
640 1696 741 1781 paulo
762 1703 851 1778 post:
897 1693 1010 1775 Quum
1031 1701 1166 1763 aeterna
1216 1692 1300 1759 illud
1321 1703 1442 1772 manet,
1473 1716 1515 1760 ox
1535 1694 1599 1759 Dei
1622 1694 1797 1779 traduce²)
1830 1703 1919 1760 ortas
1954 1717 2027 1762 esse
2059 1698 2198 1779 animas,

178 1784 280 1850 fuerit
307 1783 456 1850 coelestis
478 1783 607 1862 civitas,
641 1789 793 1847 aeternos
820 1800 947 1863 quoque
983 1780 1166 1862 oportuisse
1216 1778 1354 1861 ideoque
1385 1779 1636 1845 substantialem
1671 1779 1826 1846 deitatem
1866 1781 1901 1844 in
1941 1802 1977 1846 se
2016 1785 2199 1850 continere:

180 1871 252 1936 eius
280 1889 351 1934 esse
374 1869 472 1935 cives.
518 1868 616 1934 Nunc
645 1867 867 1950 sycophantae
900 1865 1018 1949 probro
1048 1887 1069 1930 a
1085 1873 1165 1929 tam
1218 1864 1305 1947 quod
1325 1884 1379 1929 me
1400 1871 1530 1931 tacente
1552 1865 1616 1950 piis
1638 1865 1789 1931 omnibus
1810 1867 2003 1933 detestabile
2030 1869 2098 1934 fore
2120 1873 2198 1937 scio.

180 1961 290 2019 certae
323 1953 590 2036 reprehensionis
625 1954 700 2017 iure
737 1972 792 2016 me
832 1951 967 2034 depellit
997 1948 1166 2016 Servatus.
1304 1950 1401 2016 Nunc
1435 1951 1568 2017 accedet
1599 1953 1776 2035 propositio
1815 1953 1982 2018 tricesima
2018 1961 2121 2035 sexta,
2162 1957 2200 2022 in

179 2039 277 2122 Quod
298 2040 339 2104 ad
362 2041 564 2106 creationem
593 2059 682 2104 nunc
704 2037 905 2120 restringere
927 2044 1044 2115 tentat,
1076 2036 1165 2121 puti-
1219 2036 1311 2100 cuius
1345 2038 1557 2102 excusatione
1590 2058 1657 2101 non
1690 2037 1833 2102 multum
1864 2037 1991 2103 laborat
2018 2040 2198 2108 Servatus:

179 2125 346 2191 domest:
383 2145 486 2207 quum
520 2125 555 2189 in
578 2123 706 2190 Christi
732 2123 927 2187 aeternitate
955 2123 1056 2188 fuisse
1077 2122 1165 2186 dicat
1218 2121 1295 2202 quia
1321 2121 1350 2185 si
1373 2120 1417 2185 dii
1446 2143 1560 2188 sumus
1588 2123 1666 2187 facti
1692 2123 1733 2187 ob
1761 2123 1890 2188 animae
1913 2123 2008 2204 dona,
2041 2137 2202 2209 sequatur

179 2211 411 2277 exsistentiam
434 2209 543 2274 illam:
575 2217 610 2275 et
632 2208 725 2274 nullo
750 2207 938 2273 discrimine
959 2208 1163 2291 interposito,
1218 2205 1361 2271 animam
1385 2208 1471 2290 coire
1493 2209 1527 2271 in
1549 2229 1654 2271 unum
1671 2228 1747 2272 cum
1765 2209 1885 2293 spiritu
1901 2211 1975 2291 Dei,
1998 2212 2095 2277 sicuti
2112 2233 2199 2294 ossa,

179 2296 315 2379 angelos
338 2295 378 2360 ab
400 2296 496 2360 initio
517 2296 554 2359 in
576 2294 690 2360 eadem
713 2295 778 2359 Dei
801 2293 907 2378 gloria
927 2294 1038 2374 fuisse,
1066 2293 1163 2376 paulo
1217 2311 1301 2371 caro,
1320 2294 1414 2358 nervi
1432 2299 1466 2357 et
1483 2294 1631 2376 animal)
1650 2294 1685 2356 in
1703 2316 1803 2360 unam
1822 2294 1964 2360 hominis
1979 2298 2200 2363 substantiam

177 2390 254 2466 post
275 2402 341 2446 uno
364 2388 521 2446 contextu
542 2380 704 2445 subiiciat.
1216 2384 1342 2442 coeunt.
1360 2378 1511 2443 Primum
1524 2400 1653 2461 quaero,
1672 2378 1749 2462 quid
1766 2401 1825 2462 per·
1837 2382 1967 2447 animae
1980 2383 2199 2449 donaintelli-

266 2466 376 2548 Quam
407 2466 509 2549 impie
537 2464 669 2530 deitatis
705 2464 923 2530 substantiam
950 2464 1100 2529 includat
1126 2462 1163 2526 in
1260 2471 1282 2527 ι.
1301 2464 1478 2546 Magorum
1489 2466 1577 2528 euim
1614 2466 2198 2552 raestigiassupravocavitqnidquid

178 2553 331 2618 omnibus
361 2552 532 2630 creaturis,
566 2550 632 2616 iam
668 2570 769 2632 supra
805 2549 1026 2631 exposuimus.
1072 2548 1163 2630 Quo·
1217 2484 1401 2614 ddinfusis
1428 2550 1563 2632 spiritus
1584 2485 1678 2615 donis
1703 2572 1723 2615 a
1750 2553 1912 2634 scriptura
1940 2553 2098 2618 traditum
2125 2575 2199 2620 am-

177 2640 268 2703 niam
300 2638 356 2702 hic
389 2658 482 2702 error
508 2636 728 2719 propositione
749 2634 909 2699 XXXIV
942 2635 1163 2717 reprehensus
1216 2633 1400 2716 plectimur.
1445 2634 1578 2716 Quaero
1607 2634 1725 2700 deinde
1752 2639 1888 2703 ubinam
1913 2638 2030 2724 legerit
2051 2659 2113 2705 nos
2134 2641 2202 2707 hac

178 2722 303 2787 anobis
314 2723 432 2800 fuerat,
451 2720 613 2788 Servatus
629 2719 718 2785 idem
729 2740 800 2786 esse
811 2718 996 2803 respondet,
1007 2720 1163 2784 sustineri
1216 2721 1342 2786 ratione
1363 2720 1436 2786 fieri
1458 2721 1544 2786 deos,
1602 2723 1714 2805 Atque
1746 2731 1784 2787 ut
1818 2722 1882 2788 duo
1916 2725 1974 2789 illa
2005 2725 2199 2808 obtinuerit,

178 2816 347 2872 creaturas
358 2808 424 2872 Dei
441 2807 628 2889 praesentia
645 2816 680 2872 et
739 2806 858 2871 tentia:
877 2804 996 2871 deinde
1013 2804 1164 2870 snbstan-
1216 2826 1390 2889 perperam
1411 2814 1525 2872 tamen
1546 2806 1670 2890 colligit
1692 2808 1836 2875 hominis
1864 2811 2008 2875 animam
2034 2831 2110 2875 oum
2132 2814 2200 2879 Dei

178 2893 292 2958 tialem
304 2893 461 2958 deitatem
472 2893 540 2959 illis
551 2893 667 2959 inesse.
691 2828 796 2973 &rasi
809 2911 887 2957 vero
899 2894 1057 2957 virtutem
1069 2911 1163 2956 suam
1215 2892 1332 2974 spiritu
1354 2892 1389 2956 in
1406 2914 1510 2957 unum
1532 2897 1606 2971 [pag.
1627 2898 1703 2971 214]
1727 2894 1916 2962 coalescere.
1959 2897 2074 2961 Minus
2096 2898 2200 2964 etiam

177 3000 330 3044 exserere
353 2986 495 3062 nequeat
515 2979 619 3057 Deos,
654 2979 735 3060 quin
764 2976 983 3043 substantiam
1009 2998 1104 3041 snam
1126 2976 1162 3039 in
1215 2976 1384 3042 tolerabile
1418 2987 1468 3043 est
1500 2978 1642 3043 alterum
1664 2980 1736 3044 eius
1758 2979 1891 3056 dietum,
1914 3003 1979 3064 quo
2012 3003 2105 3047 suam
2133 2987 2198 3065 im-

177 3066 294 3130 brutas
315 3085 445 3148 quoque
463 3071 631 3129 creaturas
649 3084 812 3145 sensuque
829 3069 977 3128 carentes
995 3063 1162 3127 transfun·
1215 3064 1372 3146 pietatem
1395 3071 1582 3146 exaggerat.
1613 3063 1700 3129 Nam
1722 3065 1843 3149 pagina
1868 3070 1928 3130 195
1952 3068 2000 3132 ita
2020 3067 2132 3133 scribit
2154 3069 2198 3134 ad

135 3188 139 3200 ·
178 3149 250 3216 dat:
279 3157 408 3215 utnon
428 3149 551 3229 minus,
574 3170 635 3216 suo
657 3148 765 3228 modo,
788 3148 872 3231 lapis
895 3148 1058 3231 quispiam
1081 3148 1163 3213 deus
1215 3147 1368 3214 verbum:
1391 3149 1556 3213 Dubitare
1582 3151 1703 3215 iterum
1725 3153 1798 3233 quis
1828 3159 1943 3235 potest,
1977 3154 2066 3218 siin
2094 3175 2197 3219 unam

124 3249 132 3319 ξ
177 3235 230 3314 sit,
253 3256 351 3319 quam
374 3235 532 3302 Christus
553 3236 633 3318 ipse.
678 3234 757 3299 Non
784 3235 873 3298 enim
902 3231 966 3298 alio
996 3233 1093 3300 modo
1121 3233 1161 3297 ab
1215 3254 1290 3298 cum
1313 3234 1426 3298 anima
1446 3241 1560 3300 nostra
1578 3236 1796 3301 substantiam
1815 3239 1880 3302 coit
1897 3240 2033 3321 spiritus
2050 3246 2195 3317 sanctus,
2291 3236 2299 3243 ’

175 3341 251 3386 aere
274 3321 325 3387 vel
348 3320 493 3404 plumbo,
522 3321 576 3387 vel
599 3320 672 3385 aliis
694 3319 837 3384 metallis
861 3319 1069 3398 discernitur,
1098 3318 1162 3384 nisi
1214 3318 1292 3402 quid
1314 3318 1398 3383 illud
1426 3326 1533 3384 totum
1555 3321 1628 3387 est?
1672 3321 1882 3406 Respondeo:
1915 3325 1979 3389 Est
2007 3325 2123 3404 anima,
2161 3334 2197 3392 et

175 3406 261 3490 quod
284 3406 480 3490 primarium
508 3407 545 3471 in
568 3427 603 3472 se
626 3407 773 3472 continet
796 3403 928 3470 deitatis
941 3408 965 3483 ¹)
983 3405 1173 3490 exemplar„
1215 3413 1266 3470 est
1287 3404 1424 3487 spiritus
1446 3413 1588 3472 sanctus.
1633 3408 1776 3474 Deitatis
1803 3409 1860 3473 illa
1887 3411 2006 3491 positio
2032 3431 2094 3476 nee
2118 3431 2197 3494 spe·

177 3493 224 3558 Et
245 3492 302 3556 illa
324 3493 450 3558 scilicet
477 3493 540 3556 fuit
559 3492 730 3574 praeclara
758 3490 830 3555 eius
859 3491 1059 3574 confessio,²)
1095 3513 1162 3556 non
1215 3492 1276 3557 ciei
1297 3512 1359 3556 nee
1380 3489 1543 3556 individui
1566 3513 1687 3558 nomen
1708 3503 1824 3558 mutat.
1853 3495 1916 3560 Est
1938 3496 2105 3561 animuin
2126 3498 2196 3580 spi-

177 3578 285 3644 solum
307 3578 373 3643 Dei
396 3576 553 3643 deitatem
575 3577 611 3640 in
634 3577 801 3642 asseribus
809 3577 839 3660 ³)
861 3575 990 3655 calcari,
1019 3575 1077 3643 sed
1098 3577 1161 3661 hy·
1214 3578 1282 3641 ritu
1306 3584 1427 3655 sancto,
1450 3585 1485 3642 et
1506 3586 1557 3642 est
1577 3579 1715 3661 spiritus
1737 3589 1871 3646 sanctus
1893 3581 1930 3645 in
1952 3583 2070 3647 anima.
2100 3581 2199 3649 Sient

63 3658 70 3668 ’
175 3656 333 3747 postatice
369 3662 584 3728 daemonibus
620 3683 693 3728 esse
731 3662 870 3728 unitam.
930 3661 1029 3728 Nunc
1061 3683 1161 3746 qnam
1214 3662 1309 3727 Dens
1329 3667 1380 3727 est
1400 3662 1436 3725 in
1459 3662 1603 3742 Christo,
1627 3674 1661 3730 et
1682 3664 1837 3731 Christus
1858 3665 1895 3730 in
1916 3668 1998 3746 Deo,
2025 3673 2059 3733 et
2080 3667 2197 3735 Ohris-

176 3750 324 3832 improbe
346 3750 382 3813 in
404 3749 605 3815 contrariam
626 3754 756 3830 partem
777 3753 972 3830 retorqueat,
1004 3748 1062 3813 vix
1084 3770 1161 3814 con·
1214 3756 1270 3812 tus
1305 3753 1357 3813 est
1384 3749 1488 3827 Deus,
1522 3770 1663 3816 manens
1695 3750 1808 3817 homo:
1849 3743 1896 3816 ita
1924 3753 2036 3818 anima
2063 3753 2195 3819 sublimi

177 3834 271 3918 queri
294 3834 415 3900 audeo:
432 3835 500 3916 ,ita
528 3856 582 3900 me
605 3834 784 3898 attonitum
811 3832 920 3898 reddit
940 3832 1069 3914 perdita
1089 3835 1161 3899 eius
1213 3834 1461 3918 regeneratione
1483 3855 1543 3917 per
1564 3836 1805 3920 hypostaticam
1827 3838 1983 3903 unionem
2002 3839 2042 3903 fit
2058 3838 2196 3922 spiritus

176 3919 392 4003 impudentia
420 3921 569 4001 ‚Praeter
590 3939 780 3984 consessum
797 3918 954 3998 indicum,
976 3919 1161 4003 complures
1214 3927 1357 3997 sanctus,
1381 3927 1415 3984 et
1435 3926 1550 3985 manet
1571 3923 1690 4001 anima,
1726 3923 1811 3988 sicut
1836 3923 1935 3988 homo
1963 3924 2002 3987 fit
2023 3925 2125 4004 Dens,
2162 3931 2197 3990 et

177 4005 317 4071 aderant
337 4005 447 4070 idonei
470 4012 571 4070 testes
602 4005 727 4069 literati
749 4012 783 4068 et
804 4004 930 4070 cordati
951 4005 1026 4083 viri,
1059 4026 1161 4088 quum
1213 4024 1320 4068 unum
1342 4024 1417 4070 cnm
1438 4004 1528 4070 Deo.
1564 4007 1728 4090 Equidem
1756 4029 1825 4073 non
1845 4029 1962 4074 vereor
1982 4015 2022 4075 ut
2042 4011 2197 4093 cuiquam

178 4112 238 4178 ego
260 4092 411 4156 fraenare
442 4092 512 4156 eius
539 4090 726 4157 vecordiam
754 4091 898 4172 cupiens,
933 4089 1160 4174 pavimentum
1213 4088 1375 4156 Servatus
1413 4096 1483 4155 tam
1521 4092 1682 4175 insipidas
1721 4093 1960 4176 speculationes
1999 4095 2198 4178 persuadeat

178 4178 318 4245 calcavi:
338 4185 410 4241 tum
431 4198 473 4242 ex
485 4198 523 4242 eo
534 4177 719 4242 sciscitatus
737 4197 821 4255 sum,
840 4196 952 4241 annon
969 4176 1044 4259 plus
1062 4197 1161 4259 quam
1213 4195 1310 4242 veras
1338 4196 1417 4241 esse.
1464 4175 1531 4242 Sed
1554 4179 1630 4261 quia
1656 4178 1753 4244 multi
1781 4180 1930 4246 rixarum
1956 4181 2056 4245 nimis
2084 4180 2196 4264 cupidi

177 4264 357 4329 absurdum
406 4269 493 4329 esset
536 4262 693 4337 deitatem
737 4262 786 4326 ita
825 4262 945 4328 calcari
989 4261 1160 4328 hominum
1212 4261 1314 4343 impio
1334 4261 1494 4327 falsorum
1512 4261 1703 4347 dogmatum
1726 4266 1906 4348 patrocinio
1928 4286 2001 4332 sese
2029 4266 2197 4332 oblectant

177 4349 330 4432 pedibus:
364 4369 453 4414 nunc
480 4349 575 4431 quasi
610 4349 748 4413 testibus
776 4346 948 4425 destituar,
971 4356 1063 4412 motu
1085 4353 1160 4427 [pag.
1213 4347 1242 4412 si
1265 4347 1338 4431 quis
1359 4367 1398 4413 eo
1418 4348 1533 4413 morbo
1550 4349 1704 4416 laborans
1721 4350 1882 4416 tuendum
1900 4349 2032 4420 Serveti
2049 4373 2197 4419 errorem

179 4439 257 4512 213]
277 4433 370 4517 pedis
391 4433 552 4500 indicasse
573 4453 627 4498 me
650 4433 880 4511 calumniatur,
909 4431 1026 4515 pedem
1049 4454 1161 4500 meum
1213 4434 1379 4516 suscipiat,
1402 4432 1525 4516 cogitet
1545 4435 1691 4516 primum
1713 4435 1792 4520 quid
1814 4437 1875 4502 hoe
1897 4437 1960 4502 sibi
1980 4437 2072 4517 velit,
2106 4459 2197 4505 mas·

177 4519 212 4584 in
233 4517 308 4584 Deo
335 4540 403 4583 non
432 4520 566 4586 moveri.
611 4517 717 4597 Adde,
752 4517 839 4601 quod
871 4519 943 4600 ipsa
975 4520 1160 4586 absurditas
1214 4538 1287 4585 sam
1308 4538 1350 4583 ex
1377 4517 1497 4600 spiritu
1517 4518 1584 4585 Dei
1616 4527 1650 4586 et
1682 4523 1794 4587 anima
1827 4523 1971 4589 hominis
2007 4525 2195 4603 multatam,

178 4605 258 4672 satis
281 4625 444 4688 superque
467 4606 538 4671 eins
559 4603 770 4669 mendacium
790 4602 919 4668 refellit
1213 4605 1346 4670 confuse
1380 4604 1526 4668 animam
1560 4611 1593 4670 et
1620 4606 1773 4690 spiritum
1798 4615 1948 4675 sanctum
1970 4609 2091 4689 vocari,
2125 4630 2196 4674 non

263 4691 450 4774 Propositio
467 4691 635 4783 tricesima
652 4690 769 4773 quinta
791 4690 902 4773 ipsum
923 4689 1160 4756 Manichaeum

177 4796 249 4845 esse
278 4777 453 4844 convincit.
506 4777 666 4842 Animam
698 4776 789 4842 enim
817 4775 913 4842 nobis
946 4776 1084 4843 fabricat
1118 4797 1160 4842 ex

1282 4875 1311 4941 1)
1335 4874 1433 4930 Gallus
1450 4877 1550 4932 mauro
1567 4878 1699 4934 maculo
1716 4879 1835 4936 traducis
1852 4880 1919 4935 boec
1932 4879 2029 4936 odda:
2046 4880 2129 4936 ilnse
2144 4921 2151 4934 .
2166 4920 2195 4937 ..

1213 4943 1250 4999 du
1267 4950 1326 4999 mot
1349 4959 1449 5014 propre
1475 4947 1521 5014 qui
1539 4962 1556 5001 a
1574 4947 1633 5002 este
1652 4947 1801 5004 condamus
1824 4955 1853 5004 et
1873 4955 1940 5004 tenu
1961 4965 2033 5018 pour
2049 4948 2195 5004 execrablc

1213 5029 1248 5069 en
1266 5013 1378 5083 l’Eglise
1397 5015 1541 5070 ancienne:
1561 5031 1665 5071 comme
1683 5018 1729 5085 qui
1747 5017 1828 5073 dircit
1844 5033 1896 5086 qne
1914 5017 1994 5073 l'ame
2011 5024 2054 5074 est
2064 5033 2117 5073 nne
2129 5025 2195 5076 ente

211 5133 213 5136 .
244 5081 275 5150 1)
292 5082 380 5151 Apud
398 5082 502 5138 Boram
519 5089 545 5138 ct
560 5083 592 5137 ia
609 5082 698 5137 Amet.
716 5082 814 5137 otiose
830 5083 975 5140 mutter:
993 5082 1090 5139 deitas.
1214 5098 1250 5137 cu
1268 5099 1305 5136 un
1324 5096 1388 5137 sonr
1406 5097 1458 5137 eon
1475 5082 1510 5138 dc
1527 5082 1606 5140 Dien.

244 5149 274 5216 2)
293 5151 358 5218 qn'il
376 5150 409 5205 fit
425 5152 459 5207 de
476 5151 582 5207 boucha
601 5151 702 5207 devant
718 5149 760 5213 les
777 5151 864 5222 iuges.
1282 5148 1313 5218 ι)
1332 5149 1366 5205 de
1412 5151 1463 5233 en,
1482 5167 1585 5207 comme
1604 5169 1641 5207 un
1658 5166 1794 5224 sourgeon
1812 5153 1846 5210 de
1865 5156 2012 5212 saraciae.

244 5216 276 5285 3)
293 5235 330 5273 nn
348 5219 391 5274 ais
409 5235 445 5276 cu
462 5235 500 5275 on
518 5235 639 5276 eamean
1281 5217 1311 5285 8)
1332 5226 1361 5276 et
1377 5234 1465 5275 anima
1482 5235 1534 5276 ors.
1555 5219 1590 5277 θ.
