4702 5926
127 321 132 331 ·
200 299 265 362 655
679 293 683 300 ’
1107 292 1311 360 SERVE'PI
2004 358 2007 363 ,
2151 296 2219 363 656

199 485 401 551 elementares
420 480 551 547 scilicet.-
576 501 639 547 aon
659 481 803 547 babentes
824 500 950 548 carnem
976 486 1005 546 et
1024 499 1097 545 ossa
1118 485 1176 545 ter·
1228 480 1336 547 ritulis
1346 484 1369 557 ¹)
1388 479 1529 546 aetlurea
1546 478 1730 560 substantia,
1748 485 1852 549 terrea
1869 482 1952 548 nibal
1968 484 2214 562 communicans,

199 590 272 647 rea,
305 571 341 632 ut
366 569 414 633 ait
435 565 591 633 Cbristns.
640 567 905 648 Quemadmodum
926 567 1008 632 irater
1028 565 1177 645 tornines,
1229 567 1361 650 quasvis
1391 566 1514 646 formas
1550 565 1648 647 facile
1678 568 1843 649 accipiant.
1906 567 2061 635 Hmnaaa
2100 575 2213 649 tamar,

150 699 154 708 ·
200 655 248 718 ita
269 655 351 718 inter
370 653 506 734 spiritus
526 653 606 732 illos,
630 654 691 719 alii
712 653 790 719 aliis
807 654 973 733 imperant,
995 655 1068 717 sunt
1083 651 1179 716 cacel-
1229 672 1310 734 qaae
1330 652 1437 732 potiar
1469 656 1539 715 erat
1570 652 1607 717 in
1638 652 1736 732 anso,
1769 654 1912 734 ipsorum
1938 653 2116 735 formatore,
2148 654 2215 736 fuit

154 776 158 783 ·
199 739 351 817 lentiores,
373 739 534 818 acutiores,
566 738 710 804 luentes
725 739 805 819 plus
826 738 990 821 ayilitatis,
1019 735 1179 802 tenuitatis
1231 756 1350 820 quoqne
1371 756 1492 817 semper
1513 736 1598 819 ipsis
1611 738 1724 817 potior.
1770 737 1948 821 Imoqiaem
1969 738 2106 805 bonaims
2128 744 2214 804 auat

195 829 228 890 et
248 825 432 904 splendoris.
449 822 474 908 ¹)
517 823 591 890 Alii
612 823 723 890 labent
737 823 818 903 plus
838 823 1005 902 crassitiei,
1026 828 1055 887 et
1071 823 1179 886 minus
1230 823 1376 905 anyelam
1397 821 1526 901 Daniel,
1558 827 1705 902 eap.10.
1759 822 1816 888 Ad
1845 824 1971 908 anyelos
2000 826 2119 890 dictam
2150 830 2212 890 est:

198 910 379 976 intellectas.
426 908 538 975 Crassi
559 909 637 975 adeo
664 915 693 974 et
713 908 891 974 materiales
918 914 991 973 urat
1012 907 1178 989 inferiores
1232 908 1407 974 Faciamus
1427 907 1582 972 bominem
1601 912 1744 982 tarcum,
1771 909 1814 974 od
1844 908 1982 989 formam
2014 916 2043 975 et
2071 911 2213 995 Quam

198 996 347 1078 spirtus,
380 1001 415 1060 ut
436 997 472 1059 iu
493 993 672 1060 muliebrem
692 993 859 1061 lasciuiam
878 994 968 1071 auci,
1002 1012 1072 1059 cam
1091 992 1179 1076 yenit
1230 999 1370 1060 nosaam
1387 991 1569 1057 aetheream.
1617 992 1750 1057 Terreas
1771 995 1873 1060 dictus
1890 995 2000 1061 Adam
2021 997 2061 1062 ab
2083 998 2212 1077 adama,

199 1085 424 1163 exsequontur,
444 1081 527 1146 velat
547 1081 666 1163 satyri,
688 1084 718 1144 ct
740 1078 855 1144 incubi
900 1076 976 1144 Ima
997 1076 1032 1142 ab
1052 1078 1089 1143 id
1105 1081 1180 1142 sunt
1230 1085 1266 1144 ut
1295 1078 1383 1143 bomo
1410 1077 1451 1142 ab
1477 1077 1580 1157 banco,
1613 1078 1728 1158 aceepit
1760 1099 1830 1159 aere
1860 1100 2035 1161 supernam
2065 1082 2211 1164 faniam.

199 1167 320 1232 dimoto
341 1166 376 1230 in
399 1165 505 1248 abyssi
532 1170 689 1230 tartarum
717 1185 788 1231 cam
813 1163 992 1247 yiyantibus
1013 1161 1177 1240 deturbati,
1232 1165 1306 1246 Ipsi
1326 1169 1428 1227 terrae
1448 1164 1526 1229 data
1547 1168 1591 1228 est
1619 1168 1691 1228 tanc
1712 1185 1750 1229 ea
1769 1164 1885 1246 forma,
1912 1186 1993 1247 quae
2021 1168 2089 1232 iam
2118 1171 2213 1232 autea

198 1250 255 1317 ubi
275 1253 365 1336 liyati
385 1252 422 1316 in
441 1250 539 1331 finale
559 1251 715 1316 iudicium
735 1254 903 1316 servantur
917 1249 1086 1329 nantaldi.
1123 1246 1179 1312 Ito
1230 1255 1298 1316 erat
1332 1250 1367 1313 iu
1402 1248 1529 1328 actare,
1569 1250 1709 1314 mminm
1746 1250 1926 1332 formarum
1966 1253 2212 1333 speciosissima,

156 1367 159 1372 ·
198 1358 238 1404 ea
277 1335 519 1419 antiquitatibus
553 1336 691 1402 iudaiois
714 1335 826 1417 refert
854 1332 1016 1415 Iosepbus.
1065 1331 1119 1396 Ita
1150 1337 1179 1397 et
1230 1356 1326 1418 qaam
1371 1333 1512 1415 reliquae
1556 1354 1661 1399 οννννεεε
1707 1335 1818 1399 mandi
1855 1335 1977 1417 famae
2016 1342 2211 1417 veneramur,

199 1422 344 1502 Henacb,
373 1428 409 1487 ut
435 1442 457 1486 a
479 1421 641 1502 plerisque
667 1422 791 1486 citatur.
835 1418 890 1485 Ita
918 1418 1014 1484 Pbilo
1035 1418 1179 1483 Iudaeus
1229 1441 1325 1504 qaam
1363 1425 1392 1484 et
1428 1420 1498 1500 filio
1536 1440 1593 1485 sao
1627 1419 1717 1485 Deus
1757 1421 1855 1504 eleyr't.
1911 1420 1955 1486 In
1975 1422 2064 1488 cabo
2085 1424 2153 1488 iam
2175 1444 2214 1488 ea

197 1510 235 1573 ia
252 1508 333 1575 libro
350 1508 390 1574 de
404 1506 595 1591 questibus.
616 1505 671 1571 Ita
688 1526 808 1588 qaoque
822 1505 1025 1588 ,septemium
1041 1505 1179 1569 seniores
1227 1507 1333 1589 forma
1354 1505 1463 1570 maltis
1485 1505 1557 1583 uiis,
1590 1525 1646 1570 seu
1672 1506 1782 1571 mabis
1802 1506 2044 1588 mduotionibus,
2078 1507 2214 1574 odendi-

200 1594 417 1660 Hebraeorum
448 1593 644 1674 acerpraari
669 1597 752 1670 suut,
784 1596 812 1655 et
843 1590 905 1656 alii
932 1589 1078 1654 Hebraei.
1124 1588 1179 1653 Ito
1230 1598 1292 1670 tar,
1314 1592 1345 1655 si
1364 1590 1420 1656 boc
1440 1591 1512 1656 bene
1527 1590 1626 1670 prius
1647 1595 1760 1671 aneas,
1792 1612 1841 1656 me
1862 1612 1923 1657 non
1942 1594 2044 1659 dicem
2064 1596 2100 1659 in
2120 1593 2214 1659 uerbo

197 1700 270 1745 cam
291 1678 439 1759 apostolis
459 1678 551 1758 ipsis,
576 1677 677 1756 Petro,
702 1675 796 1756 Iuda,
816 1682 844 1741 et
861 1675 982 1741 Ioanne
1003 1675 1178 1758 intelliyunt
1227 1678 1366 1758 formam
1386 1695 1571 1758 corpoream,
1601 1675 1656 1741 sed
1670 1677 1891 1757 prolatiouern,
1919 1679 2138 1745 eubibitionem
2158 1681 2213 1744 di·

200 1764 362 1842 Iustinas,
407 1762 576 1842 Irenaaus,
630 1761 770 1828 Clemens
809 1761 989 1835 Romanus,
1037 1758 1178 1825 Clemens
1228 1764 1344 1839 cinam,
1368 1761 1470 1826 instar
1489 1762 1612 1843 formae
1632 1781 1804 1843 corporeae.
1849 1763 1941 1828 Audi
1958 1785 2040 1831 nunc
2058 1766 2214 1831 inductio·

198 1849 458 1928 Aleaau'driuus,
504 1848 733 1925 Tertullianus,
781 1845 974 1931 Cyprianus,
1018 1845 1176 1928 Oriyenes,
1228 1869 1283 1913 nes
1311 1853 1385 1926 [pag.
1405 1851 1480 1926 586]
1509 1865 1603 1927 meas,
1636 1851 1670 1912 at
1697 1848 1733 1912 in
1754 1847 1845 1913 aerbo
1865 1849 2024 1934 intelliyas
2043 1850 2214 1933 formalem

199 1934 399 2013 Lactantius,
422 1933 595 2013 Eusebius,
623 1939 651 1998 et
679 1932 796 2013 reliqui
823 1938 944 1997 ueteres.
990 1930 1034 1995 In
1059 1951 1177 2012 aquam
1228 1935 1371 2014 aliquam
1409 1934 1567 1998 rationem.
1635 1931 1781 1998 Inductio
1819 1934 1932 2015 prima
1975 1941 2020 2001 est
2057 1956 2096 2001 ea
2135 1938 2214 2018 ipsa

197 2025 269 2089 sant
290 2021 455 2086 daemones
475 2020 584 2083 merito
599 2020 817 2100 praecipitati,
838 2020 921 2084 siout
941 2021 969 2082 et
984 2037 1046 2097 per
1060 2037 1177 2097 aquam
1228 2019 1401 2100 sapientiae
1428 2017 1628 2097 omniformis
1654 2018 1830 2102 aequitiane.
1877 2017 1916 2084 Si
1935 2022 2128 2103 sapierdiam
2149 2042 2215 2087 ore-

54 2066 56 2071 .
192 2105 372 2190 peccabant
419 2104 507 2171 Nam
533 2104 615 2169 odat
637 2124 739 2185 aquea
764 2122 896 2185 corpora
918 2102 1056 2184 pulctaa
1076 2102 1177 2183 specie
1226 2106 1280 2169 dis
1313 2101 1534 2183 omniformem
1567 2104 1671 2169 credes
1703 2110 1731 2168 et
1761 2105 1797 2169 in
1830 2125 1867 2169 ea
1893 2103 2038 2190 forma2)
2071 2107 2215 2174 bominis

196 2192 334 2274 filiorum
366 2189 432 2255 Dei
464 2188 649 2255 mulieribus
681 2190 886 2270 imponebant,
920 2194 950 2253 et
979 2187 1176 2271 yeuerabant,
1222 2190 1402 2270 principem
1421 2187 1566 2269 farinam.
1611 2186 1758 2256 Inductio
1784 2190 1922 2256 secunda
1943 2197 1996 2270 est,
2018 2212 2058 2257 ea
2073 2195 2214 2274 proprio

198 2297 332 2359 aqueum
356 2296 482 2359 speram
515 2275 612 2340 matis
645 2275 766 2341 artibus
788 2280 944 2356 paratam
970 2274 1175 2338 immittentes.
1228 2274 1443 2358 siyuifieota3)
1488 2275 1570 2338 vocis
1604 2274 1697 2355 λόγος,
1731 2277 1813 2363 quod
1845 2281 1890 2340 est
1927 2297 2028 2343 sermo
2061 2278 2215 2360 referens,

200 2363 277 2429 Sine
293 2364 489 2429 'damnorum
516 2382 610 2444 opera
642 2381 704 2425 non
733 2360 872 2442 fuissent
903 2361 949 2424 ita
979 2360 1085 2441 penita
1111 2363 1176 2423 tam
1227 2362 1311 2426 ratio
1331 2360 1478 2441 referens,
1508 2365 1756 2440 repraesentans.
1802 2360 1948 2429 Inductio
1980 2365 2073 2428 tertia
2098 2369 2143 2429 est
2170 2363 2216 2429 ab

197 2449 338 2533 inyentia
363 2452 513 2513 monstra
559 2445 613 2511 Ito
642 2446 728 2527 filios
753 2445 818 2511 Dei
855 2449 942 2511 uocat
971 2443 1042 2524 Iob,
1077 2445 1177 2509 malos
1228 2448 1301 2529 ipsa
1322 2446 1397 2511 luce.
1445 2444 1482 2509 Si
1501 2445 1646 2511 natmale
1664 2451 1693 2511 et
1708 2448 1880 2527 proprium
1899 2454 2020 2514 creatae
2040 2453 2069 2514 d
2086 2451 2216 2514 increa-

112 2592 113 2595 ,
198 2535 324 2618 anyelos
344 2554 415 2600 aum
434 2532 616 2616 yiyantibus
636 2533 672 2599 in
695 2531 814 2596 dduoio
831 2550 960 2612 ponens.
1007 2528 1097 2594 Saeuit
1119 2530 1177 2594 Sa
1228 2538 1277 2597 tae
1298 2533 1379 2598 lacis
1401 2550 1522 2611 semper
1540 2530 1612 2611 fuit,
1635 2551 1742 2597 reram
1759 2532 1900 2597 oliorum
1917 2536 2092 2617 exprimere
2108 2535 2215 2614 ideas,

199 2619 302 2687 lomon
322 2625 351 2684 et
370 2617 503 2698 Esaias,
535 2617 730 2698 uteepticui
758 2615 837 2681 libro
864 2616 997 2681 secundo
1025 2615 1064 2680 de
1085 2617 1177 2680 trini-
1229 2619 1264 2682 in
1285 2620 1360 2698 ipsa
1383 2615 1501 2683 Clerisa
1522 2616 1589 2681 luae
1609 2618 1705 2683 sitas:
1736 2618 1833 2683 multa
1860 2620 1963 2702 mayis
1994 2621 2053 2685 erit
2086 2621 2117 2685 ei
2132 2640 2216 2701 pro·

198 2710 270 2785 tate,
291 2704 355 2770 loco
373 2704 610 2787 dedmoquarta.
647 2702 721 2767 Non
742 2722 813 2786 erqo
833 2708 861 2766 te
881 2702 986 2767 debuit
1004 2700 1059 2766 boo
1080 2705 1176 2767 tanta
1224 2705 1345 2787 priam,
1367 2704 1541 2784 ecprimem
1564 2699 1732 2782 Cbristam,
1755 2724 1777 2766 a
1797 2723 1857 2783 quo
1876 2707 1992 2785 omnia,
2016 2711 2043 2771 et
2064 2707 2122 2787 qai
2141 2707 2215 2786 pri·

194 2811 272 2875 pere
310 2789 477 2870 offendere,
521 2788 603 2871 quod
637 2793 710 2870 post
750 2788 918 2871 propbetas
956 2793 985 2851 a
1023 2786 1179 2869 apostolos
1230 2809 1304 2854 mus
1322 2794 1391 2854 mat
1411 2789 1548 2870 colpus
1579 2788 1616 2852 in
1647 2790 1747 2871 capite
1778 2789 1861 2853 libri.
1913 2789 1956 2854 Ia
1986 2789 2051 2856 luce
2083 2792 2216 2856 animae

187 2875 336 2941 ¹mauirni
357 2873 570 2940 Hebraeorum
587 2894 624 2939 ac
648 2871 901 2939 Christianorum
921 2871 1051 2956 tbcoboyi
1072 2873 1179 2938 docue-
1230 2881 1303 2941 tuae
1326 2895 1420 2955 quam
1443 2874 1494 2938 ais
1516 2872 1715 2951 invisibilem,
1744 2875 1884 2939 maeedis
1915 2896 1982 2942 esse
2002 2896 2112 2942 reram
2132 2877 2214 2942 aisi-

199 2966 292 3041 rant,
325 2956 364 3026 ac'
388 2961 484 3025 otiam
507 2958 695 3042 pbilosopbi.
745 2958 950 3040 Pbilosopbos
976 2964 1072 3037 taceo,
1101 2959 1179 3039 quia
1230 2961 1342 3026 biliam
1361 2960 1497 3042 forinas:
1528 2978 1586 3023 cur
1612 2959 1711 3042 iyitur
1740 2960 1916 3042 offenderis,
1945 2962 2033 3028 siin
2049 2963 2116 3028 luce
2137 2964 2215 3044 ipsa

200 3046 361 3112 innumeri
381 3048 463 3125 sarit
480 3044 654 3126 Chaldaei,
679 3043 839 3128 Aeyyptii,
872 3044 987 3110 Graeci
1007 3049 1036 3108 et
1058 3043 1178 3123 Latini,
1230 3046 1295 3111 Dei
1314 3046 1420 3112 duam
1440 3064 1493 3128 eya
1514 3064 1580 3109 esse
1598 3044 1721 3126 formas
1742 3045 1844 3111 tales?
1888 3047 1944 3112 Aa
1974 3068 2037 3114 non
2064 3049 2136 3114 inde
2157 3048 2214 3113 de·

200 3134 257 3216 qai
277 3132 443 3199 daemones
471 3151 537 3198 esse
565 3137 659 3197 abeo
679 3136 904 3212 corporaspug.
928 3130 1178 3209 saucacorum.
1229 3133 1377 3197 ricantar
1409 3130 1484 3196 illae
1515 3131 1552 3194 in
1579 3131 1721 3195 animam
1747 3131 1862 3217 tuam?
1917 3131 2063 3199 Inductio
2094 3138 2215 3216 quarta

200 3219 299 3285 Atrei
320 3217 500 3298 daernones,
526 3237 582 3282 sca
602 3217 686 3282 vetut
706 3216 808 3296 atrei,
835 3222 910 3282 sant
931 3216 1023 3281 initio
1037 3237 1101 3299 per
1119 3219 1178 3279 ter-
1230 3223 1283 3297 est,
1315 3239 1337 3282 a
1359 3217 1478 3281 cisione
1498 3221 1527 3281 et
1546 3215 1629 3296 facie
1650 3215 1722 3281 Dei.
1770 3216 1844 3282 Non
1875 3222 1944 3283 erat
1974 3219 2105 3301 falsmn,
2113 3221 2143 3296 ⁴)
2177 3217 2215 3283 id

199 3325 289 3405 reum
309 3302 411 3369 cibam
422 3303 540 3384 puniti,
561 3301 728 3401 deindeuin
745 3322 862 3383 aquam
873 3302 1034 3400 submersi,
1054 3302 1179 3366 demum
1229 3303 1311 3386 qaod
1349 3303 1452 3401 vidae
1490 3299 1633 3382 cupiebat
1671 3301 1786 3367 Moses.
1848 3302 1933 3402 Loca·
1962 3310 2031 3402 aab
2063 3304 2127 3371 Dei
2166 3302 2213 3368 ibi

199 3387 904 3473 ...a
927 3387 1180 3556 asor
1229 3387 1951 3553 aas...
1971 3389 2214 3558 naue

121 3596 124 3600 ⁴
154 3598 155 3601 π
198 3560 368 3641 multiplici
394 3560 579 3626 daanonam
598 3560 730 3640 'umida
751 3580 791 3625 ea
811 3560 1021 3627 observatione
1042 3559 1179 3625 locorum
1230 3561 1287 3628 Aa
1308 3560 1398 3626 illius
1420 3558 1609 3640 eaernplarrs
1627 3559 1739 3639 instar,
1766 3561 1802 3623 in
1823 3562 1940 3626 semine
1961 3565 2026 3625 tam
2046 3561 2212 3640 animalis,

198 3648 235 3714 in
263 3645 374 3724 astris,
405 3665 524 3730 maqna
551 3664 681 3726 corpora
708 3645 905 3727 facientium,
941 3664 980 3709 ea
1007 3650 1130 3726 sumpto
1157 3664 1179 3708 a
1230 3646 1468 3728 quamstirpis
1498 3645 1658 3726 caiusque,
1691 3650 1736 3710 est
1753 3645 1901 3727 formalis
1921 3647 2024 3712 uirtus
2044 3648 2211 3729 quaedam,

199 3731 326 3813 nmquis
341 3729 518 3797 bominibus
534 3731 660 3810 sanine,
682 3735 711 3795 ot
729 3751 769 3796 ea
785 3732 884 3796 aidus
901 3731 1029 3810 ratione,
1050 3751 1179 3812 corpora
1230 3733 1305 3798 talis
1335 3730 1384 3796 rei
1414 3732 1598 3815 byiaratioo:
1640 3749 1703 3796 non
1733 3730 1848 3796 solum·
1865 3731 1941 3796 totis
1971 3733 2065 3798 insta
2096 3737 2213 3798 certam

199 3815 371 3881 roborante.
1230 3818 1372 3899 speciem
1397 3817 1454 3883 sed
1472 3818 1565 3882 insta
1586 3820 1702 3881 certum
1720 3817 1930 3897 individuam,
1961 3818 2054 3900 quale
2074 3823 2120 3884 est
2142 3820 2215 3900 ipse
2242 3899 2243 3902 Ἴ

160 3933 162 3938 ·
1234 3903 1386 3969 Cleristus.
1433 3902 1507 3969 Nan
1538 3902 1641 3968 solam
1672 3908 1740 3967 erat
1761 3903 1796 3967 in
1817 3903 1907 3967 verbo
1927 3904 2088 3969 naturalis
2108 3905 2215 3968 uirtus

406 3997 411 4003 “
556 4040 559 4045 .
1229 3989 1403 4073 fiyurativo
1422 3987 1549 4067 Christi,
1576 3988 1633 4052 sed
1651 3988 1758 4071 fiyara
1779 3990 1854 4069 ipsa
1874 3988 2020 4070 risibilis,
2049 3991 2085 4055 ob
2099 4008 2213 4070 pecca·

468 4067 704 4136 EPISTOLA
725 4070 911 4154 Qantara
1231 4081 1298 4141 tum
1318 4075 1442 4140 reddata
1462 4072 1642 4139 invisibilis.
1671 4072 1816 4140 Indudio
1835 4080 1925 4141 serm
1946 4080 1991 4140 est
2012 4075 2051 4141 ab
2072 4075 2214 4140 mmmis

1230 4161 1424 4243 formatione,
1456 4160 1513 4242 qui
1533 4160 1577 4224 ad
1602 4159 1724 4241 formae
1755 4160 1843 4226 ibius
1864 4181 2018 4244 supermae
2038 4162 2215 4244 imayinem

143 4308 146 4312 ,
286 4242 381 4329 Illud
402 4247 431 4307 te
445 4243 573 4324 pariter
593 4241 728 4323 offendit,
760 4244 842 4323 quod
874 4245 970 4310 veluti
1003 4245 1180 4311 naturalem
1232 4246 1522 4313 etsimilitadinem
1550 4249 1596 4311 est
1622 4265 1749 4327 corpore
1768 4252 1796 4313 et
1817 4248 1927 4312 anima
1945 4248 2108 4329 formatus.
2154 4243 2215 4309 In·

198 4329 288 4397 verbo
318 4334 347 4394 et
378 4328 498 4412 onyelis
531 4328 668 4394 dixerim
699 4328 871 4395 humanam
894 4328 1014 4397 Cbristi
1043 4331 1180 4413 formam
1231 4332 1333 4397 ductio
1363 4333 1499 4413 septimo
1530 4335 1575 4395 est
1607 4331 1646 4397 ab
1680 4333 1839 4398 essentiali
1868 4333 2117 4415 conformatione.
2172 4330 2215 4396 Si

198 4415 382 4494 adheream,
414 4415 586 4480 sermidam
612 4434 709 4495 qnam
730 4421 796 4481 crat
826 4418 895 4497 ipse
921 4417 957 4481 in
976 4417 1084 4499 forma
1104 4417 1176 4482 Dei.
1231 4418 1437 4483 essentialiter
1452 4436 1535 4481 nunc
1553 4421 1598 4481 est
1617 4419 1744 4483 verbum
1769 4418 1805 4483 iu
1827 4417 1959 4498 bomine,
1991 4423 2020 4483 ot
2038 4417 2218 4484 essentiali·

200 4499 264 4567 Sed
292 4500 460 4580 paulisper
493 4501 637 4565 animum
665 4501 808 4582 adtende,
845 4507 873 4566 et
910 4507 938 4569 te
975 4505 1085 4570 maltis
1115 4504 1179 4569 aiis
1231 4509 1277 4568 ter
1313 4507 1359 4567 est
1394 4503 1521 4567 verbam
1554 4500 1652 4583 bonu,
1691 4503 1898 4569 essentialiter
1931 4503 2147 4586 conformatur
2187 4508 2218 4568 at

184 4585 419 4652 manaduoam.
458 4585 549 4652 Sunt
569 4605 651 4652 anne
672 4592 718 4652 est
737 4608 806 4653 aere
827 4589 921 4668 reale,
941 4590 1024 4671 quod
1044 4589 1090 4654 ibi
1111 4595 1181 4655 erat
1230 4593 1396 4669 coaptatur
1438 4588 1560 4670 formae
1604 4593 1634 4652 et
1674 4588 1795 4672 tyram
1837 4588 1990 4655 malua:
2031 4594 2124 4671 atque
2166 4590 2218 4656 ita

199 4672 235 4738 ia
253 4671 375 4757 fayura:
395 4672 442 4736 ita
462 4692 543 4736 nnnc
564 4676 609 4736 est
629 4672 750 4738 bomini
774 4671 897 4739 Cbristo
923 4694 992 4740 aere
1019 4675 1180 4740 naturalis
1231 4674 1275 4740 ab
1298 4678 1419 4738 aetenw
1451 4672 1559 4738 babuit
1592 4675 1798 4757 aptitudinem
1825 4680 1855 4739 et
1881 4680 2054 4756 respuebam
2087 4677 2220 4759 formae

149 4774 152 4779 ’
198 4778 237 4825 ea
256 4759 368 4841 farma,
391 4778 470 4839 quae
491 4757 566 4823 olim
586 4757 793 4840 dispositione
803 4758 869 4825 Dei
877 4760 906 4844 ²)
926 4759 1126 4842 byarabatur
1144 4762 1180 4825 ia
1231 4760 1400 4843 etfiyaroe
1422 4758 1567 4827 bominis.
1618 4758 1764 4828 Inductio
1796 4767 1905 4828 oolaaa
1936 4766 1981 4827 est
2012 4782 2034 4827 a
2051 4763 2221 4831 'murali

198 4845 288 4910 aerbo
310 4850 340 4910 et
360 4843 488 4928 nayda.
510 4842 647 4928 Anyelis
667 4843 726 4911 lac
746 4846 870 4911 ratione
890 4865 953 4912 nan
973 4850 1018 4910 est
1038 4844 1180 4911 bmnana
1820 4877 1826 4886 ·

145 5002 147 5005 ,
197 4930 305 5011 fornia
326 4930 373 4994 ita
391 4930 558 5007 naturalis,
580 4933 615 4994 ut
635 4929 730 4994 nobis.
780 4931 883 5012 Quam
912 4930 995 4996 enim
1024 4932 1089 4996 sint
1113 4932 1179 5012 spi-
1300 5000 1330 5065 1)
1348 5000 1503 5067 spirituales

269 5132 298 5195 1)
318 5138 347 5187 et
363 5132 524 5201 splendoris·
535 5147 586 5188 om.
1299 5068 1332 5204 bb
1347 5069 1509 5207 bbgiiinbbbto.

267 5197 298 5265 2)
316 5198 527 5268 dispensatione.
1301 5205 1332 5273 4)
1350 5207 1425 5262 Add.
1442 5214 1587 5276 spectrum.
