4604 5896
88 309 151 371 sor
777 304 1042 382 selmona
1064 303 1129 372 AD
1152 295 1412 375 GALVINUM.
1519 263 1520 266 Ὺ
2041 318 2106 381 css

81 499 229 584 potentia
276 494 447 561 Naturalis
479 497 548 558 erat
577 491 624 556 ibi
646 493 798 574 potentia,
830 496 902 557 emtu
930 493 1068 558 nondum
1122 492 1240 560 Cecidit
1276 497 1360 561 enim
1394 518 1415 562 a
1440 496 1560 577 priore
1584 497 1833 578 pulchritudine.
1896 500 2106 570 Honorabilis

86 593 208 652 terreus
229 582 331 647 bomo:
360 582 440 646 sicut
461 580 496 644 in
518 578 594 643 aliis
614 578 867 662 persecutionibus
888 577 1030 642 omuibus
1041 577 1066 660 ¹)
1119 579 1188 645 Deo
1209 584 1237 644 et
1262 582 1383 665 abaelis
1409 581 1498 647 bone's
1511 581 1535 667 ¹)
1566 583 1633 665 fuit
1663 605 1784 666 semper
1814 584 1957 652 bumana
1987 587 2103 671 forma,

87 671 248 739 iecturalis
264 667 405 750 poteentia
431 670 599 745 onteairam
620 666 663 728 sil
683 669 787 728 actus:
808 664 909 744 prius
924 662 1067 742 potentia
1119 669 1154 729 ut
1175 685 1251 731 uera
1275 668 1425 732 creatoris
1445 668 1558 751 imaoo.
1603 668 1659 734 Ad
1680 691 1777 751 auam
1798 691 1866 736 rem
1888 670 1928 735 ab
1948 673 2032 754 ipsis
2052 693 2104 738 ca-

85 751 555 916 33333333333333
585 749 691 899 lc
707 749 1067 899 3333333333
1118 750 1309 900 3333333
1329 755 1546 904 333333
1569 755 1777 905 nnnc
1808 757 1964 908 333333
1980 757 2103 924 itm

87 934 231 1005 vestram,
254 930 281 990 et
302 924 418 989 realem
433 920 623 987 invisibilem
638 920 873 1003 permotionem,
897 922 972 998 [pag.
993 922 1068 997 587]
1119 920 1287 986 laesionem
1308 927 1335 986 et
1356 924 1512 987 iniuriam
1533 924 1709 1006 etfaciam,
1744 892 1966 1008 afficiebantur
1987 929 2102 1012 enodi,

87 1017 143 1080 boc
168 1031 268 1077 unum
294 1014 321 1073 et
346 1007 525 1073 naioasale
546 1008 674 1070 axioma
695 1023 840 1070 servans:
872 1003 984 1069 Omnis
1011 1004 1067 1084 aui
1118 1011 1146 1069 et
1166 1011 1334 1087 separatae
1354 1009 1490 1087 anianae,
1513 1009 1549 1074 in
1570 1033 1609 1076 ea
1628 1011 1735 1093 forma
1751 1017 1882 1093 creatae,
1904 1018 1933 1077 et
1953 1015 2102 1080 essentia-

86 1104 223 1186 yencrat,
240 1097 277 1160 in
293 1115 326 1160 se
341 1095 412 1174 ipso
429 1099 459 1157 et
475 1113 513 1158 aa
530 1112 563 1156 sc
580 1093 647 1172 ipso
664 1110 766 1155 semen
788 1090 880 1168 elicit,
898 1094 1067 1170 aanuom
1117 1091 1189 1155 liter
1207 1094 1330 1172 corpori
1346 1094 1602 1179 conformatae.²)
1651 1096 1696 1161 Ob
1716 1096 1753 1160 id
1774 1099 1847 1162 item
1868 1098 2015 1164 iubenior
2037 1100 2104 1182 leae

88 1188 133 1252 sit
151 1185 248 1267 fitius,
270 1187 297 1246 et
318 1179 419 1245 ideale
439 1197 550 1243 semen
595 1176 663 1240 Hoc
693 1176 828 1240 dicimus
856 1173 942 1239 uerbi
963 1193 1066 1239 semen
1112 1177 1245 1257 puniri,
1290 1179 1346 1258 qui
1384 1178 1464 1242 bam
1493 1179 1632 1261 formam
1664 1181 1837 1262 laeserunt,
1876 1204 1911 1248 eo
1944 1182 2027 1266 quod
2059 1185 2102 1248 sit

88 1268 257 1345 essentiale,
291 1287 313 1330 a
340 1286 399 1346 quo
419 1265 533 1341 omnia,
567 1263 651 1326 etin
672 1281 733 1342 quo
754 1262 859 1325 omnia
881 1258 1065 1355 relucebant,
1116 1262 1221 1344 imoao
1242 1261 1315 1327 Dei.
1359 1262 1485 1328 Erebis
1507 1267 1574 1330 iam
1594 1267 1738 1347 aliquam
1771 1269 1807 1332 in
1837 1269 1928 1333 oerbo
1956 1269 2013 1335 illo
2032 1269 2101 1351 for.

87 1357 182 1423 etiam
204 1351 315 1436 coycti,
337 1351 394 1432 qui
415 1351 450 1414 in
470 1349 545 1430 ipsa
565 1348 717 1412 creatione
738 1352 811 1411 sunt
827 1344 918 1410 verbo
939 1345 1066 1408 assnni
1117 1346 1230 1410 malem
1251 1348 1403 1412 rationem
1422 1347 1519 1429 facile
1541 1356 1586 1415 est
1606 1352 1785 1435 intedioere,
1813 1355 1844 1417 si
1868 1352 2029 1420 Gbristum
2054 1354 2101 1418 ibi
2156 1369 2159 1374 ’

86 1442 155 1508 lati.
214 1438 302 1504 Unde
333 1434 472 1500 iriductia
499 1433 619 1500 decim
651 1433 818 1515 emsuroit,
852 1430 892 1496 ab
923 1430 1066 1512 anpelica
1118 1432 1234 1497 credis:
1254 1433 1337 1515 quod
1358 1434 1483 1498 utinam
1503 1437 1560 1501 tibi
1581 1437 1679 1502 detur.
1724 1437 1838 1502 Amen

87 1527 207 1593 visione
253 1527 282 1588 et
331 1521 567 1586 assimilatione.
638 1518 755 1601 Anqeli
798 1516 880 1581 nibil
924 1534 1066 1596 unquam

87 1614 126 1680 de
158 1610 227 1676 Deo
263 1608 345 1672 seire
376 1609 555 1688 potuerunt,
594 1604 662 1669 nisi
698 1603 782 1684 quod
819 1603 866 1666 eis
903 1601 939 1664 in
978 1599 1066 1664 corbo
1393 1654 1396 1659 .

86 1700 157 1778 ipso
179 1696 283 1760 uidere
309 1693 419 1757 datum
446 1696 501 1768 est,
533 1690 569 1755 in
591 1709 651 1770 quo
683 1689 749 1769 ipsi
781 1686 923 1753 videbant
953 1685 1066 1766 facum
1397 1687 1632 1755 EPISTOLA
1654 1689 1820 1757 SEXTA.

88 1784 168 1850 Dei:
199 1784 286 1844 tanta
316 1778 380 1859 fuit
410 1777 497 1840 uerbi
528 1774 718 1850 eucdlentia,
750 1771 962 1853 manifestatio
992 1769 1065 1847 Dei,

91 1867 271 1940 Christus⁸l
297 1863 397 1944 facies
419 1861 491 1926 Dei.
542 1860 659 1944 Anacli
690 1859 787 1924 etin
820 1857 998 1934 adonias,
1040 1859 1067 1919 ct
1207 1856 1412 1923 Mutationem
1432 1858 1498 1924 Dei
1518 1879 1572 1924 nec
1594 1861 1630 1925 iu
1651 1862 1812 1941 creatione,
1844 1883 1898 1929 nes
1930 1865 1966 1928 in
1998 1865 2105 1928 inpar.

89 1954 125 2018 in
156 1956 274 2016 aalma
305 1950 388 2028 ipsa,
419 1951 493 2011 sunt
516 1946 697 2023 assimilati,
730 1943 922 2025 conformati,
944 1946 973 2005 ot
994 1961 1067 2021 quo·
1117 1943 1280 2027 iratiores)
1306 1963 1371 2009 esse
1391 1944 1517 2026 factam,
1540 1950 1567 2009 et
1588 1946 1798 2011 substantiam
1819 1948 1890 2012 eius
1910 1968 1977 2014 esse
1997 1949 2104 2013 mani·

89 2036 252 2103 domando
284 2034 368 2097 uniti
401 2032 497 2097 aerbo.
559 2031 611 2095 Ab
648 2031 734 2095 omni
767 2028 911 2093 naturali
949 2028 1068 2091 actione
1116 2027 1280 2109 festatam,
1303 2049 1342 2093 ea
1363 2030 1431 2093 iam
1451 2031 1546 2094 dictis
1566 2050 1675 2110 pauca
1696 2035 1836 2111 repetens
1857 2035 2024 2113 ostendam,
2070 2039 2106 2098 ut

89 2129 135 2189 est
156 2121 321 2186 undecimo
348 2117 493 2197 inductio,
525 2118 556 2180 si
582 2136 688 2181 rerum
709 2115 877 2197 analaoias
897 2111 1063 2194 intellipas.
1116 2118 1214 2178 toturn
1228 2114 1359 2194 pietatis
1386 2116 1569 2196 mysterium
1591 2116 1759 2199 intelliaas,
1792 2117 1834 2180 ad
1863 2119 2002 2200 oloriam
2024 2116 2104 2183 Iesu

95 2208 134 2272 Ut
160 2209 196 2272 in
227 2203 428 2271 naturalibus
449 2201 620 2267 actionibus
651 2220 739 2264 omne
772 2219 869 2282 opens
896 2197 1065 2273 assimilat,
1120 2197 1240 2264 Obristi
1265 2200 1386 2264 domini
1413 2201 1521 2265 nostri.
1565 2199 1649 2266 Ante
1670 2202 1856 2266 creationem
1877 2209 1946 2269 erat
1966 2203 2102 2284 verbum,
2205 2255 2208 2261 ,

88 2293 261 2375 conformat
292 2296 319 2354 et
350 2291 419 2354 und
451 2289 513 2354 sibi
527 2308 681 2369 passum:
711 2286 758 2349 ita
789 2286 826 2348 in
857 2283 978 2347 divinis
1008 2301 1066 2346 nos
1117 2285 1184 2348 iam
1200 2285 1392 2366 praesidens
1413 2290 1539 2350 aueraa
1560 2285 1626 2350 Dei
1646 2288 1744 2367 ratio,¹
1770 2288 1898 2353 verbum
1919 2288 2105 2370 manifesto-

88 2379 158 2457 sibi,
182 2397 219 2441 ac
240 2377 334 2440 etiam
351 2375 485 2458 ampelos,
494 2375 523 2451 ⁴)
547 2373 639 2438 Deus
655 2371 824 2448 assimilat,
846 2368 1019 2450 conformat
1039 2371 1067 2431 et
1117 2370 1200 2434 tione
1221 2370 1359 2434 nondum
1380 2370 1559 2435 ecbibitum.
1604 2370 1647 2436 In
1676 2374 1828 2438 creatione
1857 2396 1890 2440 se
1912 2373 2004 2439 Deus
2025 2375 2105 2439 visi·

88 2466 167 2543 uicit,
189 2468 316 2528 aomo
339 2462 419 2526 lueis
439 2457 560 2525 visibili
580 2457 694 2538 forma,
717 2460 744 2519 et
764 2456 886 2519 interna
909 2451 1065 2517 invisibili
1118 2455 1209 2519 bitom
1231 2455 1378 2534 eabiburit,
1411 2455 1596 2520 tbesanrmn
1617 2478 1711 2523 suum
1733 2461 1868 2539 aperuit,
1901 2460 1982 2525 ostia
2005 2464 2103 2525 aeter-

87 2550 217 2632 spiritu.
262 2547 331 2610 Ima
353 2543 627 2612 communicatione
648 2561 726 2607 suae
743 2545 885 2606 exteram
903 2538 995 2616 ‘lucis
1029 2557 1066 2601 ac
1118 2541 1238 2606 nitatis.
1284 2539 1431 2606 Mutatus
1451 2561 1511 2605 non
1532 2541 1568 2606 ob
1590 2543 1626 2608 id
1646 2543 1772 2623 dicitur,
1800 2545 1882 2625 quod
1902 2545 2025 2609 beccel
2047 2546 2103 2610 illo

88 2637 177 2702 ideae
202 2633 331 2699 dioircoe
357 2633 487 2708 ratione,
521 2629 629 2694 omnia
660 2627 753 2691 initio
784 2625 846 2689 sibi
877 2623 1067 2689 naturaliter
1117 2627 1206 2691 modo
1227 2647 1249 2691 a
1270 2625 1358 2690 nobis
1374 2628 1589 2708 percipiatur:
1634 2649 1732 2710 quum
1764 2628 1819 2695 illc
1840 2650 1961 2695 munem
1969 2631 1999 2710 ⁴)
2028 2650 2105 2711 per-

89 2720 211 2787 similia
240 2722 268 2781 et
295 2718 388 2781 unita
408 2716 482 2796 fecit
502 2714 601 2792 Deus,
627 2712 766 2794 pulcbra
798 2717 828 2775 et
847 2711 941 2774 bono.-
972 2709 1067 2773 multe
1119 2711 1258 2791 mpiendi
1274 2712 1411 2793 formam
1432 2714 1467 2777 in
1488 2732 1521 2777 se
1541 2714 1611 2795 ipso
1633 2716 1795 2794 contineat,
1815 2735 1913 2797 quam
1929 2716 1996 2780 uult
2012 2714 2102 2782 nobis
2158 2794 2161 2798 y

88 2811 192 2872 auum
212 2803 317 2886 moois
338 2801 499 2881 bominem,
525 2799 595 2863 Deo
615 2797 828 2880 multipliciter
855 2795 1068 2867 assimilatum
1118 2797 1257 2879 offerens.
1303 2795 1342 2861 Si
1362 2798 1530 2881 intelliqas,
1552 2801 1844 2866 manicationes
1864 2801 1953 2866 nobis
1975 2801 2104 2867 divinas

87 2897 117 2957 et
136 2891 270 2956 unitum.
318 2887 434 2951 Prima
455 2891 499 2950 est
520 2887 556 2951 in
572 2885 695 2950 bomine
714 2903 753 2948 ea
770 2883 878 2946 innato
898 2879 963 2944 Dei
984 2879 1067 2945 bali-
1118 2902 1180 2946 reon
1212 2902 1278 2947 esse
1309 2883 1344 2947 in
1370 2883 1440 2949 Deo
1472 2884 1667 2958 mutationes.
1699 2885 1853 2968 intdlipes
1887 2907 2017 2969 dumne,
2053 2907 2120 2970 ear

85 2982 121 3043 lu
152 2975 229 3039 unio
260 2977 402 3050 naturae,
434 2992 504 3036 cum
535 2969 743 3036 similitudine
774 2967 906 3034 lucardis
936 2966 1065 3047 formae.
1119 2967 1284 3033 bibitiones
1316 2988 1379 3034 nou
1407 2970 1511 3053 esse⁶)
1540 2971 1735 3037 mutationes.
1782 2971 1877 3037 Nibd
1898 2971 1990 3036 Deus
2009 2978 2103 3052 creat,

88 3059 234 3129 &cunda
265 3063 309 3122 est
336 3059 413 3123 nnio
432 3057 556 3141 oratioe
576 3057 649 3120 nooi
669 3055 811 3138 spiritus,
841 3072 914 3129 ,cum
934 3052 1067 3116 maioris
1119 3055 1172 3119 cui
1192 3073 1226 3118 se
1246 3054 1336 3119 moda
1358 3053 1464 3135 aliquo
1485 3074 1550 3119 non
1568 3056 1709 3122 enbibeat
1728 3061 1757 3121 ct
1778 3059 1986 3123 eommunicet.
2009 3057 2103 3123 Deus

86 3146 222 3231 fulconis
241 3148 391 3208 renouata
411 3143 499 3207 intus
520 3142 665 3225 inopine.
713 3140 822 3205 Tertia
855 3139 914 3203 erit
948 3137 1067 3202 enimin
1120 3139 1233 3220 ubique
1255 3144 1307 3218 est,
1340 3160 1448 3205 rer-um
1480 3141 1621 3206 manium
1652 3143 1788 3207 essentia
1809 3143 1935 3223 plenus.
1982 3142 2106 3207 Rerum

87 3233 165 3299 unio
184 3230 294 3311 finalis
313 3229 442 3311 alariae
463 3228 499 3292 in
519 3247 583 3309 qua
604 3226 776 3293 uidebimus
796 3245 875 3303 eum,
897 3224 992 3290 menti
1013 3227 1066 3301 est,
1104 3225 1259 3305 ¹amnium
1279 3226 1448 3290 essentiam
1476 3230 1550 3305 [pag.
1577 3230 1652 3305 889]
1684 3228 1720 3290 in
1748 3247 1782 3292 se
1816 3229 1863 3292 ita
1891 3228 2031 3306 eontinet,
2066 3231 2102 3292 ut

87 3319 124 3384 in
152 3315 354 3381 abditissima
385 3314 447 3379 illo
473 3313 547 3391 luce,
580 3313 699 3378 nanini
730 3330 871 3392 unquam
901 3310 982 3387 uisa,
1013 3327 1067 3373 nec
1118 3310 1186 3374 sola
1207 3331 1268 3375 sna
1290 3311 1432 3389 essentia,
1455 3312 1524 3375 sine
1545 3311 1651 3395 alia⁶)
1673 3317 1828 3390 creatma,
1860 3332 1893 3377 se
1926 3312 1977 3378 bia
2008 3314 2098 3378 nobis

70 3403 209 3486 anoctis
239 3402 330 3480 ipsis,
370 3419 425 3464 nec
456 3398 555 3463 beatis
586 3400 714 3477 animis,
753 3397 808 3462 sed
842 3396 903 3461 soli
935 3393 1065 3459 Obristo.
1118 3395 1387 3476 enbiberepossit‚
1410 3396 1576 3478 ottonem,
1599 3398 1817 3480 ulamam‚⁷)
1838 3402 1874 3461 nt
1894 3397 2043 3480 lapidem
2066 3402 2105 3463 ut

88 3486 203 3553 Adbuc
240 3490 313 3550 sunt
354 3485 512 3549 nobiscnm
551 3484 655 3566 mapis
694 3482 807 3549 beandi
845 3481 916 3545 boni
955 3479 1065 3562 ampeli,
1118 3480 1272 3558 electrum,
1311 3484 1347 3544 ut
1376 3481 1429 3545 nir
1449 3500 1510 3561 am,
1551 3485 1586 3546 ut
1614 3483 1733 3560 florem
1773 3486 1807 3547 ut
1839 3483 1930 3549 aliud
1962 3485 2100 3566 andeis.

86 3574 168 3640 sicut
212 3572 291 3634 moli
335 3571 439 3652 maais
479 3570 644 3651 puniendi.
718 3568 757 3634 Ut
799 3587 882 3631 nunc
925 3567 1066 3630 omittam
1120 3564 1389 3630 Similitudinibus
1421 3501 1472 3630 lis
1503 3571 1533 3630 te
1561 3566 1750 3633 comniodius
1770 3568 1915 3633 excitabo.
1962 3569 2052 3635 Nam
2073 3571 2105 3634 si

85 3657 266 3742 anpelorum
305 3657 442 3721 similmn
481 3660 509 3720 et
547 3655 731 3736 conformem
764 3654 832 3719 Dec
869 3651 1065 3730 uoluntatem
1118 3650 1209 3715 Deus
1229 3655 1358 3716 nonest
1378 3656 1527 3729 mutatus,
1551 3651 1588 3716 ab
1609 3652 1738 3736 sinqula
1759 3654 1834 3718 baec
1849 3654 2021 3736 patefacto,
2046 3676 2102 3722 nec

87 3750 117 3810 et
156 3744 309 3825 iacentem
348 3761 422 3825 crya
461 3760 518 3805 nos
555 3740 699 3805 caritatis
739 3739 897 3804 ardorem:
940 3737 976 3799 in
1012 3735 1066 3800 boc
1117 3741 1257 3801 mutatus
1297 3737 1356 3801 crit
1393 3742 1489 3818 caput
1527 3738 1632 3818 ipsum
1673 3735 1857 3821 Carisiusss)
1891 3741 2099 3822 patefaciens.

85 3848 204 3912 quoque
234 3847 268 3893 sc
299 3826 388 3891 corbo
406 3825 472 3892 Dei
497 3824 746 3905 conformabant,
779 3824 862 3905 quod
890 3823 972 3887 simet
996 3822 1066 3886 eius
1117 3821 1274 3886 Exhibeat
1294 3842 1328 3888 se
1348 3823 1416 3886 ioan
1437 3823 1525 3887 rubis
1545 3821 1682 3902 Deus,⁰)
1715 3829 1751 3888 ut
1776 3825 1862 3905 lapis
1894 3824 1948 3892 ille
1977 3824 2101 3893 Zocbu·

85 3920 153 3980 erat
169 3913 366 3995 omniformis
384 3911 525 3988 essentia,
546 3911 593 3974 ita
609 3910 661 3974 illi
676 3930 740 3992 pro
756 3909 862 3988 ipsius
883 3904 1064 3990 imperio,⁶)
1115 3908 1186 3972 riae
1206 3911 1364 3972 ostensus:
1397 3908 1500 3974 oculos
1527 3913 1650 3973 nostros
1671 3910 1719 3973 ita
1741 3911 1873 3991 aperiat,
1905 3915 1941 3975 ut
1961 3911 2101 3996 lapidem

85 4006 122 4066 ut
142 4000 231 4065 nobis
252 3999 478 4075 ministrarent,
501 3997 536 4059 in
557 3996 667 4060 carias
683 3996 805 4076 formas
816 3994 945 4073 passim
961 3998 1065 4057 trans-
1115 3993 1223 4072 ipsum
1243 3993 1414 4058 videamus.
1458 3992 1549 4059 Dens
1569 4013 1632 4059 non
1653 3998 1698 4060 est
1718 4000 1867 4076 mutatus,
1893 4002 1923 4061 et
1943 3998 2033 4062 oiseis
2054 4002 2102 4063 est

84 4085 181 4164 dant,
203 4084 376 4150 bumanam
400 4102 522 4164 semper
545 4080 716 4147 reverendo.
742 4078 842 4144 Cuius
864 4078 935 4143 odio
954 4077 1063 4155 Satan,
1116 4078 1201 4160 lapis
1222 4078 1258 4142 in
1278 4077 1356 4142 Deo.
1409 4077 1510 4144 Verus
1533 4079 1642 4162 lapis?
1688 4080 1779 4146 Deus
1811 4082 1847 4145 in
1877 4082 1964 4165 liano
1986 4087 2033 4146 est
2059 4083 2098 4149 li-

85 4175 194 4235 centra
215 4169 279 4234 Dei
300 4169 471 4249 imperium
493 4187 597 4250 opens,
626 4171 655 4231 et
680 4187 701 4229 a
723 4165 812 4230 beata
833 4164 948 4228 namne
970 4164 1065 4228 disce·
1114 4183 1222 4246 anum,
1256 4164 1292 4227 iu
1323 4163 1430 4244 lapide
1458 4164 1553 4245 lapis,
1585 4165 1619 4229 in
1653 4186 1687 4231 se
1718 4165 1836 4232 babens
1868 4186 1935 4232 csse
1967 4166 2099 4250 lapidis,

87 4255 171 4331 dens,
188 4255 223 4318 in
240 4259 410 4336 serpentem
428 4253 630 4337 deomeravit,
646 4251 754 4317 relicta
772 4254 847 4329 [pag.
869 4253 942 4328 588]
959 4249 1064 4331 forma
1114 4249 1250 4331 formam
1288 4248 1419 4329 lapidis,
1454 4271 1561 4315 veram
1598 4250 1809 4317 substantiam
1845 4251 1974 4332 lapidis.
2021 4251 2101 4319 Ocre-

87 4336 161 4401 Dei.
216 4338 411 4405 Duodecima
446 4340 546 4422 icitur
584 4359 605 4403 a
643 4336 865 4418 deformatione
903 4334 1065 4400 daemonis
1116 4335 1225 4400 cedam
1246 4335 1353 4418 iqitur,
1386 4335 1467 4400 bunc
1494 4355 1560 4400 esse
1580 4357 1651 4401 aere
1684 4337 1834 4417 lapidem,
1865 4337 1968 4417 quood
1999 4357 2102 4404 essen·

87 4422 230 4502 sequitur
251 4424 396 4488 inductio.
441 4424 649 4506 informatio,
678 4425 766 4488 intus
793 4426 821 4486 et
835 4425 945 4500 xeastra,
976 4423 1064 4485 tanta
1117 4421 1195 4485 tiam
1222 4420 1352 4502 formae,
1384 4441 1566 4503 quanquam
1586 4422 1667 4488 desit
1686 4422 1821 4487 materia
1842 4421 1973 4504 lapidis.
2020 4421 2099 4491 Ocn-

86 4506 152 4589 fuit
171 4507 208 4570 in
228 4507 385 4582 daemon,
417 4514 452 4572 ut
484 4510 621 4575 bmninis
650 4509 787 4591 formam
819 4525 979 4573 assumere
998 4508 1066 4570 iam

87 4612 149 4658 non
165 4592 277 4674 possit,
298 4595 366 4657 sine
392 4593 586 4673 deformitate
604 4595 722 4676 aliqua.
769 4593 843 4659 Non
867 4597 964 4674 potest
983 4611 1067 4656 nnnc

86 4677 220 4743 doemon
240 4698 274 4743 se
294 4677 451 4742 borninem
469 4677 594 4764 inpare,
624 4681 703 4761 quin
734 4678 884 4761 deformis
903 4681 1066 4761 appareat.
1188 4660 1218 4792 ἐξ
1236 4659 1406 4783 iffi&

1187 4794 1218 4858 3)
1236 4797 1410 4851 increations.

1186 4864 1217 4926 4)
1238 4865 1362 4919 omnium.

156 4931 351 5060 3333333
1187 4931 1441 5069 33333333·

157 5064 189 5136 3)
207 5068 307 5124 Christi
324 5066 417 5135 facies,
434 5066 486 5122 Dei
503 5067 592 5136 angeli
609 5073 652 5124 et.
664 5104 688 5122 ..
1188 5069 1219 5136 ’1)
1238 5084 1341 5123 aurum.

156 5136 187 5205 4)
206 5137 318 5204 angelis.
1189 5138 1219 5205 8)
1239 5137 1382 5192 Christum.

157 5204 187 5274 5)
206 5206 246 5261 ita
263 5220 314 5276 pro
331 5203 402 5259 illius
418 5204 532 5274 imperio
549 5205 611 5275 ipsi.
1187 5207 1218 5273 9)
1236 5206 1311 5260 Deus
1328 5219 1380 5260 om.

194 5291 306 5348 Osirim·
320 5306 411 5362 opera.
452 5291 510 5348 Vol.
533 5289 620 5346 VIII.

88 4850 294 4860 -———-
