4786 5910
189 307 252 369 345
955 300 1439 374 Palanesrmffloua.
2139 315 2201 377 346

189 491 343 558 (lhristus
361 498 470 575 negat.
493 490 569 555 Non
591 490 632 555 de
654 489 805 555 omnibus
822 489 946 573 loquor,
968 490 1084 572 inquit,
1108 510 1170 574 ego
1222 494 1349 576 garriat
1379 493 1514 573 nebulo,
1548 492 1649 558 Iacob
1681 499 1775 558 utero
1807 492 1915 559 adhuc
1949 493 2115 561 inclusum
2143 517 2203 563 sua

189 577 256 644 scio
278 598 360 659 quos
382 577 538 660 elegerim
560 576 688 656 (Ioann.
715 580 764 654 13,
790 579 852 655 18).
889 573 986 655 Quod
1007 575 1036 641 ei
1055 575 1168 640 audia-
1221 576 1385 644 industria
1411 578 1580 644 electionis
1602 578 1762 644 honorem
1790 579 1852 644 sibi
1873 580 2056 662 peperisse,
2086 589 2121 646 et
2143 604 2204 648 sua

189 669 245 728 tur
261 663 425 728 sanatione
442 663 517 740 istc,
538 662 646 744 potior
663 661 727 726 erit
738 658 881 726 Herodis
893 659 1046 739 conditio,
1069 682 1169 745 quarn
1222 663 1410 729 constantia
1428 665 1557 729 stetisse
1575 664 1610 728 in
1629 665 1700 730 eius
1720 666 1923 747 possessione
1941 663 1982 731 ad
1994 667 2200 732 extremum?

189 747 346 814 Davidis:
386 756 421 812 et
459 747 626 812 electionis
664 747 789 812 honore
824 755 954 813 sanctos
989 747 1168 829 prophetas
1308 747 1519 814 Tantundem
1540 749 1643 814 habet
1664 750 1811 828 rationis,
1826 752 1849 827 ¹)
1872 751 1959 834 quod
1981 753 2200 833 reiectionem,

188 834 283 917 impii
322 833 447 900 scribae
486 831 696 916 praecedent:
743 832 830 899 dicet
843 835 867 911 1)
909 853 977 896 non
1019 854 1089 898 esse
1127 854 1169 897 ex
1222 834 1262 899 de
1285 855 1351 917 qua
1373 834 1520 918 disputat
1540 834 1681 915 Paulus,
1710 857 1777 900 non
1798 834 1839 900 ad
1862 835 2011 920 singulas
2032 858 2200 920 personae,

188 940 328 985 numere
349 918 507 984 fidelium.
552 919 669 1002 Atqui,
695 919 819 1002 passim
839 918 1002 997 clamitat,
1031 939 1169 1003 genera·
1222 920 1344 985 esdad
1365 928 1472 985 totum
1493 918 1616 986 iudaiei
1637 921 1750 1004 populi
1772 942 1808 986 co
1850 943 1889 987 us
1911 927 1985 1001 [pag.
2012 929 2085 1004 173]
2108 946 2202 1008 spec-

188 1005 264 1071 liter
280 1005 319 1070 in
336 1003 506 1070 saeculum
523 1011 707 1087 competere
725 1003 894 1070 electionis
912 1004 1060 1088 gratiam.
1086 1004 1170 1069 Vult
1222 1013 1293 1070 tare
1321 1007 1470 1090 exponit:
1502 1005 1580 1089 quia
1607 1027 1689 1090 gens
1718 1006 1776 1071 illa
1802 942 1975 1072 (dinatum
2005 1010 2200 1092 respuendo,

189 1111 225 1156 se
257 1089 449 1157 fideiussore
482 1089 585 1169 credi,
625 1111 795 1172 nunquam
834 1090 931 1154 aliter
958 1089 1100 1154 Paulum
1129 1089 1169 1155 de
1223 1093 1310 1157 vitae
1338 1099 1492 1157 aeternae
1524 1091 1728 1157 haereditate
1761 1114 1796 1157 se
1823 1094 1975 1174 privavit.
2020 1095 2142 1160 Fateor
2165 1117 2199 1160 e-

187 1176 487 1260 praedestinatione
526 1176 699 1259 loquutum
739 1196 818 1242 esse.
897 1173 1048 1256 Quid?²)
1112 1177 1168 1240 An
1222 1177 1363 1259 quidem,
1385 1178 1465 1242 binc
1487 1184 1594 1242 ortam
1616 1177 1717 1243 fuisse
1738 1176 1928 1261 disputandi
1950 1199 2090 1247 causam.
2132 1179 2201 1246 Sed

188 1283 302 1328 omnes
336 1281 415 1328 suae
449 1263 566 1326 aetatis
598 1260 750 1327 homines
784 1260 1027 1344 complectitur,
1067 1281 1168 1344 quum
1221 1262 1299 1326 inde
1321 1284 1417 1329 nemo
1440 1284 1541 1328 sanus
1563 1262 1704 1347 colliget,
1727 1263 1951 1345 quaestionem
1969 1264 2035 1330 illis
2050 1267 2202 1333 terminis

187 1347 359 1414 iustificari
381 1345 475 1425 dicit,
505 1368 586 1430 quos
607 1348 701 1411 Deus
722 1346 984 1431 praedestinavit
1004 1347 1115 1425 (Rem.
1137 1351 1168 1425 8,
1221 1349 1318 1428 finiri,
1341 1369 1443 1432 quum
1466 1354 1499 1412 et
1520 1367 1626 1432 genus
1648 1347 1803 1414 Abrahae
1826 1371 1867 1414 ex
1886 1349 1998 1416 electis
2019 1353 2145 1434 pariter
2167 1359 2201 1417 et

188 1433 267 1512 29)'l
290 1435 413 1499 Annon
434 1433 545 1516 potius
567 1453 588 1498 a
609 1433 775 1498 communi
792 1431 906 1497 ordine
923 1441 1088 1516 segregat,
1112 1432 1168 1515 qui
1220 1436 1367 1517 reprobis
1389 1435 1532 1498 mixtum
1554 1453 1625 1498 esse
1648 1433 1763 1499 doceat
1782 1434 1923 1500 Paulus:
1946 1444 1981 1501 et
2002 1437 2200 1520 generaliter

188 1518 369 1585 secundum
401 1518 606 1603 propositum
638 1520 746 1584 vocati
778 1517 877 1584 sunt?
929 1518 1031 1597 Item,
1065 1539 1165 1601 quum
1219 1520 1430 1601 pronunciet,
1454 1539 1634 1603 exgenere
1654 1518 1801 1584 humano
1823 1521 1945 1604 partim
1967 1522 2049 1601 irae,
2077 1523 2201 1605 purtim

189 1605 267 1670 alibi
289 1604 381 1670 dicit:
405 1602 499 1685 Quae
516 1604 619 1670 stulta
636 1611 723 1681 sunt,
746 1603 956 1688 elegitDeus‚
980 1612 1019 1668 ut
1037 1605 1167 1686 sapien·
1219 1605 1463 1671 misericordiae
1497 1626 1578 1671 vasa
1617 1604 1658 1669 ad
1691 1604 1924 1671 illustrandam
1958 1605 2023 1671 Dei
2059 1608 2200 1692 gloriam

188 1692 270 1755 tiam
291 1688 409 1755 mundi
430 1688 611 1755 confundat
633 1694 676 1767 (l.
689 1689 764 1755 (lor.
791 1695 818 1769 l,
842 1692 911 1765 27);
936 1710 980 1754 an
1002 1689 1044 1753 ad
1066 1697 1169 1754 totam
1219 1691 1368 1772 proferri.
1415 1688 1511 1771 Quod
1535 1696 1646 1755 autem
1669 1691 1810 1773 primam
1839 1693 2078 1775 reprobationis
2100 1695 2201 1778 origi-

188 1783 331 1842 aetatem
365 1774 538 1854 extendet,
577 1777 613 1839 in
647 1797 712 1858 qua
745 1775 956 1841 manifestum
991 1774 1168 1840 discrimen
1219 1798 1295 1841 nem
1318 1778 1352 1841 in
1375 1798 1413 1842 eo
1436 1776 1561 1854 statuit,
1583 1772 1670 1858 quod
1692 1775 1863 1860 evangelio
1885 1778 2046 1843 increduli
2059 1779 2200 1845 fuerint:

189 1860 368 1928 statuitur?
530 1902 532 1905 -
1219 1881 1351 1928 causam
1375 1862 1461 1927 hanc
1485 1884 1505 1926 a
1526 1861 1632 1927 Paulo
1662 1861 1784 1926 diserte
1807 1865 1950 1945 exprimi
1979 1885 2044 1929 non
2067 1865 2201 1945 infitior,

275 1945 442 2028 Quoniam
474 1953 587 2011 tamen
624 1967 660 2010 se
693 1944 802 2010 adhuc
832 1944 1029 2027 impeditum
1060 1946 1167 2011 teneri
1242 1953 1393 2030 ostquam
1416 1947 1540 2012 scilicet
1568 1948 1660 2029 prius
1688 1945 1771 2011 illud
1798 1947 1983 2014 membrum
2011 1948 2051 2013 do
2081 1949 2203 2016 abditis

188 2033 307 2112 sentit,
338 2031 429 2097 aliud
452 2031 582 2115 asylum
604 2031 767 2114 captat:⁸)
800 2029 898 2112 Quod
921 2053 988 2096 non
1010 2039 1168 2097 vocentur
1252 2033 1283 2098 ei
1304 2032 1434 2099 iudiciis
1455 2031 1605 2098 absolvit.
1628 2030 1793 2098 Distinoto
1811 2034 1899 2097 enim
1920 2034 1983 2099 duo
2001 2033 2041 2098 ab
2060 2057 2098 2101 eo
2116 2044 2203 2102 trao-

188 2118 294 2198 eleeti,
317 2138 400 2201 quos
419 2116 513 2182 Deus
535 2117 608 2182 aliis
630 2115 838 2199 praetulerit:
868 2114 926 2181 sed
943 2117 1000 2200 qui
1019 2117 1056 2181 in
1078 2139 1167 2183 oom-
1219 2127 1349 2184 tantur:
1394 2116 1492 2199 Quod
1513 2138 1684 2200 nunquam
1712 2119 1759 2181 ita
1781 2118 1956 2184 obstrictus
1983 2119 2084 2185 fuerit
2105 2119 2201 2187 Deus

186 2205 280 2269 muni
301 2204 458 2269 electione
480 2210 514 2268 et
535 2201 643 2287 gratia
663 2209 886 2285 perseverant.
918 2203 969 2268 Ac
987 2203 1015 2268 ei
1033 2202 1165 2280 diceret,
1219 2205 1277 2268 uni
1299 2203 1434 2287 populo,
1462 2203 1543 2286 quin
1564 2202 1668 2267 libera
1690 2203 1760 2268 eius
1783 2203 1900 2269 electio
1922 2205 1958 2268 in
1980 2205 2123 2289 singulis
2146 2205 2201 2272 vel

187 2310 244 2355 ees
265 2288 397 2354 demum
425 2291 554 2355 censeri
575 2288 710 2365 eleetos,
744 2288 801 2371 qui
823 2309 858 2354 se
880 2287 957 2352 fidei
979 2289 1166 2354 constantia
1218 2288 1424 2372 cooptandis,
1454 2289 1508 2353 vel
1531 2286 1738 2367 abiiciendis,
1772 2297 1940 2372 regnaret:
1975 2289 2094 2355 deinde
2112 2291 2199 2375 quod

186 2376 227 2440 ab
250 2375 421 2441 hominum
439 2374 540 2458 vulgo
562 2380 726 2457 separant.
755 2374 882 2440 Locum
900 2373 999 2438 Pauli
1017 2372 1163 2440 adducit:
1216 2373 1334 2440 Iudaei
1367 2396 1429 2440 sua
1460 2372 1700 2458 ingratitudine
1733 2394 1769 2439 se
1802 2373 2026 2440 abdicaverint
2058 2398 2101 2441 ex
2133 2377 2198 2441 Dei

185 2460 357 2527 Testifioor
379 2480 489 2526 coram
511 2461 583 2525 Deo
610 2466 645 2525 et
672 2459 783 2525 electis
807 2458 933 2542 angelis
957 2460 1001 2544 (1.
1026 2459 1110 2523 Tim.
1135 2464 1164 2538 5,
1217 2461 1358 2539 familia,
1392 2481 1493 2543 quum
1526 2459 1652 2543 proprii
1681 2467 1792 2525 essent
1819 2466 1972 2526 aeternae
2001 2462 2090 2527 vitae
2118 2461 2198 2526 hae·

185 2550 252 2622 21).
298 2545 404 2627 Quasi
433 2566 512 2613 vero
539 2545 589 2609 illi
610 2564 802 2611 eoncessum
830 2544 874 2610 sit
896 2543 982 2627 quod
1003 2545 1162 2627 postulat:
1217 2546 1320 2611 redes.
1344 2545 1532 2625 Caeterum,
1555 2564 1598 2609 ne
1620 2565 1717 2628 quem
1739 2546 1911 2628 perturbet
1929 2547 2081 2625 varietas,
2104 2547 2198 2630 quasi

186 2632 263 2715 quia
284 2652 361 2696 cum
383 2631 542 2714 apostatis
564 2652 632 2696 non
655 2629 870 2709 desciverint,
898 2629 1067 2696 electionis
1088 2651 1164 2715 gra·
1216 2631 1378 2714 posterior
1400 2630 1481 2697 haec
1502 2629 1637 2696 reiectio
1659 2651 1819 2696 areanum
1829 2630 1895 2696 Dei
1913 2632 2086 2698 consilium
2107 2631 2196 2697 labe·

186 2718 268 2782 tiam
295 2739 365 2783 esse
393 2718 598 2798 promeritos.
642 2717 690 2780 At
718 2717 746 2781 ei
774 2718 847 2798 quis
881 2735 924 2779 ex
950 2714 1089 2782 adverso
1112 2736 1164 2780 as·
1215 2718 1324 2797 faetet,
1346 2723 1476 2782 mature
1498 2716 1641 2782 occurrit
1661 2716 1797 2795 Paulus,
1827 2715 1914 2782 dona
1937 2725 1971 2781 et
1992 2718 2198 2783 vocationem

186 2810 283 2882 serat,
301 2803 380 2885 quia
397 2802 493 2867 electi
510 2809 615 2881 erant,
634 2802 827 2885 perstitisse,
851 2806 926 2880 [pag.
947 2806 1021 2880 172]
1040 2809 1163 2885 quante
1216 2803 1280 2867 Dei
1303 2802 1508 2885 poenitentia
1529 2822 1655 2868 carcre:
1680 2823 1718 2867 ac
1740 2801 1878 2884 proinde
1900 2803 2056 2886 reliquias
2079 2824 2197 2869 seeun-

184 2887 384 2972 probabilius
419 2888 480 2954 hoo
516 2888 600 2952 erit?
652 2887 704 2952 Ne
741 2887 786 2952 sit
818 2907 932 2971 pugna
971 2886 1011 2952 de
1051 2887 1161 2953 verbe.
1216 2888 1295 2953 dum
1324 2889 1503 2971 gratuitam
1536 2888 1729 2953 electionem
1759 2889 1885 2952 servari
1912 2889 2023 2964 (Rom.
2050 2894 2103 2967 ll,
2128 2892 2195 2966 29).

185 2972 298 3054 Quum
325 2972 485 3056 praedicit
507 2973 676 3052 Christus,
705 2980 815 3038 tantas
842 2973 911 3038 fore
929 2971 1074 3038 Satanae
1101 2973 1162 3038 fal·
1215 2972 1346 3054 Quibus
1372 2973 1483 3040 verbis
1511 2971 1663 3039 stabilem
1693 2981 1726 3037 et
1753 2974 1855 3038 fixam
1878 2995 2023 3053 manere,
2052 2994 2135 3058 quae
2160 2975 2197 3039 in

184 3058 300 3138 lacias,
324 3066 364 3123 ut
385 3059 482 3125 electi
503 3081 647 3143 quoque,
670 3058 699 3124 ei
721 3059 794 3123 fieri
812 3065 938 3141 posset,
961 3059 997 3123 in
1016 3080 1163 3124 errorem
1215 3058 1324 3124 abdito
1346 3058 1411 3124 Dei
1438 3059 1574 3125 consilio
1603 3058 1741 3123 fundata
1770 3065 1834 3138 est,
1870 3059 2062 3125 electionem
2092 3061 2199 3144 signi-

183 3145 383 3210 induoantur
415 3144 551 3229 (Mattb
585 3149 643 3222 24,
673 3144 743 3224 24):
777 3144 942 3229 signifieat
970 3145 1043 3208 ficri
1070 3143 1161 3209 nullo
1213 3145 1297 3211 ficet.
1334 3144 1477 3210 Foedior
1499 3145 1599 3210 etiam
1623 3144 1795 3210 nebulonis
1817 3145 2022 3228 impudentia
2043 3145 2080 3209 in
2104 3165 2142 3210 ee
2160 3167 2196 3211 se

182 3231 279 3296 modo
301 3251 407 3314 posse,
430 3237 468 3296 ut
489 3231 610 3296 electos
631 3231 667 3295 vi
689 3252 750 3296 sua
768 3230 908 3313 abripiat
926 3226 1038 3295 Satan.
1062 3230 1161 3296 Nunc
1213 3231 1349 3313 profert,
1374 3229 1460 3314 quod
1471 3231 1563 3295 Esau
1585 3237 1661 3295 ante
1681 3234 1758 3309 [pag.
1775 3234 1848 3309 174]
1868 3231 2078 3312 reprobatum
2096 3231 2198 3297 fuisse

183 3337 248 3400 qua
269 3316 393 3382 virtute
422 3322 511 3382 tutos
544 3336 616 3381 esee
644 3314 812 3381 dicemus?
847 3313 1000 3381 Staturos
1028 3317 1160 3398 proprio
1214 3323 1330 3400 negat,
1364 3337 1461 3399 quam
1495 3316 1717 3399 primogenita
1749 3336 1809 3381 sua
1844 3315 2001 3380 vendidit.
2046 3314 2196 3380 Verbum

181 3402 299 3468 robore
328 3401 492 3486 Georgius
520 3402 671 3467 somniat.
716 3402 832 3486 Longe
863 3401 960 3467 aliter
988 3400 1160 3467 Christus:
1213 3411 1302 3467 certe
1324 3401 1463 3484 apostoli
1491 3401 1608 3479 (Hebr.
1636 3405 1692 3480 12,
1718 3405 1952 3489 magnoaco,
1986 3399 2073 3484 quod
2095 3421 2196 3483 quum

181 3487 290 3552 Nemo
311 3488 416 3570 rapiet
437 3508 575 3552 emanu
591 3508 667 3552 mea
682 3508 764 3570 quas
783 3487 911 3571 suscepi
930 3484 1161 3552 custodiendas
1214 3507 1249 3552 se
1277 3486 1483 3552 haereditate
1512 3486 1692 3568 privasset,
1726 3485 1922 3567 reprobatus
1950 3492 2008 3552 est.
2055 3483 2123 3551 Sed
2152 3507 2196 3551 an

181 3593 270 3639 oves.
314 3573 416 3639 Pater
438 3573 537 3652 enim,
564 3574 621 3655 qui
643 3572 734 3637 dedit
755 3572 849 3651 mihi,
883 3572 990 3637 maior
1008 3570 1161 3638 omnibus
1214 3572 1366 3655 superius
1388 3570 1471 3636 illud
1491 3570 1650 3636 iudicium
1667 3569 1775 3635 abolet
1792 3591 1893 3653 quam
1911 3578 1989 3638 tunc
2006 3591 2124 3654 passus
2145 3578 2197 3637 eet

182 3664 248 3723 est:
272 3679 334 3724 nec
351 3659 473 3741 poterit
494 3659 666 3742 quiequam
684 3679 740 3724 eas
757 3678 874 3741 rapere
887 3677 915 3730 ¹e
936 3677 1038 3723 manu
1056 3659 1161 3740 patris
1214 3656 1407 3740 repulsa?²)
1430 3655 1529 3722 Ocrte
1551 3677 1617 3721 non
1638 3657 1747 3739 magis
1770 3677 1871 3739 quam
1889 3656 1971 3722 fides
1989 3667 2023 3722 et
2041 3657 2197 3724 obedien-

181 3743 311 3828 (Ieann.
339 3749 388 3824 10,
412 3745 477 3827 29).
509 3743 563 3808 Ita
583 3743 711 3810 Paulus
731 3741 846 3809 fideles
869 3743 1005 3808 minime
1026 3743 1062 3807 in
1084 3764 1160 3826 pro·
1213 3743 1260 3807 tia
1280 3742 1379 3808 Iacob
1402 3742 1583 3826 gratuitam
1604 3740 1670 3805 Dei
1692 3740 1901 3825 adoptionem
1923 3745 2052 3808 evertit.

179 3829 287 3912 priam
320 3829 541 3895 constantiam
574 3831 765 3896 recumbere
796 3828 902 3908 iubet,
937 3827 995 3893 sed
1027 3827 1159 3893 fidelem
1300 3826 1398 3909 Quod
1419 3827 1514 3892 initio
1536 3828 1704 3909 praefatus
1722 3848 1807 3907 sum,
1830 3847 1919 3892 nunc
1931 3829 2053 3894 iterum
2066 3837 2192 3911 repeto:

181 3935 252 3980 esse
273 3915 386 3980 Deum
408 3914 579 3994 admonet,
613 3915 668 3998 qui
697 3916 785 3999 ipses
810 3913 956 3980 vocavit:
992 3913 1050 3997 qui
1071 3913 1159 3979 idem
1212 3914 1336 3979 nemini
1360 3914 1541 3997 improbari
1572 3933 1669 3998 posse
1701 3934 1801 3997 quam
1833 3915 1972 3996 exposui
2000 3913 2193 3994 doctrinam,

181 4000 300 4064 efficiet
323 4002 368 4083 (l.
392 4000 507 4067 Thess.
532 4007 562 4081 5,
586 4005 650 4078 24).
696 3999 785 4067 Suae
806 4020 969 4083 quemque
990 3998 1160 4065 electionis
1212 3999 1279 4065 nisi
1305 3999 1362 4082 qui
1389 4021 1490 4082 supra
1511 3998 1577 4063 Dei
1603 3999 1758 4082 spiritum
1786 4020 1902 4081 sapere
1931 3999 1993 4065 sibi
2017 3998 2193 4065 videbitur.

181 4093 330 4151 autorem
358 4091 392 4150 at
416 4086 579 4152 arbitrum
610 4087 689 4154 facit
722 4085 900 4171 G‘eorgius:
935 4092 971 4149 at
1003 4084 1159 4152 Christus
1212 4086 1346 4164 Nunol)
1375 4085 1464 4150 enim
1487 4105 1525 4149 eo
1546 4084 1669 4149 fastidii
1691 4084 1864 4167 perveniet
1890 4085 2063 4151 hominum
2084 4105 2194 4150 moro·

180 4190 257 4236 sues
279 4192 351 4237 esse
369 4179 519 4252 testatur,
540 4193 622 4256 quos
640 4195 659 4238 e
676 4172 800 4238 mundo
817 4174 888 4254 ipse
905 4171 1005 4255 elegit
1027 4170 1156 4246 (Ioann.
1212 4171 1307 4250 sitas,
1341 4179 1379 4234 ut
1405 4166 1492 4253 quod
1524 4192 1541 4235 e
1574 4170 1738 4254 scriptura
1765 4181 1935 4254 sumptum
1968 4191 2041 4236 esse
2063 4177 2194 4235 constat

183 4255 1158 4340 1e,19).InquamsententiamolanatPaulus:Saun-
1212 4255 1338 4340 placide
1367 4255 1572 4339 libenterque
1604 4256 1757 4340 amplecti
1784 4278 1851 4322 non
1880 4257 2081 4335 sustineant,
2114 4256 2193 4339 quin

180 4339 260 4405 dum
280 4343 484 4426 propositum
506 4345 629 4409 vocatis
652 4345 763 4409 omnia
789 4343 956 4426 cooperari
977 4343 1014 4406 in
1036 4341 1158 4408 bonum

180 4426 290 4504 (Rom.
314 4433 351 4508 8,
375 4431 439 4508 28).
484 4430 532 4493 Et
564 4428 605 4494 de
636 4429 762 4497 infante
794 4426 941 4494 nondum
973 4433 1065 4493 nato:
1111 4428 1159 4495 Ut

179 4514 363 4579 seeundum
385 4513 578 4581 electionem
600 4516 803 4600 propositum
824 4513 889 4578 Dei
910 4521 1070 4594 maneret,
1092 4535 1159 4578 non
1281 4527 1311 4594 1)
1331 4525 1405 4582 c’est
1421 4544 1475 4583 une
1492 4543 1592 4583 masne
1604 4521 1646 4581 ‘im
1666 4526 1770 4581 udones
1788 4529 1806 4581 a
1822 4526 1876 4596 luy.

179 4618 224 4664 01
252 4599 422 4682 operibus,
457 4599 516 4666 god
544 4622 586 4666 01
608 4608 754 4679 pomae,
785 4598 907 4666 dietum
941 4620 1027 4665 0550:
1060 4598 1159 4665 12001)
1280 4595 1311 4659 2)
1328 4594 1399 4651 Mais
1413 4595 1550 4665 l’Apostre
1565 4543 1665 4650 entend
1683 4610 1715 4649 ce
1732 4593 1796 4662 qu’il
1811 4596 1938 4663 exprime,
1953 4612 2006 4664 que
2020 4597 2193 4653 eareiection

179 4683 282 4749 nn
304 4688 416 4764 eom·
441 4690 475 4766 a
502 4691 564 4764 u·
610 4685 699 4767 aa
726 4692 831 4752 resa
856 4684 1009 4764 anam,
1038 4685 1103 4751 :a
1122 4692 1160 4750 a
1212 4664 1476 4802 :retreat
1492 4660 2193 4803 ruere-,ettaeclettistete:

1213 4799 1393 4923 tl'opposite
1411 4817 1463 4871 que
1481 4801 1508 4855 la
1526 4801 1572 4870 loy
1591 4809 1620 4854 et
1637 4799 1796 4857 obcieeance
1814 4799 1848 4854 de
1866 4800 1949 4855 laceb
1967 4775 2011 4855 ula
2028 4817 2079 4869 pas
2097 4801 2194 4856 merite

1231 4868 1277 4924 u'il
1308 4877 1352 4924 ast
1369 4869 1422 4925 ado
1443 4871 1471 4924 te
1488 4869 1521 4923 de
1539 4869 1617 4924 Dieu.

249 4939 279 5007 1)
298 4940 371 4997 dicet
391 4941 593 4998 ...fidelium
621 4943 679 4997 Pro
696 4943 740 4998 bia
756 4942 897 5012 iaoollico
915 4941 1029 5012 katar:
1044 4941 1159 5010 puisquc
1213 4888 1231 4939 q
1281 4936 1312 5003 3)
1341 4935 1389 4993 Sic
1414 4887 1513 5008 licitur
1538 4938 1570 4991 ta
1596 4937 1722 4991 manebas
1748 4936 1916 4991 addicantur
1942 4936 2046 4991 latinia.
2094 4934 2194 4991 Gallae

178 5007 318 5064 l'election
334 5008 406 5067 n’eet
423 5027 475 5081 que
493 5027 564 5079 pour
580 5012 606 5066 le
625 5018 722 5080 temps.
1213 5012 1304 5061 toraca
1321 5007 1542 5074 cariatensis,
1559 5004 1634 5075 guod
1650 5005 1761 5059 omnino
1778 5006 1990 5060 ratiocinationi
2006 5005 2114 5059 autoris
2131 5020 2195 5077 conf

250 5076 280 5144 2)
300 5077 371 5134 Mais
389 5081 415 5135 ie
432 5096 466 5134 ne
485 5096 534 5148 say
551 5081 597 5148 qui
615 5085 677 5135 sera
695 5081 718 5134 si
735 5078 774 5134 lol
791 5079 826 5134 de
839 5080 884 5149 luy
897 5080 1002 5135 donner
1011 5079 1050 5132 tel
1066 5076 1160 5132 credit.
1213 5081 1372 5130 aaronem
1390 5081 1436 5138 cet,
1455 5075 1568 5155 ideoque
1585 5074 1616 5128 ia
1632 5073 1779 5154 archetypo
1797 5089 1901 5144 quoquc
1915 5073 2122 5129 restituendum.
2157 5073 2195 5129 la

249 5145 280 5241 3)
297 5146 338 5201 Le
355 5149 446 5204 moine
468 5164 504 5202 ne
521 5149 668 5217 regardant
690 5149 768 5217 point
784 5146 826 5202 e’il
850 5162 880 5202 ee
899 5147 1034 5204 contradit
1052 5164 1088 5202 ou
1105 5161 1159 5202 non
1213 5145 1275 5213 ipae
1292 5149 1387 5199 nostro
1410 5143 1540 5198 editione
1558 5144 1699 5212 Μαρία
1721 5144 1873 5212 exemplari
1894 5143 1996 5213 clipeis
2013 5143 2118 5199 catomo
2136 5157 2194 5200 cor·

179 5230 230 5270 use
245 5215 308 5270 dun
327 5223 405 5272 caue
424 5216 581 5286 subterfuge
598 5233 670 5286 pour
688 5232 717 5272 se
731 5215 917 5285 deevclopper.
1212 5212 1467 5281 acarnanum.
