4702 5926
188 317 258 379 616
360 364 380 402 ,
554 372 557 375 ,
940 309 1210 379 sunmerso
1231 308 1467 377 66666611
1742 389 1747 393 ,
2148 315 2216 379 616

280 503 409 584 Quarta
428 501 516 567 ratio
536 507 596 578 666,
629 498 717 585 quod
749 518 847 566 nemo
880 498 1061 582 spiritualis
1082 499 1177 565 initio
1228 497 1344 580 Neque
1375 499 1464 563 enim
1495 497 1675 564 absurdum
1702 499 1765 565 fuit
1798 506 1913 567 octavo
1941 502 1994 568 die
2023 507 2216 574 circumcidi

188 589 400 740 61111111
411 585 1078 738 ethemmimael
1083 584 1178 736 :ie
1228 582 1482 753 1116161111
1499 583 2216 745 61616611611116111111111

358 724 367 738 0
1353 719 1361 748 1

190 760 336 842 66111666.
371 759 474 842 'Ergo
506 779 574 824 non
605 763 748 841 possunt
772 777 793 821 a
813 777 916 840 puero
948 755 1072 822 carnali
1093 756 1177 821 inci·
1229 755 1287 820 Sic
1315 754 1406 819 enim
1432 762 1554 820 sonant
1581 755 1686 822 Musis
1712 757 1830 822 verba:
1874 697 2216 847 Quumperogapderint

189 866 279 930 pere.
323 843 448 909 Fateor
468 851 558 909 certe
579 864 695 909 omnes
714 849 863 926 posteros
879 840 974 907 Adae
993 841 1085 906 nasci
1106 841 1176 905 irae
1227 839 1288 903 filii
1316 841 1365 904 tui
1387 847 1421 905 et
1446 840 1535 905 filiae
1562 849 1653 921 tuae,
1681 841 1761 925 quid
1786 843 1848 910 hoc
1874 846 1937 911 sibi
1962 848 2059 913 vult?
2082 849 2215 916 docebis

189 930 287 1008 filios,
321 937 355 1007 ct
375 929 460 994 nihil
483 927 527 994 ab
546 938 644 994 utero
663 948 764 1012 quam
784 935 926 992 mortem
947 927 1082 990 afferre:
1117 925 1176 991 sed
1228 945 1293 1003 eos,
1316 932 1376 990 etc.

189 1014 431 1100 praescriptum
465 1015 625 1081 divinitus
653 1022 785 1097 tempus
814 1017 889 1092 [pag.
913 1016 990 1089 616]
1013 1010 1176 1078 Servatus
1314 1011 1412 1075 Nona
1429 1011 1514 1075 ratio
1532 1021 1591 1089 est,
1613 1011 1700 1094 quod
1719 1012 1825 1080 bonus
1842 1014 2050 1100 dispensator
2068 1021 2215 1090 familiae

191 1100 355 1179 ostendat,
376 1121 442 1183 666
458 1102 595 1184 incipiat
616 1099 798 1183 spiritualis
816 1099 904 1163 vitae
921 1098 1062 1162 novitas.
1107 1097 1176 1161 Nos
1229 1096 1338 1160 cibum
1357 1095 1534 1162 distribuat
1554 1106 1703 1180 tempore
1720 1119 1788 1165 suc.
1816 1101 2027 1185 Respondeo:
2050 1105 2099 1171 Ut
2117 1127 2216 1190 prae-

191 1188 282 1251 snim
315 1184 429 1251 solidis
461 1194 496 1251 et
528 1186 626 1252 claris
659 1185 841 1267 scripturae
869 1182 1068 1247 testimoniis
1090 1181 1176 1261 freti,
1228 1189 1397 1264 posterum
1429 1203 1491 1248 666
1522 1182 1674 1247 61616616
1709 1193 1822 1251 666616
1854 1198 2013 1273 coarguat
2039 1189 2213 1274 Servatus,

191 1271 291 1338 simul
313 1293 352 1337 66
373 1277 558 1337 nascuntur
588 1271 733 1336 infantes
763 1292 804 1335 cr
827 1269 950 1334 sanctis
972 1265 1175 1350 parentibus,
1227 1266 1434 1348 probandum
1456 1268 1491 1332 in
1512 1267 1629 1351 primis
1652 1288 1735 1347 6666,
1757 1271 1925 1354 prohiberi
1948 1295 1968 1338 6
1989 1275 2116 1342 Christi
2136 1300 2216 1363 gra-

191 1357 365 1423 Christnm
383 1356 523 1423 dicimus
544 1357 610 1422 11116
632 1376 769 1420 1666616
790 1355 970 1437 porrigere,
992 1360 1032 1417 66
1049 1373 1070 1416 6
1087 1372 1177 1417 com·
1227 1351 1276 1416 tia
1295 1352 1448 1417 infantes.

189 1443 286 1508 muni
307 1450 402 1508 reatu
424 1443 583 1510 absolvat,
1314 1436 1455 1503 Decima
1480 1439 1580 1517 ratio,
1613 1439 1699 1523 quod
1726 1441 1881 1509 Christus
1909 1447 2073 1528 apostolos
2100 1449 2216 1517 iubeat

280 1527 409 1609 Quinta
429 1530 517 1593 ratio
538 1549 580 1593 61
602 1527 760 1611 allegoria
781 1524 935 1603 sumitur,
965 1523 1043 1606 quia
1064 1521 1177 1588 David
1229 1524 1391 1605 respicere
1414 1522 1455 1588 ad
1477 1526 1630 1608 regiones
1652 1547 1735 1609 quae
1756 1529 1823 1592 iam
1845 1529 2029 1612 albescunt,
2060 1541 2095 1599 et
2114 1557 2216 1619 6616-

190 1615 227 1678 16
249 1633 358 1680 616616
381 1611 465 1678 Sion
486 1613 710 1679 conscendens
731 1632 793 1678 nec
814 1628 927 1676 caecos
948 1630 1010 1674 nec
1041 1607 1177 1674 claudos
1230 1618 1284 1672 tae
1315 1615 1394 1673 sunt
1428 1609 1471 1674 ad
1505 1630 1662 1676 messem:
1697 1613 1784 1678 unde
1818 1617 1967 1698 sequitur
1999 1620 2216 1688 immaturam

192 1718 304 1765 secum
328 1696 426 1776 ducit,
460 1699 518 1764 sed
551 1706 704 1764 strenuos
725 1697 858 1761 milites.
901 1695 1030 1759 Verum
1052 1692 1177 1776 siquis
1229 1695 1359 1776 frugem
1391 1715 1567 1779 perperam
1595 1697 1713 1782 colligi.
1769 1698 1874 1780 Quasi
1908 1721 1988 1767 6616
2020 1714 2216 1788 6616666616

190 1783 382 1867 6616661616
405 1792 550 1868 opponat
571 1786 606 1848 in
624 1803 688 1866 qua
704 1782 798 1848 Deus
819 1780 861 1846 ad
883 1779 1023 1847 coeleste
1041 1778 1177 1861 epulum
1229 1779 1380 1862 regulam
1401 1780 1469 1847 illic
1486 1780 1641 1847 Christus
1658 1786 1861 1866 praescribat
1877 1787 2061 1871 discipulis:
2084 1814 2121 1858 ac
2144 1815 2216 1860 non

191 1869 314 1935 invitat
335 1889 448 1936 caecos
470 1879 504 1935 et
525 1869 669 1945 claudos,
692 1866 854 1952 quomodo
872 1886 908 1932 so
925 1864 1079 1947 expediet
1097 1863 1176 1929 Ser·
1227 1865 1338 1947 potius
1358 1875 1567 1947 praesentem
1589 1867 1710 1935 laboris
1732 1871 1877 1937 fructum
1895 1874 2073 1942 ostendens
2094 1900 2150 1944 ecs
2170 1880 2215 1945 ad

191 1954 311 2022 666661
363 1955 437 2039 Ego
476 1963 587 2020 autem
626 1954 712 2020 nihil
749 1952 840 2018 aliud
878 1949 1070 2033 respondeo,
1110 1949 1177 2014 nisi
1229 1949 1418 2016 obeundum
1440 1952 1592 2018 alacriter
1618 1954 1756 2020 docendi
1777 1977 1900 2025 munus
1920 1963 2026 2043 magis
2053 1966 2216 2030 exstimu-

191 2039 325 2106 claudos
361 2049 395 2105 et
429 2041 564 2106 mutilos
598 2062 673 2106 6616
709 2038 840 2104 Davide
873 2039 966 2121 prius
1005 2035 1174 2112 militasse,
1227 2036 1284 2100 let.
1327 2035 1422 2120 Nego
1443 2038 1547 2122 igitur
1567 2038 1634 2104 illis
1652 2039 1778 2107 Christi
1795 2045 1905 2110 verbis
1927 2054 2034 2113 certos
2055 2051 2216 2132 apostolis

190 2124 330 2208 ideoque
352 2127 489 2191 minime
522 2146 594 2192 esse
615 2123 836 2208 prohibendos
857 2144 878 2188 6
899 2141 992 2188 66616
1015 2120 1174 2206 symbolo,
1228 2122 1311 2186 fines
1336 2122 1514 2204 praescribi
1537 2123 1628 2189 intra
1653 2147 1735 2208 quos
1757 2132 1831 2206 [pag.
1856 2135 1931 2209 666]
1954 2153 1989 2196 66
2011 2136 2214 2216 6666166666,

190 2231 257 2294 666
279 2210 434 2277 Christus
467 2211 568 2278 rudes
600 2220 636 2276 et
666 2211 809 2276 novitios
840 2209 876 2272 in
904 2227 999 2274 suam
1021 2205 1175 2270 militiam
1228 2206 1286 2272 sed
1308 2228 1351 2271 61
1373 2227 1415 2273 re
1429 2210 1597 2292 praesenti
1630 2220 1797 2295 sumptam
1830 2236 1902 2280 6666
1935 2219 2213 2289 exhortationem.

186 2295 309 2361 initiat.
1229 2292 1363 2374 Alioqui
1390 2314 1456 2359 ncn
1483 2294 1661 2377 quadraret
1682 2297 1768 2380 quod
1790 2298 1870 2366 dicit
1890 2302 2031 2384 Paulus,
2054 2307 2215 2373 ecclesiae

277 2379 384 2447 Sexta
414 2383 499 2447 ratic
531 2387 598 2459 666,
638 2379 726 2463 6666
764 2380 803 2445 16
836 2378 1030 2444 fluminibus
1071 2396 1176 2459 aquae
1229 2377 1378 2444 doctores
1407 2380 1572 2445 seminare
1605 2392 1639 2446 et
1666 2385 1784 2466 rigare.
1828 2385 1945 2470 Itaque
1977 2391 2051 2455 istis
2078 2390 2216 2458 Servati

190 2467 298 2546 61666,
321 2487 405 2550 6666
427 2474 543 2532 616666
564 2486 607 2531 61
625 2466 760 2533 66616661
780 2464 973 2543 Ierusalem,
995 2463 1175 2546 piscatores
1228 2464 1399 2548 argutiolis
1420 2465 1506 2530 nihil
1526 2466 1674 2549 putidius
1696 2471 1777 2553 fingi
1798 2479 1921 2553 potest,
1951 2477 2214 2559 exspectandum

191 2561 269 2619 sunt
291 2553 464 2618 hominum
486 2552 636 2635 apostoli,
658 2573 725 2617 non
746 2550 977 2635 parvulorum:
1000 2549 1077 2631 quia
1098 2546 1177 2612 boni
1227 2569 1300 2614 6666
1322 2550 1426 2615 (16666
1447 2550 1549 2617 66166
1567 2561 1702 2633 6166666,
1726 2554 1844 2620 661666
1860 2567 1976 2624 tenera
1992 2562 2091 2644 spica,
2110 2565 2215 2630 tertio

191 2639 365 2722 piscatoris
393 2646 444 2704 est
465 2639 639 2720 pisciculos
661 2659 728 2702 non
749 2639 924 2720 attingere,
955 2633 1013 2700 sed
1034 2635 1176 2697 maiores
1227 2654 1371 2717 granum
1393 2638 1570 2720 integrum,
1593 2647 1627 2703 et
1649 2640 1782 2706 tandem
1804 2644 1895 2725 spica
1915 2654 2123 2714 maturescat.

193 2730 323 2787 tantum
357 2744 399 2788 61
427 2725 521 2806 66616
553 2724 678 2789 tollere.
723 2723 852 2788 Verum
885 2722 913 2786 61
946 2719 1019 2803 6616
1050 2720 1176 2784 facetus
1312 2720 1498 2787 Undecima
1514 2723 1599 2787 ratio
1620 2733 1678 2803 666,
1701 2726 1788 2808 quod
1809 2728 1911 2793 iidem
1932 2740 2027 2797 erant
2048 2735 2084 2798 in
2102 2736 2217 2817 prima

193 2807 292 2872 homo
314 2816 429 2873 contra
451 2809 591 2888 obiiciat,
625 2810 660 2873 in
693 2816 765 2873 rete
798 2805 962 2890 evangelii
989 2803 1176 2888 promiscue
1227 2805 1366 2871 ecclesia
1385 2806 1568 2873 Christiani
1590 2818 1625 2874 et
1646 2809 1807 2894 discipuli.
1854 2812 1967 2895 Quasi,
1990 2818 2046 2883 uhi
2069 2819 2110 2884 de
2131 2821 2216 2887 66116

192 2892 303 2975 colligi
336 2914 433 2957 omne
465 2894 605 2976 piscium
639 2914 753 2978 genus,
785 2912 896 2957 nonne
928 2911 1004 2956 cum
1033 2889 1175 2955 ludibrio
1228 2889 1349 2958 adultis
1370 2891 1561 2973 disseritur,
1583 2895 1757 2961 deleantur
1778 2919 1820 2963 ex
1842 2899 1988 2967 humano
2008 2924 2144 2987 genere,
2173 2927 2216 2973 ac

192 2987 369 3044 evanescet
390 2977 521 3045 Servati
544 2979 722 3063 allegoria?
755 2980 830 3062 Ego
851 2985 962 3042 antem
984 2974 1175 3058 respondeo,
1226 2997 1362 3059 prorsus
1383 2978 1550 3044 intereant
1569 2980 1729 3047 infantes:
1758 2985 1836 3067 qnia
1857 2986 1892 3049 in
1914 3007 1970 3054 eos
1992 3010 2059 3054 non
2080 3013 2216 3075 compe-

192 3064 296 3129 honos
319 3063 468 3130 doctores
489 3065 538 3130 ita
558 3066 679 3148 piscari
697 3085 780 3148 6666
796 3085 857 3129 sua
875 3062 1024 3128 doctrina
1041 3060 1175 3126 Christo
1227 3071 1304 3126 tunt
1325 3084 1409 3147 quae
1435 3064 1517 3130 viris
1543 3074 1623 3130 sunt
1643 3069 1785 3151 propria.
1830 3070 1987 3155 Ineptum
2010 3095 2088 3160 ergo
2109 3078 2216 3144 66611-

192 3151 386 3232 666611666,
428 3159 467 3214 66
505 3171 618 3215 eorum
659 3150 804 3217 sobolem
843 3148 979 3213 minime
1016 3147 1174 3224 reiiciant,
1226 3147 1296 3212 lum
1318 3160 1378 3226 666,
1400 3149 1489 3231 6666
1510 3150 1612 3215 161616
1632 3151 1802 3231 Servatus,
1824 3157 1933 3224 nullos
1955 3179 2027 3225 esse
2048 3160 2216 3229 Christia-

192 3255 276 3317 quae
304 3235 341 3300 16
368 3236 449 3318 16616
470 3237 665 3319 6616661666
685 3236 920 3312 sanctificatur,
952 3240 1037 3298 teste
1058 3232 1174 3310 Paulo,
1226 3254 1288 3298 nos
1304 3234 1371 3298 nisi
1389 3233 1575 3317 discipulos.
1612 3235 1719 3318 Quasi
1735 3248 1815 3306 tunc
1833 3246 1938 3310 sancti
1955 3248 2215 3327 patresfamilias

190 3319 328 3405 perinde
367 3342 405 3388 ac
444 3330 625 3404 proventus
663 3343 828 3388 novarum
863 3320 997 3403 frugum
1035 3319 1071 3383 in
1105 3318 1175 3400 pri-
1228 3318 1372 3384 sobolem
1394 3341 1489 3385 66616
1511 3323 1684 3405 profanam
1706 3325 1871 3392 duxerint

190 3407 305 3471 mitiis.
1313 3403 1518 3472 Duodecima
1530 3410 1630 3472 ratic:
1650 3407 1748 3490 Quod
1759 3410 1943 3480 Christiani
1961 3435 2075 3482 616666
2092 3419 2215 3487 fratres

278 3490 429 3576 Septima
450 3494 536 3559 ratio
557 3501 622 3572 est,
652 3494 742 3577 quod
764 3490 992 3575 spiritualibus
1013 3486 1176 3570 quadrent
1227 3490 1304 3568 sint,
1322 3490 1465 3558 infantes
1480 3513 1561 3559 6616
1578 3493 1650 3560 lcco
1667 3496 1807 3562 fratrum
1825 3499 1913 3581 apud
1933 3522 1994 3568 nos
2012 3524 2079 3568 non
2096 3504 2216 3572 haberi

188 3577 385 3660 spiritualia.
428 3579 578 3646 Infantes
594 3599 675 3646 6616
694 3601 762 3645 666
783 3597 855 3644 esse
876 3574 1072 3660 spirituales,
1095 3572 1175 3640 Ser·
1228 3586 1370 3655 constat,
1402 3578 1523 3660 quiaa
1550 3601 1644 3645 sacra
1672 3601 1773 3647 coena
1800 3605 1855 3651 666
1887 3583 2087 3669 repellimus.
2141 3592 2214 3657 Re-

190 3671 288 3729 vetus
306 3665 378 3746 1666
399 3685 459 3748 616
480 3666 629 3730 confesso
651 3666 761 3730 sumit.
806 3661 1003 3745 Respondeo
1019 3679 1176 3743 66166166
1228 3682 1244 3726 6
1287 3660 1372 3728 6666
1394 3683 1497 3746 aeque
1519 3664 1771 3746 acCorinthIcs,
1794 3671 1848 3735 vel
1870 3671 1952 3739 61166
1974 3674 2145 3756 6666111166,
2166 3699 2214 3743 61

191 3748 233 3812 66
256 3767 294 3812 eo
316 3751 461 3832 torqueri
484 3750 571 3833 quod
592 3750 672 3817 dicit
692 3749 834 3826 Paulus,
853 3769 889 3814 se
910 3759 1080 3830 coaptasse
1102 3765 1175 3811 coe·
1257 3747 1353 3813 hristi
1374 3748 1544 3833 discipulis
1572 3751 1675 3818 fuisse
1695 3752 1873 3834 latronem,
1897 3759 1953 3841 qui
1975 3759 2018 3824 66
2039 3759 2214 3829 Christum

190 3832 309 3897 lestem
331 3836 527 3918 sapientiam
556 3834 758 3919 6666661666
779 3834 907 3911 6611116,
935 3852 1019 3915 quae
1040 3830 1175 3980 sAEiritus
1227 3834 1263 3898 in
1296 3854 1393 3900 cruce
1425 3857 1604 3903 conversus
1637 3844 1703 3916 est,
1739 3842 1891 3922 quamvis
1924 3865 2056 3911 sacrum
2088 3866 2214 3928 panem

190 3919 398 3984 maiestatem
415 3923 525 4003 666166
547 3942 647 4004 66616
672 3921 836 3986 66616666
853 3916 1024 3985 1661166166
1069 3916 1176 3981 elimas
1227 3940 1398 4003 nunquam
1430 3923 1628 4004 gustaverit:
1661 3946 1722 3990 nec
1749 3925 1888 3992 fraterni
1915 3931 2059 3997 nominis
2086 3933 2214 4000 honore

190 4004 383 4087 reciperent.
407 4011 484 4085 [pag.
499 4013 574 4086 219]
585 4006 717 4071 Deinde
728 4007 789 4074 hoc
800 3999 836 4072 ii1
848 4005 964 4088 primis
975 4003 1106 4070 evincat
1117 4022 1175 4067 ne·
1227 4005 1362 4088 spoliari
1382 4027 1404 4071 a
1434 4007 1531 4073 nobis
1563 4009 1726 4086 infantes,
1760 4011 1841 4077 dum
1870 4034 1926 4080 666
1958 4038 2025 4081 666
2056 4029 2134 4083 ante
2166 4019 2213 4085 ad

191 4109 283 4155 cesse
295 4099 354 4170 est,
367 4093 472 4158 arceri
482 4093 627 4157 infantes
637 4093 679 4157 ab
691 4095 781 4157 omni
791 4092 926 4176 spirius
937 4089 1053 4174 gratia
1077 4085 1175 4168 Quod
1227 4111 1354 4157 sacram
1365 4111 1501 4157 coenam
1522 4093 1740 4176 admittimus,
1758 4118 1856 4181 quam
1874 4099 1970 4166 661161
1992 4101 2057 4168 6161
2075 4124 2212 4188 capaces

190 4184 305 4260 postea
316 4176 455 4257 subiicit,
474 4177 638 4261 spirituali
659 4178 731 4244 cibo
748 4175 927 4261 pascendos
947 4195 1028 4252 6666,
1046 4173 1076 4239 61
1097 4174 1175 4238 16661
1226 4178 1318 4241 fiant.

189 4262 259 4328 sint
280 4262 360 4329 novi
383 4263 547 4342 homines,
569 4263 665 4328 facile
686 4262 875 4341 discutitur,
898 4259 1030 4349 661616
1051 4278 1176 4323 novam
1311 4262 1452 4328 Decima
1471 4248 1570 4330 661616
1589 4264 1674 4330 16616
1695 4273 1760 4346 666,
1782 4270 1869 4351 quod
1890 4293 1987 4338 nemo
2007 4274 2111 4340 frater
2131 4296 2212 4342 nos-

189 4348 294 4413 vitam
315 4351 456 4432 regeniti
475 4369 596 4415 arcana
613 4348 741 4414 Christi
762 4351 888 4416 61161166
905 4347 1049 4425 6166661,
1071 4344 1176 4411 donec
1227 4355 1279 4413 ter
1298 4349 1358 4412 fiat
1379 4349 1445 4413 nisi
1465 4351 1700 4433 perspiritum
1722 4353 1913 4437 adoptionis,
1936 4361 1992 4441 qui
2014 4369 2145 4426 tantum
2166 4382 2212 4428 ex

190 4453 251 4516 per
273 4442 414 4499 aetatem
437 4435 479 4500 ad
500 4455 638 4502 coenam
659 4436 882 4519 recipiendam
903 4434 971 4499 sint
988 4429 1109 4497 idonei.
1227 4433 1342 4499 auditu
1363 4431 1441 4499 fidei
1462 4436 1639 4501 confertur.
1681 4438 1893 4523 Respondeo,
1921 4444 2008 4525 quod
2030 4445 2110 4512 dicit
2130 4445 2213 4513 Ser-

280 4516 1175 4604 0666661666666666606116666661666011116616·
1226 4528 1341 4598 vetus,
1369 4519 1406 4582 16
1433 4518 1554 4586 6661616
1580 4520 1689 4588 166616
1715 4524 1853 4592 hahere:
1881 4528 1939 4594 sed
1966 4531 2057 4596 hunc
2077 4531 2213 4599 ordina-

190 4623 253 4669 nos
286 4604 329 4669 ad
360 4626 496 4671 coenam
534 4629 629 4673 suam
661 4616 766 4675 66666
833 4606 985 4673 Ρ1616166
1015 4601 1175 4669 Servetus
1226 4606 1315 4669 rium
1335 4605 1520 4672 vocationis
1540 4605 1690 4687 modum,
1718 4606 1817 4693 quem
1838 4621 1930 4680 tenet
1950 4617 2126 4697 Dominus,
2146 4620 2213 4684 mi·

190 4690 432 4770 testimonium,
454 4700 494 4757 66
514 4693 696 4759 616666166.
740 4694 828 4759 Nam
849 4691 1004 4761 Christus
1025 4687 1176 4753 nomina·
1227 4689 1318 4755 nime
1351 4691 1482 4756 obstare
1513 4694 1689 4775 quominus
1722 4697 1884 4764 occultam
1911 4702 1980 4767 6161
2009 4705 2146 4786 66111666
2174 4707 2213 4770 16

190 4774 254 4840 6161
282 4784 425 4843 testatur
454 4799 490 4844 66
517 4780 629 4844 661166
655 4779 830 4844 admittere
857 4779 922 4844 6161
949 4776 1006 4858 661
1027 4774 1069 4838 ad
1091 4771 1176 4838 cele-
1226 4776 1353 4859 pueris,
1387 4776 1445 4841 ubi
1471 4777 1580 4844 616661
1613 4788 1665 4845 est
1697 4791 1856 4851 exerceat.
1898 4786 1972 4852 Imo
1998 4810 2101 4872 quum
2129 4789 2213 4857 dicit

190 4859 355 4928 brandam
389 4865 507 4930 mortis
542 4884 622 4929 suae
654 4866 849 4930 memoriam
877 4859 1009 4930 formati
1037 4865 1116 4924 sunt
1144 4864 1178 4922 et
1228 4861 1365 4939 Paulus,
1387 4861 1488 4928 fidem
1509 4885 1581 4931 esse
1603 4867 1791 4948 exauditu,
1813 4891 1856 4937 66
1878 4872 2082 4957 hisquidem
2098 4876 2214 4943 verbis

191 4946 307 5014 edocti.
353 4947 449 5030 Quod
472 4956 665 5033 portentum
686 4971 758 5017 6666
776 4950 864 5030 61616,
887 4946 1055 5015 6616166111
1076 4963 1177 5028 gene·
1228 4948 1411 5030 imponitur
1432 4946 1505 5014 Deo
1533 4953 1713 5019 necessitas
1741 4957 1823 5038 quin
1845 4977 1964 5025 arcanc
1986 4961 2144 5027 instinctu
2167 4962 2214 5028 ad

190 5034 260 5120 rari
287 5033 345 5116 qui
372 5034 572 5101 manducare
595 5043 752 5119 nequeat,
780 5057 848 5102 non
873 5036 939 5101 alia
964 5029 1177 5127 responsione
1229 5054 1265 5099 se
1282 5032 1396 5099 trahat
1414 5034 1605 5120 discipulos,
1628 5038 1746 5120 quibus
1774 5040 1815 5106 de
1836 5046 2007 5130 evangelio
2036 5053 2112 5128 [pag.
2130 5054 2211 5130 661]

190 5117 329 5202 indiget,
353 5141 453 5202 quum
470 5120 643 5187 Christum
663 5123 752 5189 61666
768 5123 878 5190 616661
895 5138 967 5188 esse
983 5114 1177 5194 161ἃηῦ6118,
1229 5119 1370 5187 6616661
1390 5142 1559 5205 66666661
1580 5123 1704 5190 1666661
1726 5134 1786 5192 est

190 5200 270 5268 licet
306 5205 348 5270 ab
378 5215 517 5272 externo
552 5206 702 5292 symbolo
731 5207 774 5274 ad
812 5217 943 5292 tempus
981 5201 1177 5268 abstineant
1314 5205 1454 5273 Decima
1478 5215 1597 5292 quarta
1619 5211 1720 5290 ratio,
1755 5213 1843 5298 quod
1868 5213 2042 5283 Cornelius
2076 5225 2214 5304 accepto
