4702 5926
1450 24 1467 59 Ι

198 305 262 370 631
949 301 1219 372 ahraham
1240 300 1476 370 ERRORUM
2154 307 2224 370 632

200 495 366 563 extollens
398 494 497 560 beata
523 491 630 577 Wrgo
662 491 705 558 ad
736 490 852 558 foedus
886 496 920 556 et
951 489 1185 573 promissiones
1238 489 1296 572 qui
1317 488 1360 555 ad
1381 489 1619 574 poenitentiam
1636 491 1725 575 ipsos
1744 491 1931 570 adduceret,
1953 491 2109 559 concedat
2119 491 2222 559 simul

200 581 344 665 respicit,
381 580 454 645 sine
482 579 602 663 quibus
629 585 668 643 ut
691 577 901 643 absconditus
923 584 975 641 est
996 576 1061 641 Dei
1083 596 1184 654 amor,
1238 595 1372 642 necesse
1402 584 1453 641 est
1484 577 1585 642 fnisse
1616 577 1742 661 gratiae
1773 576 1840 642 Dei
1871 598 2074 660 praeconem
2124 579 2223 645 Haec

200 669 249 731 ita
281 664 375 730 nulla
401 665 520 730 salutis
547 663 691 747 cognitio
712 664 901 747 percipitur.
945 659 1026 726 Ideo
1048 659 1186 727 Simeon
1239 661 1327 726 enim
1348 660 1496 744 legitima
1518 667 1569 726 est
1586 661 1751 728 docendae
1772 664 1994 745 poenitentiae
2013 665 2107 743 ratio,
2130 665 2221 747 quod

201 750 387 816 exhibitum
419 749 485 816 Dei
524 750 668 816 salutare
709 769 832 815 canons
866 746 908 810 ab
941 745 1054 811 eodem
1088 765 1185 828 scopo
1238 747 1332 811 Deus
1353 746 1437 811 nolit
1457 755 1599 812 mortem
1620 749 1810 830 peccatoris,
1841 748 1978 830 ideoque
2009 750 2152 834 benigne
2185 757 2221 817 et

201 837 339 901 minime
362 835 516 902 deflectit
561 835 714 917 Denique
741 834 797 899 hic
826 834 952 916 primus
980 832 1088 896 estin
1109 831 1186 895 fun·
1239 833 1375 897 comiter
1396 832 1543 914 perditos
1576 853 1689 898 omnes
1712 832 1753 898 ad
1775 855 1811 899 se
1832 835 1967 911 invitet,
2000 844 2039 898 ut
2066 837 2248 903 conversi.

202 921 357 986 dumento
379 920 457 985 fidei
478 928 612 985 nostrae
633 920 726 1003 lapis,
760 917 874 984 foedus
895 916 982 1001 quod
1010 916 1089 982 olim
1110 937 1187 982 cum
1238 918 1363 983 vivant.
1407 916 1603 982 Tenendum
1624 919 1712 983 enim
1734 922 1892 984 memoria
1917 928 1967 985 est
1986 919 2070 985 illud
2090 922 2220 988 Psalmi

201 1007 353 1091 patribus
383 1007 476 1070 Deus
506 1007 686 1089 pepigerat,
718 1025 807 1070 nunc
842 1005 879 1067 in
906 1001 1040 1068 Christo
1075 1010 1186 1066 ratum
1242 1008 1302 1066 130
1325 1005 1370 1084 (v.
1394 1012 1445 1077 ιιι
1490 1002 1589 1086 Apud
1611 1011 1644 1068 te
1665 1011 1717 1069 est
1737 1005 1934 1087 propitiatio,
1948 1008 1972 1083 ¹)
2000 1013 2039 1070 ut
2059 1006 2220 1074 timearis.

202 1112 274 1158 esse
302 1100 335 1156 ιι
363 1091 572 1174 completum.
616 1091 708 1174 Ergo
736 1089 899 1156 Servatus
931 1086 1032 1152 fidem
1059 1086 1186 1153 Christi
1238 1086 1314 1168 Quo
1336 1088 1502 1170 significat
1523 1087 1644 1167 David,
1677 1090 1750 1154 fieri
1778 1110 1947 1173 nunquam
1969 1111 2065 1173 posse
2087 1103 2125 1156 ut
2146 1094 2221 1158 ani·

202 1198 223 1242 a
254 1177 527 1260 promissionibus
559 1174 758 1258 discerpens,
798 1195 865 1238 non
895 1172 1008 1237 minus
1042 1180 1186 1237 atrocem
1238 1192 1330 1236 mum
1362 1172 1517 1237 adiiciant
1538 1172 1688 1240 homines
1719 1173 1761 1239 ad
1793 1176 1918 1241 cultum
1940 1175 2015 1252 Dei,
2047 1196 2150 1260 seque
2181 1182 2221 1244 in

203 1261 338 1327 Christo
374 1262 454 1327 facit
494 1261 660 1337 iniuriam,
706 1280 806 1341 quam
844 1259 900 1341 qui
934 1258 1003 1323 suis
1037 1258 1186 1322 restibus
1238 1257 1309 1322 eius
1336 1257 1528 1340 obsequium
1556 1258 1719 1338 addicant,
1755 1260 1858 1326 donee
1884 1260 2128 1327 misericordem
2155 1263 2221 1329 sibi

203 1345 365 1411 nudatum
383 1346 605 1431 flagellarunt.
641 1346 734 1410 Dicit
755 1343 928 1420 Servetus,
951 1342 1186 1407 Chananaeam
1238 1343 1307 1408 fore
1329 1343 1515 1425 concipiant
1548 1364 1585 1408 ac
1618 1346 1807 1427 prbpitium.
1851 1344 2043 1411 Cornelium
2072 1354 2106 1413 et
2134 1348 2221 1414 alte-

202 1433 385 1511 mulierem,
415 1431 470 1496 vel
502 1431 584 1496 alios
612 1429 784 1513 quoslibet,
812 1429 881 1494 solo
904 1427 1031 1495 Christi
1052 1435 1187 1510 aspectu
1237 1448 1314 1491 rum
1341 1426 1578 1493 Centurionem
1613 1431 1708 1496 nobis
1741 1431 1852 1496 obiicit
1873 1429 2041 1510 Servatus,
2076 1454 2222 1515 quornm

201 1527 337 1601 propter
372 1516 534 1583 miracula
564 1515 614 1579 illi
647 1514 819 1580 credentes
852 1513 953 1579 fuisse
985 1513 1186 1592 iustificatos,
1238 1512 1323 1577 alter
1345 1534 1365 1577 a
1385 1514 1512 1579 iustitia
1533 1525 1567 1578 ιι
1587 1515 1682 1580 bonis
1704 1515 1856 1598 operibus
1878 1516 2046 1594 laudatur,
2080 1518 2221 1586 alterius

205 1604 305 1667 etiam
328 1603 356 1666 si
379 1601 419 1666 de
441 1599 712 1684 promissionibus
732 1598 817 1663 nihil
839 1618 987 1681 unquam
1009 1596 1184 1675 audissent,
1238 1597 1338 1662 fidem
1371 1599 1418 1662 ita
1448 1598 1594 1664 celebrat
1621 1598 1784 1679 Christus,
1818 1611 1857 1665 ut
1890 1610 1989 1685 neget
2020 1621 2056 1666 se
2088 1611 2222 1670 tantam

204 1688 283 1769 quia
305 1706 340 1751 se
363 1686 518 1751 Christus
546 1686 642 1751 factis
668 1684 856 1750 declarabat
881 1704 953 1749 esse
974 1681 1039 1747 Dei
1064 1682 1184 1747 lilium:
1238 1682 1360 1748 vidisse
1402 1683 1439 1748 in
1478 1684 1592 1749 Israel.
1661 1683 1729 1749 Sed
1772 1706 1838 1749 nou
1885 1686 2007 1769 cogitat
2049 1688 2222 1755 hominem

203 1770 292 1854 quod
315 1771 486 1836 credentes
512 1769 671 1846 salvabat,
706 1771 805 1834 etiam
839 1769 868 1834 si
901 1776 1012 1833 essent
1040 1764 1187 1852 Scythae
1238 1768 1405 1851 gentilem,
1439 1789 1539 1850 quum
1562 1768 1618 1833 diu
1647 1770 1683 1834 iu
1704 1769 1829 1835 Iudaea
1849 1779 2002 1837 versatus
2023 1774 2116 1852 foret,
2147 1776 2222 1857 pie-

204 1855 332 1920 uullam
364 1856 616 1938 promissionem
650 1855 819 1919 habentes.
868 1853 997 1917 Verum
1026 1851 1186 1918 Servetus
1238 1854 1316 1917 tatis
1349 1853 1544 1918 rudimentis
1575 1855 1676 1919 fuisse
1703 1854 1878 1932 imbutum,
1910 1865 1950 1922 ut
1970 1856 2142 1923 Christum
2175 1882 2222 1926 ex

203 1941 303 2024 longe
325 1945 400 2018 [pag.
421 1945 497 2019 243]
524 1939 625 2004 alium
649 1939 821 2005 Christum
843 1938 959 2022 pingit,
995 1958 1093 2020 quam
1128 1939 1185 2019 qui
1237 1938 1300 2002 Dei
1323 1939 1592 2020 promissionibus
1609 1938 1824 2005 mediatorem
1841 1941 2110 2023 apprehenderet.
2132 1945 2220 2010 Cor-

204 2025 298 2091 nobis
319 2045 340 2089 a
360 2025 522 2108 propheta
543 2025 652 2090 Iesaia
673 2024 857 2089 delineatus
885 2024 948 2088 fuit
969 2043 1037 2106 cap.
1062 2026 1102 2086 53
1138 2033 1184 2096 (v.
1237 2022 1316 2086 uelii
1337 2045 1416 2088 vero
1443 2023 1614 2089 exauditas
1646 2026 1746 2090 fuisse
1778 2047 1892 2107 preces
1924 2027 2034 2093 Lucas
2065 2035 2219 2096 testatur.

205 2115 275 2188 ll):
299 2108 447 2176 Scientia
469 2131 531 2176 sua
556 2109 625 2194 (vel
647 2111 764 2174 notitia
785 2111 853 2174 sui:
886 2115 1064 2191 utrumque
1095 2108 1186 2173 enim
1237 2108 1372 2173 Precari
1394 2116 1504 2173 autem
1526 2110 1583 2191 qui
1647 2110 1721 2186 tuit,
1744 2111 1808 2175 nisi
1829 2109 1895 2176 fide
1917 2111 2113 2179 directrice?
2149 2137 2220 2181 non

201 2196 268 2280 legi
297 2199 419 2280 potest)
451 2196 644 2260 iustificabit
673 2195 806 2272 multos,
838 2196 909 2276 ipse
943 2194 1050 2258 iustus
1080 2215 1184 2258 meus.
1237 2193 1418 2274 illaquam
1440 2195 1583 2259 somniat
1632 2203 1775 2274 ervetus,
1804 2196 1862 2261 sed
1882 2217 1966 2280 quae
1989 2219 2030 2262 ex
2053 2198 2118 2264 Dei
2139 2222 2220 2283 pro·

202 2281 382 2346 Doctorem
416 2291 506 2348 certe
544 2281 614 2345 illic
646 2279 742 2345 Deus
777 2278 871 2344 nobis
902 2279 1054 2362 praeficit
1086 2298 1185 2344 suurn
1237 2278 1449 2343 missionibus
1476 2280 1638 2343 nascitur:
1677 2279 1952 2362 quemadmodum
1982 2283 2129 2366 loquitur
2154 2307 2221 2370 per

201 2366 318 2445 filium,
358 2374 397 2430 ut
436 2387 497 2432 nos
536 2366 703 2432 iustificet.
763 2365 910 2429 Videtur
947 2364 1081 2429 tandem
1120 2364 1186 2428 huc
1237 2363 1429 2446 prophetas:
1453 2365 1571 2429 Dicam
1592 2365 1667 2443 illis,
1701 2387 1758 2432 vos
1786 2368 1927 2449 populus
1954 2389 2064 2446 meus,
2096 2372 2220 2454 stipsi

202 2450 401 2516 descendere
424 2451 593 2528 Servetus,
616 2472 719 2533 quum
742 2450 914 2533 evangelio
940 2449 1073 2515 credere
1095 2449 1184 2527 dicit,
1237 2449 1383 2514 vicissim
1415 2447 1526 2514 dicent
1559 2449 1656 2514 mihi:
1693 2452 1744 2515 'lu
1767 2453 1858 2517 Deus
1886 2463 2008 2519 noster.
2051 2454 2217 2523 Videmus

223 2538 257 2601 ui
278 2556 394 2602 vocem
416 2536 505 2601 hanc
526 2536 707 2619 recipiunt:
770 2535 836 2601 Hic
875 2540 928 2600 ιιι
965 2535 1054 2599 filius
1091 2554 1186 2599 meus
1237 2553 1316 2618 ergo
1344 2541 1383 2598 ut
1415 2534 1657 2600 invocationem
1685 2535 1799 2601 ordine
1831 2537 2007 2618 praecedat
2033 2543 2218 2622 promissio,

225 2623 349 2700 'ectus
387 2623 423 2686 in
463 2642 527 2704 quo
565 2620 648 2685 mihi
688 2620 879 2703 complacui.
934 2618 1002 2685 Sed
1024 2620 1185 2702 quomodo
1237 2640 1276 2684 ac
1297 2618 1462 2684 Dominus
1493 2621 1639 2702 gratuito
1672 2641 1732 2686 suo
1763 2622 1874 2688 favore
1901 2645 1961 2689 nos
1988 2627 2218 2707 praeveniens,

200 2707 290 2772 inter
312 2727 347 2771 se
369 2709 567 2772 convenient
594 2707 660 2771 ista
687 2706 762 2785 duo,
791 2705 942 2771 sufficere
967 2705 1094 2770 nudum
1116 2706 1185 2771 rir-
1237 2724 1273 2769 os
1293 2704 1388 2769 nobis
1410 2704 1452 2768 ad
1472 2704 1634 2770 orandum
1660 2707 1795 2789 aperiat,
1826 2707 1909 2773 sicut
1938 2707 2058 2774 dicitur
2079 2710 2219 2777 Psalmo

200 2793 283 2856 tutis
306 2801 474 2876 aspectum
496 2791 532 2856 in
554 2792 732 2868 miraculis,
772 2799 807 2855 et
839 2789 963 2873 requiri
988 2810 1103 2855 vocem
1136 2790 1185 2855 lo-
1238 2790 1351 2872 quinto
1373 2796 1417 2868 (v.
1441 2790 1493 2872 8):
1522 2790 1741 2857 Multitudine
1762 2793 2005 2860 misericordiae
2025 2793 2090 2860 Dei
2111 2797 2219 2864 fretus

201 2877 356 2959 quentis?
402 2874 520 2942 Fidem
551 2874 687 2961 Scythis
720 2877 828 2941 omnis
861 2875 1030 2941 doctrinae
1060 2877 1185 2959 ignaris
1237 2874 1405 2958 ingrediar
1424 2875 1495 2941 eius
1517 2875 1687 2959 templum.
1733 2876 1893 2943 Servatus
1912 2899 1993 2945 vero
2021 2900 2090 2945 non
2118 2881 2219 2948 modo

202 2968 237 3024 et
269 2961 469 3045 expertibus,
504 2982 579 3027 cum
613 2960 742 3026 Christi
777 2960 945 3043 discipulis
976 2979 1185 3026 communem
1237 2960 1362 3026 calcata
1394 2962 1610 3043 promissione
1643 2961 1784 3044 superbe
1820 2963 1986 3047 irrumpit,
2027 2966 2085 3030 sed
2121 2968 2219 3034 nobis

201 3044 296 3111 esse?
341 3048 387 3111 Et
420 3055 533 3112 tamen
568 3046 632 3113 duo
662 3048 726 3111 ista
755 3045 877 3128 placita
898 3044 1058 3111 Serretes
1084 3047 1184 3111 simul
1238 3046 1338 3110 etiam
1370 3046 1522 3123 oblatrat,
1556 3046 1644 3128 quod
1666 3049 1738 3113 Deo
1768 3049 1971 3130 proferamus
2004 3050 2040 3114 in
2069 3051 2218 3118 medium

202 3133 357 3197 contexit.
375 3134 399 3210 ¹)
444 3131 621 3196 Caeterum
654 3139 694 3196 ut
720 3131 760 3197 de
787 3132 1010 3214 repugnantia
1037 3140 1106 3196 tam
1128 3131 1184 3197 de·
1237 3150 1315 3196 suas
1347 3130 1589 3213 promissiones,
1620 3140 1659 3196 ut
1691 3153 1726 3197 se
1760 3153 1840 3217 erga
1865 3155 1924 3199 nos
1955 3155 2104 3202 veracem
2139 3142 2217 3218 [pag.

200 3217 297 3282 formi
319 3217 444 3295 sileam,
467 3218 543 3300 plus
565 3217 647 3282 satis
664 3216 846 3283 absurdum
864 3228 915 3281 est
932 3217 1002 3300 eius
1019 3238 1184 3283 commen·
1238 3220 1311 3294 245]
1335 3217 1527 3299 praestata
1569 3217 1646 3280 Non
1667 3215 1769 3299 pudet
1788 3239 1857 3297 vos,
1882 3219 1999 3302 inquit,
2027 3222 2137 3287 Deum
2157 3242 2218 3289 vo-

201 3309 282 3380 tum,
307 3301 393 3385 quod
412 3324 477 3368 vox
499 3303 564 3367 ista
585 3302 689 3384 patris
708 3302 794 3366 nihil
816 3302 909 3367 nobis
930 3303 1103 3383 promittit,
1126 3302 1185 3369 sed
1237 3301 1286 3366 bis
1307 3302 1415 3366 facere
1437 3298 1639 3365 debitorem?
1684 3303 1755 3366 Nos
1788 3323 1866 3369 vero
1897 3325 1998 3387 quam
2018 3306 2112 3373 Deus
2138 3328 2217 3392 pro·

201 3393 334 3452 tantum
357 3387 604 3469 declaratquid
626 3386 995 3470 sibiplaceat.1terum
1013 3386 1185 3454 Christum
1235 3386 1338 3450 mittit
1358 3385 1522 3464 fiduciam,
1544 3386 1639 3451 nobis
1659 3387 1822 3470 intrepide
1844 3391 2014 3456 sumimus.
2063 3393 2133 3458 Nec
2156 3393 2218 3459 du-

202 3494 281 3538 vero
303 3493 364 3539 suo
386 3481 504 3537 ornatu
536 3472 657 3556 spoliat
677 3472 732 3539 hic
754 3472 909 3550 carnifex,
944 3474 1037 3554 quasi
1059 3475 1184 3540 virtute
1236 3470 1379 3536 bitamus
1399 3470 1605 3535 familiariter
1632 3492 1674 3536 ex
1696 3472 1788 3538 verbi
1811 3475 1861 3539 sui
1882 3477 2085 3559 praescripto
2106 3498 2215 3562 agere.

201 3560 291 3623 omni
313 3569 348 3622 et
369 3558 493 3623 divitiis
513 3578 639 3624 vacuus
670 3558 711 3624 ad
734 3579 795 3623 nos
816 3557 970 3641 prodiret.
1015 3558 1085 3624 Nec
1106 3580 1184 3625 vero
1237 3554 1363 3623 Sancta
1384 3565 1436 3621 est
1465 3555 1522 3621 illa
1543 3559 1775 3641 praesumptio,
1809 3579 1894 3642 quae
1915 3561 1963 3626 ita
1983 3564 2142 3646 exsurgit,
2178 3571 2218 3629 ut

202 3643 337 3708 aliunde
361 3663 459 3727 quam
494 3664 535 3708 ex
569 3643 639 3707 loco
671 3644 836 3726 praesenti
864 3643 1184 3726 refutatiospetenda
1236 3649 1450 3724 praeeuntem
1483 3649 1639 3724 sequatur
1664 3641 1785 3708 Deum.
1846 3644 1917 3711 Nec
1953 3646 2053 3712 etiam
2089 3648 2218 3713 Paulus

202 3735 262 3792 est.
306 3727 404 3793 Iubet
425 3735 519 3810 pater
539 3727 650 3792 audiri
672 3729 789 3793 filium.
833 3728 951 3792 Nonne
986 3729 1034 3792 ita
1064 3737 1099 3794 et
1125 3729 1183 3795 do·
1236 3727 1338 3791 alium
1359 3728 1423 3792 rite
1445 3727 1600 3817 precandi
1620 3726 1755 3793 modum
1774 3729 1828 3794 vel
1846 3732 1942 3797 scivit
1962 3732 2042 3814 ipse,
2065 3732 2119 3798 vel
2141 3733 2217 3799 aliis

203 3810 299 3877 cendi
318 3821 430 3895 partes
452 3813 482 3876 ei
503 3813 658 3897 iniungit,
690 3824 725 3878 ιι
751 3832 813 3878 nos
840 3812 882 3877 ad
910 3811 1110 3879 docilitatem
1131 3815 1183 3880 in·
1235 3811 1381 3878 tradidit.
1425 3811 1512 3877 Nam
1546 3812 1588 3876 ad
1614 3812 1777 3897 Ephesios
1809 3817 1907 3881 tertio
1939 3817 2045 3899 capite
2078 3817 2122 3917 (v.
2150 3822 2216 3897 12),

203 3897 322 3976 stituit,
363 3917 445 3979 quae
482 3900 626 3979 genuina
664 3906 716 3964 est
747 3898 789 3962 ad
821 3897 921 3962 fidem
954 3899 1181 3982 praeparatio?
1236 3918 1337 3980 quum
1373 3897 1451 3963 dicit
1484 3919 1546 3963 nos
1582 3898 1704 3963 habere
1738 3898 1911 3965 audaciam
1945 3903 1980 3967 in
2014 3901 2148 3969 Christo
2182 3911 2218 3968 et

202 3981 301 4047 Nunc
322 3980 504 4047 videndum
532 4004 575 4047 an
597 3982 753 4049 Christus
780 3980 875 4048 nobis
897 3991 1025 4049 creatus
1047 4005 1067 4048 a
1089 3997 1183 4068 patre
1235 4004 1403 4049 accessum
1425 4002 1500 4047 cum
1520 3981 1641 4050 fiducia
1659 4003 1720 4066 per
1740 3982 1841 4049 fidem
1862 3987 1942 4066 eius,
1969 3988 2049 4052 satis
2070 3986 2218 4054 declarat

204 4066 318 4132 doctor
339 4067 550 4146 obmutuerit,
590 4089 632 4132 an
672 4089 751 4134 vero
772 4068 820 4133 ita
858 4067 1013 4151 loquutus
1052 4071 1104 4150 sit,
1144 4079 1184 4137 ut
1235 4069 1344 4133 nullos
1365 4069 1428 4132 rite
1449 4067 1491 4133 ad
1512 4067 1624 4133 Deum
1657 4067 1821 4153 accedere,
1856 4072 1920 4136 nisi
1941 4073 1998 4154 qui
2027 4075 2217 4138 testimonio

202 4152 288 4217 nihil
311 4154 526 4235 promitteret
570 4153 644 4217 Imo
666 4153 729 4220 hac
751 4152 792 4218 de
819 4174 918 4219 causa
933 4155 1061 4219 Paulus
1083 4176 1182 4221 evan·
1297 4154 1362 4219 tiae
1394 4155 1465 4218 eius
1496 4154 1652 4219 instructi
1684 4175 1720 4219 sa
1752 4152 1945 4221 exauditum
1972 4158 2015 4222 iri
2034 4158 2216 4223 confidunt

203 4237 327 4322 gelium
349 4238 492 4320 appellat
514 4239 653 4303 verbum
675 4236 760 4316 fidei,
796 4239 875 4322 quia
894 4240 931 4302 iu
959 4259 997 4304 eo
1025 4241 1119 4306 nobis
1141 4241 1183 4306 ad
1263 4239 1364 4303 imilis
1385 4245 1438 4303 est
1459 4238 1594 4304 alterius
1616 4239 1678 4305 loci
1700 4240 1867 4322 spurcitia,
1890 4242 2012 4326 pagina
2033 4246 2110 4308 332:
2147 4243 2217 4325 Qui

202 4324 316 4388 vivum
340 4323 470 4388 Christi
491 4325 597 4408 gratia
619 4325 824 4406 exprimitur.
852 4324 899 4388 l’lt
920 4331 1008 4389 certe
1030 4327 1183 4393 omnibus
1236 4332 1368 4391 exercet
1386 4322 1646 4389 misericordiam
1662 4325 1699 4388 in
1721 4326 1920 4406 proximum,
1943 4328 2043 4392 etiam
2066 4328 2218 4395 Samari·

201 4406 418 4472 formidabilis
439 4407 566 4474 Christi
599 4410 756 4476 maiestas
788 4410 824 4473 in
856 4410 1025 4476 miraculis
1057 4411 1181 4491 hrisset,
1235 4418 1343 4488 tanus,
1378 4408 1433 4474 ille
1467 4409 1574 4474 iustus
1608 4417 1668 4474 ιιι
1722 4408 1915 4476 Adversarii
1953 4413 2087 4495 quidam
2117 4412 2218 4480 hodie

202 4493 267 4556 nisi
286 4494 467 4558 sensissent
482 4493 594 4560 Deum
611 4504 739 4577 patrem
755 4493 812 4560 illo
831 4494 1010 4561 mediatore
1031 4497 1093 4563 sibi
1111 4519 1184 4563 esse
1235 4496 1355 4560 nolunt
1371 4493 1549 4559 concedere
1563 4492 1811 4560 Samaritanum
1828 4497 1922 4560 illum
1940 4517 2012 4563 esse
2029 4498 2070 4563 ob
2086 4499 2218 4566 miseri-

202 4577 391 4660 propitium.
414 4577 512 4645 Unde
524 4589 635 4645 autem
654 4582 781 4665 concipi
798 4580 879 4646 haec
890 4582 1059 4664 persuasio
1076 4584 1184 4667 potuit
1235 4580 1382 4646 cordiam
1401 4580 1625 4659 iustificatum,
1653 4579 1711 4646 sed
1738 4582 1806 4646 suis
1826 4584 2098 4666 promissionibus
2119 4584 2219 4650 aliter

201 4663 268 4727 uisi
300 4684 342 4728 ex
374 4664 499 4729 verbo?
553 4665 624 4733 Nec
643 4674 694 4732 est
714 4665 800 4749 quod
821 4666 989 4750 obstrepat
1009 4666 1182 4747 Servatus,
1236 4665 1366 4744 ludunt,
1387 4685 1468 4748 quas
1490 4664 1611 4748 ubique
1632 4666 1813 4749 requirunt
1842 4667 1918 4732 Non
1939 4668 2045 4733 solum
2066 4667 2219 4735 Samari-

201 4747 395 4814 iustificatos
434 4750 535 4816 fuisse
565 4751 742 4831 Ninivitas,
782 4752 858 4835 quia
893 4756 968 4831 [pag.
999 4758 1075 4833 244]
1108 4752 1183 4818 Deo
1237 4757 1334 4815 tanus
1355 4749 1412 4814 ille
1433 4749 1599 4816 convincit
1621 4771 1685 4828 eos,
1708 4751 1767 4816 sed
1788 4758 1822 4817 et
1842 4753 2045 4836 publicanus,
2074 4754 2132 4838 qui
2153 4776 2219 4821 nec

202 4833 405 4899 credideriut
437 4834 523 4899 nihil
555 4837 771 4920 promittenti,
807 4835 865 4901 sed
900 4837 1009 4920 potius
1044 4838 1183 4904 exitium
1236 4836 1471 4919 promissiones
1509 4856 1571 4902 nec
1603 4835 1774 4903 Christum
1812 4839 1929 4918 sciens,
1969 4860 2071 4923 quum
2104 4850 2221 4907 oraret

202 4919 352 4985 minanti.
375 4921 480 5004 Atqui
500 4920 530 4986 si
550 4921 673 4987 fatetur
692 4924 832 4988 missum
852 4922 919 4987 illis
937 4922 1038 4987 fuisse
1055 4923 1183 5007 Ionam,

1307 5125 1337 5191 1)
1356 5126 1477 5182 douceur
1494 5132 1523 5181 et
1539 5126 1622 5181 bonta
1640 5127 1658 5181 a
1674 5124 1829 5194 pardonner
1844 5126 1885 5183 ιιι
1901 5126 2012 5196 pecbes.

273 5187 303 5256 1)
321 5190 410 5260 Voyla
427 5206 531 5247 comme
548 5191 576 5248 S.
592 5193 725 5262 accoupla
742 5192 784 5249 les
801 5192 873 5251 lions
891 5208 958 5250 avec
974 5194 1016 5252 les
1034 5195 1141 5252 boeufs.
1305 5193 1334 5261 2)
1352 5193 1408 5251 alin
1425 5194 1489 5264 qu'il
1505 5209 1575 5250 nous
1593 5209 1627 5250 eu
1645 5194 1705 5250 tace
1724 5196 1808 5251 sentir
1824 5196 1853 5252 la
1868 5202 1947 5251 vertu
1964 5202 1993 5252 et
2009 5193 2117 5252 l’effect.
