4732 5910
1941 11 1942 16 ,
1959 9 1965 31 1
2054 17 2095 39 .
2170 26 2200 47 h.

2047 46 2059 64 '³
2075 53 2104 89 ⁴?
2212 103 2215 105 Α
2229 52 2284 104 ‘5²2

2176 107 2183 127 ε
2211 108 2222 123 a
2231 111 2265 147 ,a
2309 132 2311 134 .

240 321 283 386 aa
471 375 476 385 .
635 352 638 357 -
1064 313 1129 380 nn
1150 310 1432 389 1111111111.
2213 318 2252 381 sc
2325 280 2327 300 ³

244 508 347 575 latius
366 515 478 573 tamen
499 505 674 590 propagari
695 524 763 570 non
787 502 894 570 desiit.
938 502 1043 588 quue
1064 522 1144 567 vere
1165 500 1228 564 fuit
1279 500 2254 586 1111111111111111111111011111111111110111111111,011111οΒ11
2312 568 2314 574 ,

247 595 311 661 sub
339 593 444 658 erucis
471 591 653 675 ignominia
678 590 893 673 triumphare.
938 589 1011 653 Imo
1033 588 1090 670 qui
1112 604 1227 651 omnes
1280 584 1415 651 oonsilio
1442 587 1565 651 factum
1592 606 1663 651 esse
1691 585 1826 651 tandem
1854 588 1998 652 sentient
2027 587 2159 670 fideles,
2192 611 2254 672 quo

249 677 511 745 circumstantias
539 697 604 759 qua
633 674 726 742 decet
753 676 918 757 aequitate
938 672 1117 757 reputabit,
1140 672 1228 736 inter
1278 691 1414 736 manum
1437 691 1532 735 suam
1554 672 1590 734 in
1612 691 1651 736 ea
1672 670 1843 737 liberanda
1861 673 1982 738 clarius
2003 682 2144 739 exserat
2188 675 2253 741 Ne·

248 771 371 828 mortes
391 763 583 827 innumeras
604 761 763 826 fatebitur
778 759 970 825 continuam
988 759 1089 824 hrisse
1105 755 1227 821 multa-
1278 777 1342 838 que
1364 755 1458 822 .enim
1488 755 1529 820 ab
1550 757 1623 839 ipso
1643 757 1786 835 servari,
1818 758 1945 822 nisiex
1967 767 2074 824 morte
2096 768 2253 844 ereptam,

248 869 323 914 rum
341 847 622 913 resurrectionum
642 847 770 930 seriem
817 843 915 925 Quod
932 865 992 927 pro
1011 864 1071 908 sua
1088 839 1227 907 difficul·
1279 842 1497 925 agnoscimus.
2232 895 2235 900 .

161 930 166 939 ’
248 940 317 998 tate
338 932 435 998 nobis
457 929 648 997 incredibile
666 931 761 1009 foret,
785 930 814 994 si
831 930 906 1013 quis
922 935 1075 994 narraret
1092 924 1228 1010 posthae
1364 925 1441 990 Huc
1462 934 1629 1008 postremo
1651 926 1776 992 11011111
1797 936 1830 992 11
1850 928 1916 993 1111
1937 929 2031 1004 ratio,
2059 929 2149 1012 quod
2173 932 2253 996 fero·

249 1019 412 1084 futurum:
434 1038 524 1083 nunc
541 1037 644 1099 quum
661 1016 786 1082 factum
804 1022 864 1093 est,
883 1034 950 1080 non
967 1012 1063 1080 modo
1081 1019 1227 1079 contem·
1279 1012 1364 1076 ciam
1396 1020 1543 1076 nostram
1576 1009 1702 1076 domari
1735 1012 1806 1078 subi
1833 1013 1905 1095 'quc
1938 1017 2044 1080 crucis
2080 1014 2254 1099 disciplina

249 1124 344 1183 nere,
378 1101 437 1168 sed
464 1101 656 1169 offensionis
683 1102 754 1168 loco
778 1100 911 1179 ducere,
945 1120 1012 1165 non
1033 1097 1145 1163 iudicii
1167 1104 1226 1174 cst,
1277 1096 1355 1180 plus
1375 1116 1474 1179 quam
1495 1116 1629 1169 11111111
1651 1104 1710 1161 111.
1753 1034 1916 1164 1111111111
1935 1108 1976 1164 ut
1997 1101 2150 1179 ecclesia,
2172 1124 2254 1185 quae

250 1186 308 1254 sed
335 1186 474 1272 maligni
502 1186 635 1252 fastidii.
678 1186 734 1251 Illi
763 1185 894 1269 quidem
921 1185 1064 1250 maxime
1092 1182 1228 1249 violenti
1279 1183 1315 1245 in
1342 1180 1460 1246 mediis
1485 1181 1716 1248 vexationibus
1745 1183 1909 1265 spirituali
1942 1186 2055 1269 vigore
2085 1188 2255 1267 floruerat,

232 1274 387 1342 bierunt
406 1273 561 1355 impetus,
582 1271 640 1336 sed
662 1271 745 1336 aliae
766 1292 894 1354 quoque
911 1276 1036 1336 aetates
1054 1268 1095 1333 ab
1113 1266 1227 1333 eadem
1279 1267 1379 1331 nimis
1406 1267 1494 1332 11111
1520 1286 1601 1350 pace
1629 1266 1783 1331 diffluxit.
1828 1267 1937 1334 Hodie
1964 1291 2066 1353 quum
2088 1273 2151 1338 sub
2174 1273 2256 1338 duro

250 1360 358 1426 crucis
374 1357 495 1422 militia
510 1357 647 1422 minime
664 1357 830 1422 immunes
848 1357 990 1420 bierunt.
1031 1350 1227 1435 (1111111111-
1279 1360 1475 1435 euntemque
1503 1352 1615 1417 fraeno
1644 1372 1707 1416 nos
1728 1353 1892 1418 Dominus
1916 1357 2111 1423 constrictos
2134 1365 2255 1436 teneat,

251 1463 309 1508 ora
330 1442 513 1508 certamina
534 1449 612 1507 sunt
632 1443 775 1525 experti,
804 1442 860 1525 qui
880 1441 1007 1506 sineere
1027 1459 1066 1504 ac
1087 1437 1228 1503 fideliter
1279 1436 1431 1503 videmus
1464 1447 1502 1502 ut
1532 1437 1657 1520 passim
1689 1457 1804 1503 omnes
1835 1439 1903 1504 fere
1936 1440 2120 1508 lasciviant.
2167 1444 2256 1525 Quid

248 1529 322 1593 Deo
351 1530 475 1594 servire
502 1536 581 1593 tunc
608 1526 772 1594 volebant.
820 1527 943 1594 Fasces
970 1524 1098 1592 Christi
1124 1543 1227 1607 regno
1279 1522 1387 1602 fieret,
1410 1523 1438 1586 si
1460 1521 1563 1588 libero
1584 1521 1769 1587 exsultandi
1793 1523 1927 1589 daretur
1948 1527 2095 1593 occasio?
2144 1528 2257 1610 Quum

251 1613 451 1678 submiserat
482 1632 657 1678 romanum
696 1613 881 1695 imperium.
939 1610 1055 1675 Videri
1088 1607 1228 1674 ccclesia
1279 1607 1443 1692 evangelii
1459 1608 1616 1692 professio
1633 1607 1731 1692 longe
1748 1607 1878 1691 lateque
1895 1611 2257 1699 inGermaniaregna·

273 1705 381 1763 oterat
407 1699 443 1762 in
469 1698 567 1763 beata
593 1698 712 1781 quietis
740 1705 774 1762 et
801 1698 926 1782 gloriae
952 1695 1029 1762 sede
1061 1694 1226 1761 collocuta.
1279 1700 1339 1770 ret,
1362 1702 1396 1758 et
1416 1694 1565 1778 integrae
1584 1691 1693 1757 adhue
1714 1702 1824 1759 essent
1846 1700 1920 1774 [pag.
1945 1702 1999 1775 43]
2022 1719 2137 1763 eorum
2157 1700 2256 1780 vires,

249 1720 419 1849 Barbarae
452 1785 552 1848 etiam
584 1783 734 1848 nationes
754 1783 803 1847 in
835 1781 961 1847 Christi
989 1780 1226 1864 possessionem
1279 1777 1337 1860 qui
1358 1776 1400 1841 ad
1421 1777 1580 1843 tuendam
1602 1778 1719 1844 bonam
1742 1800 1874 1845 causam
1891 1779 2089 1848 videbantur
2107 1787 2257 1863 animati,

249 1876 489 1940 concesserant.
532 1868 662 1933 Verum
695 1868 854 1933 haeretici
882 1868 1011 1932 interea
1041 1887 1078 1930 ac
1110 1861 1227 1947 perfidi
1280 1861 1404 1945 hacque
1432 1861 1553 1929 fidncia
1580 1870 1770 1947 susceptum
1792 1874 1878 1931 esset
1897 1866 2081 1933 luctuosum
2103 1869 2169 1936 hoc
2189 1872 2257 1936 bel·

248 1954 402 2019 homines
427 1973 540 2018 rerum
569 1952 616 2018 sic
645 1953 872 2035 potiebantur,
905 1957 944 2016 ut
970 1951 1064 2035 probi
1092 1949 1227 2032 verique
1279 1947 1365 2025 lum.
1399 1947 1549 2031 quodque
1575 1948 1751 2015 infeliciter
1774 1952 1886 2030 cessit,
1919 1954 2036 2018 erectis
2058 1955 2094 2018 in
2116 1977 2256 2040 magnas

247 2047 397 2124 pastores
418 2059 438 2103 a
460 2038 530 2104 suis
552 2038 697 2103 eeclesiis
714 2059 774 2120 per
791 2038 858 2103 vim
876 2059 938 2103 nec
956 2038 1029 2102 sine
1046 2034 1228 2118 ignominia
1279 2053 1355 2114 spes
1376 2035 1482 2118 partis
1501 2040 1634 2099 nostrae
1655 2035 1774 2100 animis
1796 2035 1865 2100 dixi
1882 2036 2058 2119 aliquando
2074 2040 2217 2122 publice,
2232 2044 2255 2125 1)

247 2123 354 2208 fugati
375 2125 410 2187 in
433 2122 624 2207 regionibus
647 2124 769 2206 ignotis
790 2122 989 2188 exsularent.
1033 2123 1083 2186 Ac
1104 2140 1148 2184 ne
1169 2141 1227 2184 ex·
1278 2118 1355 2201 plus
1376 2140 1396 2184 a
1418 2127 1530 2184 nostra
1557 2138 1654 2202 quam
1682 2119 1827 2186 hostium
1854 2123 1991 2187 11010111
2013 2124 2106 2189 nobis
2130 2128 2256 2193 instare

248 2209 359 2273 silium
390 2207 523 2291 quidem
552 2208 619 2274 11111
640 2209 841 2291 permissum
866 2208 996 2286 fuisset,
1025 2206 1090 2271 nisi
1111 2204 1227 2270 latuis-
1278 2205 1426 2287 periculi.
1471 2205 1586 2288 Neque
1619 2205 1707 2270 enim
1739 2213 1808 2271 tam
1841 2207 2033 2274 metuendas
2065 2232 2139 2277 esse
2172 2213 2257 2280 ullas

247 2302 323 2360 sent
345 2294 386 2359 ab
409 2293 557 2358 hostium
585 2293 771 2378 tyrannide.
817 2292 915 2374 Quod
937 2300 1005 2358 tam
1028 2291 1130 2357 111001
1150 2311 1226 2374 per·
1278 2289 1396 2368 clades,
1419 2311 1517 2373 quam
1535 2290 1633 2355 nimis
1654 2291 1864 2375 triumphale,
1886 2301 1924 2357 ut
1940 2293 1987 2357 ila
2006 2294 2132 2378 loquar,
2154 2319 2258 2362 cvan-

247 2380 484 2461 sequutionum
506 2378 680 2444 violentiae
702 2378 852 2462 exposita
879 2399 976 2462 saepe
997 2378 1060 2442 fuit
1081 2375 1225 2453 ecelesia,
1278 2376 1412 2459 gelium,
1435 2375 1521 2458 quod
1541 2396 1602 2441 nos
1620 2375 1659 2439 ad
1678 2376 1891 2443 insolentiam
1908 2378 2048 2443 efferret.
2085 2382 2157 2449 Nee
2177 2405 2259 2449 vero

247 2462 334 2547 quod
367 2464 436 2528 fere
468 2471 634 2547 prostrata
667 2464 727 2529 sub
761 2463 904 2529 hostium
938 2462 1076 2546 pedibus
1113 2461 1226 2539 iacuit,
1279 2482 1332 2526 me
1359 2461 1455 2526 istius
1484 2461 1574 2526 vocis
1602 2458 1700 2525 hodie
1727 2482 1854 2545 quoque
1880 2464 2034 2546 poenitet.
2078 2467 2153 2533 Nisi
2181 2489 2259 2551 pro-

247 2549 362 2633 procul
390 2548 522 2631 quidem
557 2548 620 2614 hoc
644 2547 736 2612 abest
763 2570 783 2613 a
811 2549 918 2631 specie
946 2555 1097 2613 11111111
1119 2544 1226 2629 digni·
1277 2547 1373 2613 fanae
1411 2546 1564 2611 licentiae
1599 2547 1764 2612 Dominus
1799 2548 1927 2613 obviam
1963 2558 2092 2617 mature
2127 2554 2258 2636 ivisset,

246 2636 333 2699 tatis.
380 2633 478 2715 Quod
509 2640 621 2698 autem
653 2634 793 2717 exiguus
824 2633 954 2715 piorum
985 2653 1143 2706 numerus
1176 2632 1226 2696 in·
1277 2631 1412 2697 morbus
1438 2631 1554 2698 fuisset
1581 2633 1739 2716 temporis
1767 2654 1919 2699 successu
1946 2637 2185 2720 propemodum
2206 2643 2260 2707 in-

246 2721 335 2784 victa
357 2718 435 2784 fidei
456 2719 644 2784 constantia
665 2725 776 2786 1111101
793 2718 1085 2802 persequutionum
1106 2717 1227 2781 fluetus
1277 2717 1441 2783 curabilis.
1477 2717 1581 2782 Nulla
1597 2716 1763 2783 doctrinae
1779 2719 1905 2802 piisque
1922 2722 2157 2789 monitionibus
2175 2727 2260 2792 fuis-

247 2805 432 2888 snperavit,
455 2803 541 2887 quud
564 2810 732 2886 superstes
750 2802 902 2869 omnibus
921 2803 1075 2888 tyrannis
1092 2821 1131 2867 ae
1148 2800 1227 2866 hae-
1278 2812 1328 2867 set
1353 2803 1522 2867 autoritas.
1566 2802 1767 2868 Mediocrem
1797 2803 2001 2888 disciplinam
2029 2810 2086 2890 qui
2105 2812 2260 2878 nondum

246 2891 359 2956 reticis
382 2890 448 2954 fuit
467 2889 619 2967 ecelesia,
643 2910 726 2974 quae
748 2909 863 2953 veram
885 2886 961 2953 fidei
982 2885 1162 2952 doctrinam
1185 2884 1227 2951 ad
1278 2887 1452 2953 admittere
1479 2889 1718 2968 sustinuerant,
1740 2890 1853 2973 iugum
1877 2911 1987 2971 omne,
2011 2915 2077 2957 non
2099 2916 2197 2962 secus
2219 2918 2259 2964 ae

245 2984 396 3060 posteros
419 2976 669 3053 transmitteret,
693 2973 754 3039 1100
776 2994 856 3040 1110
878 2979 928 3038 111
949 2972 1154 3039 luculentum
1177 2972 1226 3036 di·
1257 2972 1456 3039 'indomitae
1473 2973 1611 3052 belluae,
1634 2973 1776 3039 violento
1794 2975 1920 3058 impetu
1938 2979 2110 3060 rupissent
2148 2983 2261 3049 Tanta

245 3062 345 3126 vinae
357 3060 492 3126 virtutis
503 3060 738 3138 testimonium,
757 3058 844 3142 quod
863 3078 963 3142 snpra
981 3077 1094 3123 omnes
1110 3056 1227 3122 mundi
1277 3059 1432 3124 infamiae
1459 3059 1588 3125 macula
1616 3056 1657 3123 ab
1684 3059 1854 3145 evangelio
1882 3062 2026 3147 abstergi
2046 3084 2113 3129 non
2134 3069 2259 3151 potuit,

246 3146 368 3230 glorias
403 3150 478 3226 [pag.
502 3151 555 3222 42]
590 3145 689 3230 longe
721 3143 861 3210 excellit
912 3143 966 3207 Ita
995 3144 1032 3208 in
1060 3143 1226 3227 praesenti
1278 3142 1376 3227 quam
1404 3145 1433 3210 si
1461 3144 1503 3209 ad
1529 3144 1725 3210 modestiam
1750 3147 1783 3212 11
1805 3152 1838 3209 et
1860 3147 1957 3212 malis
1976 3149 2080 3214 coacti
2101 3151 2259 3234 trissant,

187 3284 191 3291 ,
246 3230 402 3311 ecclesiae
436 3230 623 3295 calamitate
654 3230 746 3294 nulla
779 3228 920 3313 refulget
953 3227 1110 3312 dignitas,
1144 3248 1227 3310 quae
1278 3231 1333 3313 qui
1361 3251 1434 3295 eam
1461 3243 1576 3313 sponte
1604 3229 1762 3296 hactenus
1791 3231 1915 3304 discere
1937 3234 2119 3301 noluerant.
2166 3238 2260 3304 Rur-

246 3316 386 3382 coeleste
409 3314 473 3382 Dei
501 3336 642 3400 regnum
670 3314 842 3396 hominum
869 3313 971 3379 oeulis
993 3320 1224 3396 repraesentet.
1278 3335 1353 3379 sum
1375 3315 1438 3381 hoc
1461 3316 1621 3391 examine,
1644 3314 1732 3398 quali
1755 3318 1892 3401 quisque
1914 3327 2002 3384 esset
2018 3321 2138 3402 animo,
2163 3334 2261 3409 pate·

245 3398 332 3468 Nam
356 3423 396 3467 ea
417 3421 552 3484 opressa
573 3400 695 3465 summi
713 3400 824 3465 hostes
843 3400 868 3484 ¹)
888 3397 995 3482 ipsius
1016 3399 1112 3464 titulo
1133 3401 1227 3481 qnasi
1277 3400 1355 3466 fecit
1381 3400 1552 3467 Dominus.
1603 3401 1782 3484 Magnifice
1809 3423 1924 3469 omnes
1951 3406 2165 3490 evangelium
2196 3412 2260 3478 sub

245 3488 360 3572 spoliis
393 3488 503 3553 ornati
529 3506 597 3551 non
623 3487 735 3550 minus
763 3483 939 3550 crudeliter
966 3504 1065 3567 qnam
1086 3485 1227 3568 superbe
1276 3487 1396 3551 umbra
1407 3487 1437 3567 ²)
1456 3485 1629 3551 iactabant.
1665 3487 1796 3553 Primae
1813 3490 1849 3553 in
1867 3489 1982 3555 multis
1999 3490 2079 3557 locis
2096 3495 2261 3563 tenebant

245 3594 316 3639 eam
347 3573 549 3639 conculcant.
596 3570 634 3637 Si
657 3571 730 3654 quis
752 3590 865 3636 eorum
892 3570 1053 3653 impietati
1075 3569 1225 3655 1111111-
1277 3570 1428 3645 scelerati
1455 3570 1655 3655 hypocritae.
1704 3573 1788 3639 Post
1814 3574 1940 3640 cladem
1969 3596 2047 3641 1110
2073 3588 2260 3662 acceptam,

245 3658 356 3722 tillum
392 3658 481 3722 ausit
510 3657 684 3734 obsistere,
747 3656 859 3735 ladiis,
898 3655 1030 3739 ignibus
1062 3674 1099 3719 ac
1128 3676 1225 3721 omne
1277 3656 1411 3739 quidam
1426 3658 1538 3741 magni
1552 3657 1695 3724 nominis
1712 3659 1879 3744 principes
1891 3660 2042 3744 protinus
2060 3666 2263 3747 exanimati,

246 3763 351 3826 genus
385 3742 558 3806 tormentis
589 3678 829 3820 formidaiiles,
869 3760 968 3806 verae
1002 3740 1158 3806 eeclesiae
1188 3743 1224 3804 in
1277 3741 1402 3808 nobiles
1413 3742 1616 3826 respublicae
1627 3752 1718 3808 metu
1736 3745 1846 3810 nescio
1867 3765 1931 3827 quo
1949 3748 2116 3826 attonitae,
2136 3762 2260 3832 sponte

244 3826 345 3891 terris
372 3824 483 3891 locum
510 3828 567 3890 1111
596 3826 795 3909 relinquunt.
840 3823 936 3905 Quod
960 3825 989 3889 si
1010 3825 1136 3908 aliquos
1161 3827 1225 3892 sibi
1277 3827 1498 3893 conciderunt.
1513 3828 1541 3910 8)
1583 3827 1650 3895 Η10
1668 3849 1703 3894 11
1724 3829 1800 3913 plus
1816 3851 1916 3914 quam
1934 3832 2126 3898 effeminata
2142 3837 2259 3904 molli·

223 3934 288 3976 -an
336 3910 385 3976 los
408 3911 573 3990 inveniat,
605 3932 694 3976 nune
716 3910 751 3975 vi
773 3918 806 3973 et
827 3911 928 3974 armis
949 3910 1112 3991 impetita,
1135 3932 1224 3978 nunc
1276 3914 1354 3992 ties,
1384 3914 1451 3979 imo
1473 3911 1598 3997 perfida
1619 3915 1768 3997 ignavia,
1793 3923 1907 3997 aperte
1928 3917 2080 4000 prodidit.
2127 3921 2260 4006 Impias

247 3998 282 4062 lu
308 3996 399 4061 'briis
428 4003 565 4076 vexata,
596 4018 684 4062 nunc
706 3994 806 4058 minis
828 4001 863 4059 et
879 3995 1059 4059 terroribus
1076 3995 1223 4079 fatigata,
1276 4006 1310 4063 et
1337 3999 1513 4082 sacnlegas
1541 4018 1561 4061 a
1587 3997 1721 4066 Christo
1750 4000 1946 4067 defectiones
1968 4002 2059 4067 intra
2082 4005 2260 4075 biennium

246 4081 329 4146 nihil
358 4081 471 4146 minus
498 4102 597 4164 qnam
625 4081 752 4164 regium
786 4077 882 4143 illum
914 4078 1041 4145 Christi
1074 4078 1225 4146 decorem
1276 4083 1310 4146 in
1323 4083 1820 4166 nationeunapluresvidimus,
1839 4108 1937 4169 quam
1950 4097 2088 4154 narrent
2103 4086 2261 4160 omnium

245 4176 416 4250 tantopere
445 4187 466 4230 a
491 4166 660 4251 prophetis
687 4162 969 4242 commendatum,
992 4166 1223 4246 praesefert
1276 4175 1460 4251 temporum
1489 4168 1701 4253 gentiumque
1726 4169 1890 4237 historiae.
1935 4172 2046 4254 Quam
2074 4175 2260 4243 infractum

245 4253 373 4318 Verum
391 4269 493 4334 quum
510 4250 684 4315 minaciter
700 4248 855 4314 terrendo
867 4269 906 4315 ac
916 4251 1037 4314 furiose
1049 4250 1224 4316 saeviendo
1275 4273 1354 4318 vero
1372 4254 1417 4318 111
1435 4253 1510 4320 fidei
1533 4253 1641 4334 robur,
1664 4255 1719 4321 ubi
1737 4257 1871 4339 spiritus
1889 4259 2014 4324 virtute
2031 4259 2132 4325 oorda
2153 4266 2260 4329 susti-

245 4359 312 4402 non
335 4358 372 4402 eo
395 4345 507 4401 tamen
528 4356 633 4418 usque
654 4336 833 4418 proficiunt
853 4335 960 4417 impii,
983 4333 1063 4417 quin
1083 4336 1148 4401 Dei
1171 4357 1224 4403 ec·
1275 4345 1406 4420 nentur,
1428 4340 1535 4422 palam
1555 4340 1591 4404 in
1614 4340 1686 4405 aliis
1708 4341 1830 4408 factum
1852 4352 1910 4408 est.
1954 4344 2100 4410 Heroioa'
2115 4367 2260 4434 magna·

246 4423 346 4489 alesia
367 4423 428 4487 sub
450 4423 556 4487 crucis
576 4421 764 4487 humilitate
780 4421 877 4484 firma
894 4428 1047 4503 rectaque
1065 4420 1222 4498 subsidat,
1275 4424 1424 4503 nimitas,
1451 4445 1549 4507 quem
1579 4426 1743 4492 Dominus
1770 4427 1805 4493 in
1826 4428 1959 4494 homine
1981 4451 2047 4495 uno
2060 4431 2089 4513 ⁴)
2110 4434 2201 4499 victo
2225 4445 2260 4502 et

246 4530 305 4573 cur
337 4528 404 4572 non
438 4507 475 4571 in
507 4507 569 4572 hae
602 4508 742 4572 mirifica
774 4507 844 4571 eius
877 4507 1126 4573 conservatione
1158 4507 1223 4573 Dei
1274 4517 1379 4593 capto,
1402 4510 1540 4577 saeculis
1563 4511 1715 4578 omnibns
1734 4513 1944 4598 spectandam
1964 4517 2144 4598 proposuit,
2167 4542 2258 4587 nun·

244 4594 385 4679 gloriam
407 4592 659 4659 exosculamur?
696 4589 824 4674 Siquis
842 4609 953 4655 rerum
970 4592 1106 4673 peritus,
1123 4614 1223 4676 qnam
1274 4616 1373 4678 qnam
1402 4596 1466 4661 nisi
1496 4577 1555 4661 tali
1586 4598 1691 4664 erucis
1722 4601 1947 4681 experimento
1974 4598 2098 4667 credita
2126 4604 2257 4673 fuisset

245 4680 349 4744 multa
378 4699 438 4762 per
462 4678 522 4743 hos
550 4679 688 4762 triginta
714 4697 820 4742 annos
852 4674 893 4739 ad
920 4696 994 4740 eam
1020 4677 1223 4760 perdendam
1275 4679 1426 4765 Insignis
1455 4682 1614 4765 quaedam
1648 4684 1718 4748 eius
1745 4686 1876 4768 generis
1909 4691 1983 4765 [pag.
2008 4692 2061 4766 44]
2089 4693 2257 4775 exempla,

240 4763 427 4831 machinati
457 4764 525 4828 sint
550 4764 653 4846 impii,
682 4782 794 4831 secum
822 4761 932 4826 animo
960 4761 1124 4842 revolvat,
1156 4785 1223 4829 non

243 4851 344 4930 1111111
371 4849 505 4915 centies·
527 4848 662 4932 penitus
691 4847 832 4912 deletam
853 4847 966 4910 mirari
988 4855 1133 4931 cogetur.
1178 4849 1224 4914 111
1345 4868 1374 4932 1)
1411 4870 1525 4938 uelques
1541 4868 1594 4925 f012
1612 4885 1646 4924 en
1663 4854 1720 4926 m'eg
1738 4887 1868 4927 sermons,

243 4957 331 5002 nunc
352 4932 440 5017 quod
462 4935 552 4999 intra
572 4932 743 5000 biennium
754 4933 873 4997 misere
891 4930 1056 5015 discerpta
1075 4934 1152 5012 fuit,
1175 4934 1223 5000 11-
1343 4935 1374 5002 2)
1393 4886 1442 4992 le
1600 4937 1712 4994 duam.-
1748 4940 1856 4995 chacun
1877 4940 1979 5009 perluit
2001 4942 2258 5005 bravementeta

244 5040 401 5102 oeragque
429 5020 501 5085 eius
529 5025 640 5104 partes
664 5039 688 5089 a
716 5017 820 5083 leonis
845 5013 998 5083 faugjbug-
1020 5038 1139 5100 pamm
1167 5018 1223 5085 ab,
1274 5005 1365 5126 plaiae
1392 4955 1498 5061 boucla
1544 5021 1558 5061 e
1588 5005 1737 5074 l’Evangile
1767 5011 1902 5064 11111111
1924 5024 2006 5078 repes
2033 5017 2062 5065 11
2088 5028 2193 5069 comme
2222 5031 2258 5072 en

995 5077 1000 5100 '
1294 5073 2143 5217 ubedat.ti.i.·.ututacu.1.......

315 5205 342 5269 1)
361 5206 387 5259 le
405 5206 480 5276 Pape
499 5216 528 5262 et
544 5208 585 5264 les
603 5209 684 5262 siens.
1344 5209 1374 5276 4)
1393 5226 1429 5266 au
1446 5211 1497 5265 due
1515 5210 1549 5266 de
1568 5211 1646 5267 Saxe.
