4800 5902
164 345 228 406 are
282 443 293 463 ἱ
928 326 1112 409 Procas·
1135 342 1199 408 nn
1222 341 1416 411 Bonane.
2116 343 2193 422 aut

162 551 231 596 non
253 550 348 612 posse
370 549 430 594 nos
450 528 637 612 perspicere
662 548 745 611 quae
766 528 832 595 Dei
854 538 947 608 sunt,
978 529 1036 596 sed
1058 528 1141 596 stul-
1193 531 1287 611 idque
1305 531 1449 614 saepius,
1477 539 1589 615 postea
1616 535 1817 615 deseruntur,
1850 538 1906 603 sed
1936 557 2000 605 non
2027 539 2066 605 ab
2088 541 2192 608 tatio·

163 616 272 682 titiam
294 614 388 681 nobis
411 634 483 680 esse
512 614 545 699 (l
571 613 646 681 (lor.
674 619 688 678 l
714 619 799 680 ott.
843 617 957 681 Ioann.
983 621 1010 681 6.
1055 616 1139 682 Iesa.
1193 635 1290 697 aeque
1311 637 1349 681 ee
1364 620 1524 699 proposito
1546 618 1594 684 oet
1615 621 1732 687 decreto
1755 620 1827 687 Dei.

163 705 204 766 53
238 708 273 766 et
305 700 379 765 aliis
408 698 593 782 similibus).
637 701 742 782 Atqui
769 723 836 766 non
863 701 1142 766 omnibus‘datur
1500 754 1502 757 .
1651 721 1663 745 *-

162 787 300 871 spiritns
321 785 532 863 illuminatio,
556 784 614 850 sed
632 785 796 868 peculiare
814 786 939 852 donum
957 795 1015 853 est.
1044 785 1142 868 Quod
1459 802 1686 887 Excipiunt
1706 807 1875 874 minist„
1882 809 1908 874 i:

162 872 294 940 subiicit
315 871 474 955 magister
495 870 735 956 Hieronymus,
763 872 871 937 debite
884 874 909 957 ¹)
932 893 1046 938 omnes
1065 873 1141 936 illu-

161 959 283 1024 minari
303 978 364 1041 per
382 957 445 1021 Dei
467 956 626 1040 gratiam,
657 957 686 1021 si
707 957 873 1042 intelligat
901 957 974 1023 dari
995 957 1142 1042 reprobis
1280 954 1453 1022 Frivolum
1481 977 1518 1022 ac
1544 979 1784 1040 supervacuum
1810 981 1882 1026 esse
1910 962 2067 1030 cavillum
2090 963 2178 1047 quod

163 1042 350 1108 aDcmino
372 1050 531 1124 quantum
554 1041 620 1105 illis
643 1039 753 1122 debet,
776 1044 922 1108 fatentur
943 1043 977 1107 id
1000 1044 1142 1126 quidem,
1194 1040 1248 1105 hic
1281 1041 1443 1108 violentae
1475 1044 1680 1110 attractionis
1710 1047 1749 1110 fit
1778 1047 1921 1126 mentio,
1958 1069 2061 1130 quum
2095 1051 2177 1115 satis

163 1128 223 1196 sed
245 1150 346 1212 quum
369 1129 432 1191 rite
453 1127 659 1192 adsalutem
681 1126 945 1211 consequendam
962 1129 1142 1194 illuminari
1194 1134 1322 1191 constet
1350 1127 1494 1209 quotidie
1520 1130 1557 1193 in
1583 1128 1646 1194 bac
1673 1131 1810 1196 ecelesia
1832 1131 1958 1209 doceri,
1992 1134 2178 1201 voluntario

162 1216 282 1299 fingat,
314 1212 348 1277 id
374 1234 453 1279 vero
486 1213 668 1296 scripturae
700 1234 835 1296 prorsus
862 1214 1041 1279 adversum
1070 1235 1142 1280 csse
1194 1233 1254 1276 nos
1277 1220 1369 1277 motu
1389 1214 1495 1292 trahi,
1529 1236 1598 1279 non
1625 1216 1659 1281 vi
1688 1217 1883 1282 extrinseca.
1929 1217 2027 1283 Unde
2050 1221 2178 1303 perspi-

162 1298 380 1377 ccntendunt,
413 1300 510 1365 sicuti
539 1299 642 1363 etiam
663 1299 760 1381 paulo
789 1306 867 1364 ante
890 1305 1059 1365 ostensum
1082 1307 1140 1365 est.
1194 1317 1268 1363 cere
1281 1296 1307 1380 ¹)
1329 1297 1415 1376 licet,
1434 1299 1678 1384 Hieronymum
1699 1302 1888 1384 improbum
1905 1323 1977 1369 esse
1994 1303 2177 1371 calumnia·

163 1383 261 1467 Quod
288 1392 399 1449 autem
427 1385 569 1468 gratiam
601 1383 719 1449 asserit
746 1383 914 1450 abundare
945 1406 1005 1469 pro
1038 1384 1142 1450 abun·
1194 1390 1313 1461 torem,
1344 1385 1399 1466 qui
1427 1385 1508 1449 satis
1536 1391 1629 1449 tenet
1655 1386 1690 1450 in
1718 1387 1849 1470 scriptis
1876 1387 2010 1454 (talvini
2038 1388 2177 1456 subinde

162 1471 276 1537 dantia
297 1471 438 1554 peccati,
472 1470 508 1534 in
536 1491 574 1534 eo
596 1468 648 1534 rel
671 1468 770 1534 stulte
799 1469 852 1536 vel
882 1471 1046 1536 malitiose
1069 1492 1142 1553 per·
1193 1468 1256 1533 hcc
1279 1488 1350 1534 esse
1373 1488 1574 1552 expressum.
1619 1471 1733 1550 Porro,
1757 1471 1844 1554 quod
1864 1472 1976 1538 Deum
1999 1475 2178 1540 rationales

162 1558 247 1622 verti
269 1576 403 1621 sensnm
424 1556 522 1621 Pauli
544 1553 752 1637 respondent.
786 1556 942 1621 Testatur
963 1557 1030 1622 illic
1052 1556 1142 1621 Pan·
1195 1574 1309 1618 omnes
1331 1563 1500 1620 creaturas
1522 1555 1654 1620 trahere
1677 1558 1822 1636 subiicit,
1846 1559 1913 1622 iam
1935 1565 2033 1624 antea
2054 1560 2178 1624 refuta-

161 1641 214 1708 lus
232 1642 375 1726 gratiam
397 1661 568 1724 superasse
590 1638 828 1707 maledictionis
846 1640 1013 1706 iudicium.
1036 1642 1142 1725 Atqui
1195 1646 1266 1704 tum
1295 1647 1359 1718 cst,
1393 1646 1427 1705 et
1457 1662 1502 1724 pn
1551 1648 1585 1705 at
1618 1663 1694 1707 oum
1716 1643 1816 1708 Pauli
1841 1645 2031 1723 sententiis,
2065 1644 2195 1710 Deum¹

163 1726 331 1793 damnatio
363 1727 398 1791 in
432 1734 539 1791 totum
572 1747 676 1810 genus
709 1725 894 1791 humanum
928 1727 1049 1793 diffusa
1081 1734 1139 1792 est.
1194 1745 1492 1810 vocarequosprae
1515 1728 1673 1793 estinavit
1689 1734 1723 1793 et
1740 1728 1997 1794 misericordiam
2008 1738 2179 1812 praestare

163 1812 322 1896 Sequitur
347 1832 426 1896 ergo
455 1833 521 1876 non
549 1811 616 1876 illic
640 1813 775 1876 tractari
802 1820 946 1895 quantus
969 1813 1142 1877 hominum
1194 1809 1311 1892 quibus
1333 1811 1414 1876 vult.
1459 1812 1545 1876 Item
1567 1834 1642 1878 oum
1664 1815 1777 1878 Lucae
1799 1815 1988 1880 testimonio
2010 1815 2100 1900 (Act.
2127 1819 2177 1895 13,

163 1902 322 1964 numerus
349 1898 489 1964 Ohristi¹
509 1899 634 1981 gratiae
668 1897 711 1959 sit
742 1897 922 1981 particeps,
957 1898 1014 1964 sed
1043 1920 1142 1982 quam
1195 1897 1268 1979 48),
1298 1896 1386 1978 quod
1407 1895 1609 1962 crediderint
1636 1900 1693 1982 qni
1715 1898 1857 1963 ordinati
1879 1907 1976 1965 erant
1998 1900 2040 1965 ad
2058 1900 2177 1965 ritem.

162 1985 340 2050 efficaciter
360 1984 519 2048 exuberet
545 1984 582 2047 in
603 1981 769 2061 fidelibus;
797 1983 919 2067 alioqui
946 2005 1027 2067 opus
1055 1990 1142 2050 esset
1193 1982 1266 2047 Imo
1288 1982 1508 2065 Pelagianum
1536 2003 1571 2048 se
1600 2004 1671 2049 esse
1697 1984 1824 2067 prodit,
1854 1983 1935 2049 dum
1962 2006 2029 2049 non
2054 1986 2180 2051 fatetur

162 2090 249 2136 novo
271 2070 393 2134 mundo
417 2078 454 2133 ut
480 2068 615 2153 longius
637 2089 672 2134 se
693 2068 887 2133 extenderet
909 2090 1007 2152 quam
1030 2078 1142 2134 reatus
1194 2067 1281 2132 velle
1303 2072 1337 2131 et
1356 2069 1513 2151 perficere
1536 2069 1576 2133 ab
1599 2069 1672 2151 ipsc
1695 2071 1767 2134 Dec
1790 2068 1877 2149 dari,
1902 2068 2189 2152 quemadmodum}

162 2162 197 2220 et
226 2174 330 2237 poena
360 2154 495 2238 peccati.
552 2152 650 2235 Quod
681 2154 794 2219 Deum
827 2155 914 2220 affici
942 2154 1142 2221 contumelia
1194 2153 1321 2218 Paulus
1354 2154 1505 2218 affirmat
1555 2152 1643 2218 Nam
1675 2175 1717 2219 ex
1750 2155 1859 2220 verbis
1891 2154 1989 2219 Pauli
2019 2155 2178 2237 seqnitur,

162 2241 271 2318 iactat,
294 2261 396 2323 quum
418 2239 524 2305 deseri
542 2239 582 2305 ab
600 2240 671 2322 ipso
691 2241 847 2323 reprobos
865 2241 1035 2319 tradimus,
1060 2241 1141 2306 baec
1194 2238 1350 2321 reprobos
1369 2259 1541 2321 nunqnam
1564 2245 1685 2305 tractos
1707 2240 1823 2319 tuisse,
1847 2260 1986 2323 quorum
2008 2251 2184 2324 nunquam'

163 2325 263 2391 nimis
285 2324 378 2390 sceda
399 2333 450 2391 est
470 2326 676 2409 blasphemia
697 2325 734 2390 in
756 2325 911 2408 spiritum
931 2325 1007 2406 Dei,
1030 2327 1084 2409 qui
1107 2324 1142 2390 id
1195 2332 1323 2390 mutata
1344 2325 1381 2388 in
1401 2324 1520 2389 melius
1537 2324 1601 2388 fuit
1623 2325 1786 2391 voluntas.

162 2412 271 2494 ipsum
293 2431 353 2495 per
375 2432 411 2477 os
421 2411 520 2476 Pauli
541 2409 664 2477 diserte
686 2411 897 2493 pronunciat,
914 2432 1033 2495 nempe
1056 2410 1142 2493 quod

162 2498 256 2562 Deus
278 2517 359 2579 quoa
381 2497 453 2562 vult
473 2496 618 2576 indurat,
641 2497 736 2579 quod,
758 2517 862 2580 quum
878 2497 977 2562 Iacob
1000 2505 1035 2561 et
1052 2497 1142 2562 Ilsau

163 2582 283 2647 fratres
305 2582 429 2667 gemini
456 2583 493 2647 in
513 2590 609 2647 utero
629 2582 738 2647 adhuc
760 2590 885 2663 essent,
913 2583 985 2647 sine
1007 2603 1144 2665 operum

163 2674 316 2752 roflpessill
338 2667 481 2734 alborum
502 2669 639 2752 elegerit
661 2669 764 2733 aliero
786 2669 915 2735 reiecit).
1431 2681 1717 2764 Quaesierunt
1745 2681 1947 2748 ministri:

1283 2837 1408 2901 Annon
1429 2841 1602 2901 manarent
1624 2834 1788 2904 increduli
1817 2857 1931 2903 omnes
1954 2841 1988 2900 et
2015 2834 2183 2915 obstinati,

1197 2921 1262 2987 nisi
1290 2923 1456 2988 Dominus
1483 2942 1599 2988 eorum
1620 2922 1718 2987 corda
1740 2928 1900 3002 mutaret,
1930 2921 2048 3006 quibus
2072 2920 2185 3006 propi-

399 3026 684 3109 Quaesierunt
710 3027 909 3093 ministri:
1198 3008 1265 3074 filli
1288 3027 1360 3074 0⁸⁸0
1378 3008 1452 3076 vult
1473 3030 1512 3073 Μ
1528 3007 1736 3075 ml⁸⁰ri⁰0rssi

252 3181 367 3263 Quum
395 3188 502 3246 totum
529 3180 623 3246 Adae
645 3201 751 3265 genus
779 3181 912 3264 proprio
937 3187 1028 3246 motu
1056 3202 1144 3246 nnn·
1397 3193 1627 3279 Respondit
1649 3195 1983 3280 Hieronymwr)

165 3289 264 3352 quam
286 3266 329 3332 ad
350 3267 461 3332 Deum
482 3267 614 3348 aspiret,
633 3287 743 3332 annon
761 3266 920 3350 peculiari
937 3267 1074 3349 spiritus
1093 3267 1145 3331 sui

165 3363 260 3418 motu
288 3356 430 3438 certos2)
458 3353 607 3418 homines
635 3352 676 3416 ad
703 3374 738 3419 se
761 3353 885 3433 trahat,
914 3373 1033 3435 nempe
1064 3372 1146 3436 quos
1293 3348 1334 3415 Ut
1347 3349 1442 3429 fidem
1457 3350 1612 3430 recipiunt
1628 3348 1776 3427 homines,
1800 3348 1918 3413 mutari
1936 3351 2073 3428 opertae
2090 3346 2184 3410 corda

166 3444 246 3504 ante
265 3438 430 3505 conditum
450 3439 612 3503 mundum
635 3437 824 3522 adoptarit?
1201 3436 1335 3517 lapidea,
1358 3434 1412 3500 boc
1434 3440 1486 3513 est,
1503 3435 1690 3517 praefracta
1715 3440 1743 3499 et
1765 3435 1918 3498 indurate
1940 3433 1983 3496 ad
2005 3430 2133 3510 malum,
2156 3433 2186 3494 et

1124 3519 1129 3531 ’
1199 3522 1275 3587 dari
1302 3520 1369 3585 illie
1390 3540 1442 3585 cor
1464 3539 1624 3597 corneum,
1654 3520 1791 3597 licceat,
1824 3517 2046 3600 irrteiliyeutlae
2072 3534 2184 3597 caput,

365 3625 594 3709 Respondit
614 3624 948 3709 Hieronymus:³)
1199 3612 1296 3758 mei
1311 3605 1817 3773 Zgffmggalsstzerssgtilff
1855 3603 1998 3701 mittigat
2038 3600 2184 3682 mittit

252 3779 500 3864 Amcqauaem
529 3800 595 3845 esse
632 3781 669 3844 in
699 3778 788 3844 certo
821 3777 1011 3844 attrahendi.
1066 3777 1148 3843 Esse

167 3867 250 3933 enim
278 3867 444 3931 videndam
470 3867 683 3931 attractionem
712 3885 808 3946 quam
833 3864 962 3928 minime
990 3863 1146 3943 admitti&
1467 3877 1695 3960 EXinillnb
1716 3875 1916 3941 ministri:

167 3971 232 4020 ecee
263 3953 395 4019 atteram
428 3971 556 4016 atacem
588 3956 617 4016 et
637 3956 824 4033 paternam,
857 3971 923 4031 quc
950 3949 1041 4014 Deus
1073 3970 1147 4032 erpa

168 4058 272 4103 manee
298 4042 463 4104 creaturas
490 4037 660 4102 rationales
688 4039 790 4101 utitur
821 4042 849 4101 et
875 4057 939 4117 quo
962 4036 1147 4118 yeaerelc'ter
1288 4030 1497 4098 Sententiam
1518 4028 1704 4095 Ezechielis
1731 4029 1898 4111 corrumpi
1926 4027 2008 4092 falsa
2033 4033 2068 4092 et
2089 4026 2186 4092 adul·

168 4125 319 4207 diqactur
346 4143 469 4201 omnes,
502 4124 655 4188 mmiaem
681 4123 864 4201 destituere,
899 4122 966 4185 aiei
992 4124 1048 4202 qut
1076 4141 1148 4187 eum
1202 4120 1309 4185 terina
1330 4118 1534 4201 expositione
1556 4138 1576 4180 a
1598 4115 1757 4199 magistro
1780 4115 2004 4198 Hieronymo,
2027 4112 2106 4178 dum
2128 4133 2185 4178 cor

169 4210 339 4288 ammae,
361 4215 389 4273 et
411 4209 563 4274 advecta
584 4230 655 4273 eum
676 4208 808 4273 rebellat.
844 4207 938 4272 Tales
955 4209 1046 4285 caim,
1060 4212 1147 4288 post·
1202 4224 1359 4272 carneum
1380 4205 1618 4286 interpretatur
1645 4199 1886 4284 intelligentiae
1908 4219 2021 4281 capax.
2066 4199 2185 4281 Longe

169 4316 265 4379 quam
296 4293 362 4360 Dei
391 4295 516 4378 yratiae
548 4299 576 4360 ct
614 4293 766 4360 matous
797 4294 926 4359 monitis
957 4294 1149 4372 restiterunt,
1202 4292 1291 4357 enim
1312 4291 1388 4374 plus
1417 4288 1575 4372 exprimit
1597 4286 1774 4370 propheta,
1797 4288 1910 4351 Deum
1935 4285 2060 4350 scilicet
2080 4284 2187 4349 factu-

1202 4399 1278 4442 rum
1296 4385 1336 4441 ut
1346 4375 1478 4442 obediat
1492 4374 1632 4457 populus
1648 4372 1815 4436 mandatis
1835 4373 1918 4436 suis:
1943 4391 2010 4434 non
2021 4369 2188 4452 promittit

1202 4469 1291 4530 certe
1311 4462 1455 4526 mediam
1476 4459 1666 4525 facultatem
1688 4478 1771 4540 quae
1794 4456 1896 4541 vulgo
1920 4457 2083 4540 capacitas
2106 4455 2187 4521 dici-

1203 4557 1272 4626 tnr,
1307 4545 1366 4613 sed
1393 4547 1492 4612 simul
1510 4544 1618 4628 operis
1640 4544 1804 4608 effectum.
1849 4544 1961 4624 Atque
1982 4541 2044 4606 hoc
2066 4546 2188 4606 sonant

1202 4633 1300 4699 Pauli
1323 4631 1439 4710 verba,
1462 4631 1550 4714 quod
1567 4629 1659 4694 Deus
1685 4630 1721 4692 in
1744 4626 1840 4693 nobis
1861 4635 2015 4711 operatur
2043 4635 2078 4691 ct
2098 4626 2186 4691 velle

166 4581 280 4708 Ma
295 4583 342 4639 Sic
364 4585 396 4638 in
419 4582 496 4639 cedd.
520 4600 606 4653 neque
628 4599 697 4653 epus
720 4590 759 4639 est
784 4585 942 4640 conicum
968 4581 1080 4638 Simteri
1102 4584 1151 4652 qui

281 4669 312 4707 rc
327 4653 399 4707 vult:
416 4653 524 4707 debere.

235 4747 267 4816 2)

285 4755 377 4803 certos
395 4763 447 4801 om.
464 4747 498 4799 V.
517 4747 546 4802 G.

237 4841 269 4909 3)
287 4841 522 4923 Ampbibologiam
546 4856 607 4896 esse
630 4842 658 4894 in
680 4841 765 4895 verbo
787 4841 966 4895 attractionis.
1001 4839 1054 4894 Est
1078 4841 1148 4894 enim
1387 4889 1393 4901 ,

168 4911 295 4967 attractio
320 4910 441 4965 vrolenta
464 4926 545 4978 qnam
567 4925 622 4964 non
646 4910 757 4977 recipit,
781 4915 824 4963 est
841 4916 871 4964 ct
887 4910 1015 4964 attractio
1033 4909 1102 4963 lenis
1120 4916 1148 4962 et
1272 4887 1301 4954 Ῑ)
1320 4903 1460 4957 pertimere
1478 4886 1508 4940 Β·
1528 4885 1560 4939 Τ·
1617 4970 1624 4982 .
1743 4969 1749 4979 Ι
2159 4964 2165 4977 ι

168 4989 298 5049 paterna,
324 4995 378 5048 qua
396 5017 503 5034 .......
512 4985 540 5033 et
557 4977 720 5047 generaliter
739 4978 863 5032 omnibus
881 4993 942 5031 eam
959 4978 1147 5046 communicat,
1270 4974 1301 5040 2)
1320 4973 1395 5042 Opus
1419 4986 1479 5026 esse
1503 4969 1538 5025 ad
1561 4968 1625 5023 fider
1646 4975 1830 5037 receptionem
1853 4965 1926 5035 quod
1950 4964 2025 5019 Deus
2050 4969 2136 5045 mutet
2158 4979 2186 5019 m

167 5064 219 5104 nec
238 5048 354 5116 aliquem
371 5048 473 5102 deserit
489 5048 541 5101 nisi
558 5063 606 5101 eos
620 5046 667 5115 qui
681 5046 794 5100 eandem
805 5047 949 5115 benignam
958 5046 1148 5100 structionem
1201 5044 1309 5098 homine
1328 5059 1376 5097 cor
1393 5039 1536 5110 lapideum,
1555 5039 1582 5092 h.
1600 5055 1624 5092 e.
1644 5038 1809 5092 obstinatum
1828 5044 1856 5116 et
1876 5035 2040 5089 obduratum
2057 5032 2185 5115 ¹¹¹.¹¹¹.²¹92

167 5124 302 5186 spernunt
324 5122 352 5170 et
377 5116 441 5170 hnic
459 5115 653 5171 contradicunt
689 5114 758 5168 Nam
776 5115 847 5169 tales
871 5122 935 5183 post
953 5116 1148 5169 contumaciam
1202 5120 1231 5166 et
1248 5111 1350 5165 tribuat
1369 5127 1416 5165 cor
1435 5123 1575 5174 carneam,
1592 5108 1620 5160 lr.
1638 5105 1753 5186 equod
1770 5112 1859 5185 possit
1877 5119 1939 5157 esse
1960 5118 1993 5156 ea
2013 5118 2048 5155 ax
2066 5102 2187 5171 drsorph·

167 5193 197 5241 et
212 5185 389 5240 rebellionem
427 5192 524 5239 eontra
546 5185 660 5253 gratim
683 5190 711 5237 et
732 5183 889 5252 frequentes
907 5183 958 5237 Dei
975 5184 1147 5251 monitiones,
1201 5196 1267 5235 nae:
1287 5195 1366 5248 quam
1384 5178 1498 5248 gratiam
1516 5176 1592 5230 Deus
1612 5175 1734 5230 omnibns
1752 5173 1866 5242 largitur
1882 5187 1934 5240 que
2000 5169 2109 5226 modum
2122 5185 2186 5240 prc-

166 5253 340 5323 deseruntur,
358 5225 407 5309 sed
424 5270 479 5308 non
496 5253 531 5308 ab
549 5260 661 5309 aeterno
680 5266 715 5306 ex
732 5252 875 5321 proposito
894 5258 943 5306 aut
959 5250 1070 5307 decreto
1089 5252 1148 5305 Dei.
1201 5251 1313 5304 miserat
1330 5263 1381 5316 per
1398 5244 1558 5316 prophetas.
1925 5323 1983 5378 w
