4680 5918
1038 321 1102 386 DII
1124 319 1319 389 SERVE'I.

617 609 715 676 VIII.

453 787 656 869 Eiusdem
689 787 837 871 eidem.
854 783 879 866 ¹)

298 1021 341 1087 D.
364 1019 520 1087 Miohaeli
542 1021 654 1087 Reves
675 1021 712 1085 in
733 1021 877 1088 Domino
900 1020 1027 1090 dileoto.

266 1190 308 1256 G.
332 1199 366 1256 et
387 1189 425 1256 P.
472 1190 514 1254 V'
541 1192 644 1257 esima
665 1193 806 1277 septima
827 1194 941 1258 Martii
963 1194 1074 1278 aooepi
1096 1194 1154 1260 abs

174 1285 214 1343 te
235 1276 362 1355 literas,
391 1276 523 1341 Miehae
564 1276 689 1344 dileote.
739 1278 775 1344 Is
802 1279 861 1362 qui
888 1279 1003 1344 attulit
1028 1300 1084 1345 aas
1112 1279 1154 1345 ad

179 1383 234 1428 me
255 1382 322 1428 non
344 1361 458 1426 rediit:
483 1362 580 1427 hodie
598 1362 732 1428 demum
750 1385 944 1448 responsum
965 1365 1069 1448 petiit.
1113 1364 1154 1430 Id

180 1450 227 1515 sio
249 1448 342 1513 habe.
387 1447 554 1530 Flagellas
574 1448 669 1513 initio
691 1470 753 1527 me,
776 1449 862 1532 quod
884 1449 966 1515 mihi
989 1451 1078 1516 solus
1101 1471 1153 1515 sa·

180 1556 258 1618 pere
290 1533 414 1598 videar.
459 1531 549 1614 Quid
575 1532 637 1598 sibi
665 1541 803 1618 uterque
830 1534 961 1600 videtur
988 1536 1152 1603 Dominus

179 1620 273 1685 novit
284 1617 499 1684 etiudioabit:
519 1629 668 1684 nostrum
685 1619 844 1686 iudioium
865 1621 1047 1687 seouudum
1064 1621 1153 1686 diota

179 1711 213 1769 et
235 1706 322 1770 faeta
346 1704 418 1769 fieri
441 1703 546 1770 debet.
591 1704 769 1772 Confutavi
791 1712 850 1771 tua
870 1714 922 1782 ut,
950 1727 1060 1772 eoram
1082 1708 1151 1772 Do·

179 1792 279 1867 mino,
302 1809 356 1855 me
373 1810 468 1872 posse
486 1801 519 1854 at
541 1789 661 1856 debere
678 1812 854 1874 persuasus
876 1814 958 1857 sum.
1003 1793 1054 1857 Ila
1075 1791 1152 1857 lioet

178 1877 301 1942 refutet
327 1875 383 1957 qui
412 1881 519 1957 potest
548 1882 582 1941 et
607 1877 688 1942 vult
744 1877 856 1951 Iustus
884 1899 944 1942 sua
972 1875 1051 1957 fide,
1083 1899 1152 1942 non

173 1963 286 2027 aliena
306 1961 398 2026 vivit.

264 2048 411 2112 Accusas
430 2067 483 2111 me
530 2044 593 2111 uod
612 2044 673 2112 ado
696 2049 819 2112 tionem
836 2048 978 2112 filiorum
1000 2048 1066 2112 Dei
1084 2069 1151 2112 non

178 2132 262 2200 faoio
289 2132 456 2214 propriam
485 2067 644 2197 adventui
666 2069 791 2198 Christi
813 2133 849 2197 in
871 2153 1014 2210 earnem,
1038 2143 1072 2198 et
1092 2132 1151 2197 ad-

172 2216 270 2285 ·duois
302 2224 416 2282 oontra
447 2237 516 2292 me,
545 2224 584 2281 ut
617 2218 676 2283 tibi
698 2216 840 2295 videtur,
873 2217 1017 2283 Paulum
1040 2217 1150 2283 elioen—

176 2311 259 2368 tem:
283 2301 454 2368 Christum
466 2302 686 2368 advenissent
704 2324 759 2368 eos
781 2302 957 2368 redimeret
980 2303 1151 2386 quierant

176 2388 312 2454 obnoxii
333 2387 408 2471 legi.
452 2387 506 2452 Ita
529 2409 570 2452 ex
591 2387 645 2452 his
667 2389 801 2472 colligis,
831 2388 924 2453 idad
946 2389 1033 2472 quod
1056 2389 1148 2455 Deus

175 2475 268 2540 misit
286 2473 393 2538 filium
416 2494 513 2538 suum
534 2480 573 2537 ut
593 2475 702 2553 fieret,
725 2494 792 2539 non
814 2473 877 2538 fuit
898 2474 1019 2540 fastum
1042 2482 1147 2551 antea,

174 2560 266 2625 misit
293 2558 400 2624 filium
427 2579 523 2623 suum
552 2565 590 2622 ut
618 2557 826 2642 adoptionem
853 2560 995 2625 filioram
1023 2560 1148 2643 aooipe·

175 2651 250 2710 rent
277 2644 333 2725 qui
362 2651 458 2707 erant
489 2642 550 2708 sub
577 2643 663 2727 lege:
696 2664 775 2728 ergo
801 2666 840 2709 ea
869 2656 945 2710 ante
974 2666 1041 2709 non
1074 2646 1146 2711 fuit.

174 2728 385 2812 Respondeo,
414 2749 480 2794 uon
507 2729 570 2793 fuit
590 2730 652 2806 ita,
680 2736 718 2794 ut
739 2729 894 2796 Christus
921 2751 993 2796 eam
1019 2731 1146 2795 attulit:

174 2822 209 2879 at
227 2816 362 2880 omnino
380 2835 445 2879 non
466 2814 567 2879 fuisse
589 2814 795 2898 adoptionem
808 2816 842 2881 in
864 2816 949 2881 filios
960 2815 1025 2881 Dei
1047 2817 1147 2882 etiam

174 2908 280 2965 antea
325 2899 365 2964 Id
387 2919 467 2965 vero
489 2898 614 2965 Paulus
641 2909 815 2985 pernegat,
844 2923 910 2967 non
939 2921 1010 2986 ego.
1056 2901 1146 2983 Quo·

173 3008 248 3050 rum
273 2986 382 3068 inquit
408 2993 459 3049 est
487 2983 632 3068 adoptio,
668 2987 763 3051 Rom,
792 2992 828 3065 9,
857 2993 891 3051 et
917 2987 1046 3071 quoties
1072 3010 1147 3053 oum

173 3071 345 3153 seripturis
367 3076 529 3136 vocantur
557 3070 617 3136 filii
638 3072 702 3136 Dei
725 3072 909 3152 Israelitae,
937 3071 1030 3138 Deus
1052 3081 1147 3157 pater

172 3177 298 3222 eorum.
350 3154 389 3221 Si
415 3157 482 3220 ism
511 3156 571 3220 filii
590 3157 655 3221 Dei
679 3158 778 3222 etiam
805 3166 880 3223 unte
903 3156 1074 3224 Christum
1093 3158 1146 3223 in·

172 3249 354 3320 oaruatum,
376 3241 498 3306 mirum
517 3241 546 3307 si
562 3263 631 3307 non
643 3242 798 3326 adoptati.
823 3242 1146 3311 Credidaruntvate·

172 3349 225 3393 res
247 3335 281 3392 st
302 3325 514 3393 erediderunt
535 3327 570 3391 in
594 3327 766 3394 Christum
788 3329 866 3394 lieet
888 3336 1081 3408 venturum,
1112 3326 1146 3394 a't

171 3412 224 3478 his
256 3413 313 3496 qui
345 3411 483 3478 eredunt
515 3413 550 3477 in
572 3433 664 3492 eum,
699 3414 750 3479 his
778 3411 835 3478 dat
862 3414 947 3480 filios
971 3415 1034 3479 Dei
1062 3415 1143 3481 fieri.

172 3496 300 3564 Eadem
331 3497 404 3563 olea
431 3507 483 3562 est
507 3499 543 3563 in
566 3519 663 3581 quam
691 3520 752 3565 nos
780 3499 895 3565 inserti
924 3521 965 3565 ex
993 3500 1144 3580 oleastro,

172 3605 249 3650 oum
269 3583 318 3647 illi
341 3584 476 3648 fuerunt
496 3583 582 3649 rami
603 3584 779 3663 naturales,
808 3586 903 3651 Rom.
936 3590 984 3651 11.
1029 3585 1144 3653 Chris-

173 3675 227 3734 tus
261 3669 324 3733 fuit
356 3675 390 3733 et
418 3666 630 3734 mediatorem
664 3669 733 3753 egit
766 3669 867 3735 etiam
900 3679 1078 3754 antequam
1109 3674 1145 3736 iu

172 3775 307 3821 earnem
324 3754 462 3832 veniret,
485 3753 543 3819 sed
560 3760 634 3837 post
655 3755 915 3821 incarnationem
938 3757 1048 3822 omnia
1065 3756 1146 3823 adeo

172 3840 302 3938 plenius
325 3859 423 3921 quam
446 3846 542 3904 autea
563 3840 737 3924 praestitit,
766 3849 803 3906 ut
825 3841 951 3907 dloatur
970 3842 1146 3910 innovasse

172 3945 293 3991 omma.

259 4011 312 4075 De
333 4008 546 4075 Euohsristia
567 4010 595 4075 si
624 4032 699 4076 mea
720 4012 823 4078 amieo
844 4012 995 4097 legisses,
1024 4015 1071 4080 sio
1092 4034 1146 4079 me

174 4115 242 4161 non
263 4093 464 4181 flagellares,
493 4094 582 4160 haud
610 4097 697 4161 enim
724 4096 820 4162 video
842 4098 920 4182 quid
940 4100 1028 4164 inter
1057 4106 1147 4165 tuam

175 4190 208 4246 et
237 4202 346 4247 meam
380 4181 580 4246 sententiam
613 4183 751 4248 intersit.
812 4184 886 4267 Ego
920 4185 955 4248 in
994 4186 1146 4250 omnibus

173 4267 304 4348 seriptis
324 4266 406 4331 meis
427 4274 543 4346 testor,
576 4269 789 4350 praecipuum
817 4270 852 4333 in
872 4289 974 4335 ooena
995 4290 1066 4336 esse
1089 4291 1146 4335 ex-

174 4351 369 4416 hibitionem
403 4353 548 4436 eorporis
580 4360 614 4418 et
647 4354 817 4437 sauguinis
845 4353 971 4420 Christi
1003 4357 1146 4422 realissi-

174 4457 273 4513 mam,
304 4436 380 4519 quia
401 4439 573 4503 coelestem
596 4448 630 4503 et
651 4439 865 4522 spiritualem,
909 4441 979 4507 Neo
1000 4461 1146 4525 unquam

172 4521 264 4586 aliud
291 4523 479 4605 oppugnavi
509 4544 607 4604 qrram
635 4524 890 4607 impanationem
917 4535 951 4591 et
983 4527 1146 4592 carnalem

175 4605 471 4672 mandueationem.
505 4608 642 4673 Reslem
661 4617 695 4675 et
715 4611 880 4676 effioaoern
902 4632 1070 4694 nunquam
1090 4634 1148 4676 ne-

2116 326 2185 388 870

1208 508 1341 573 hibetur
1362 512 1396 573 et
1417 506 1559 573 traditur
1579 527 1700 591 oorpus
1722 506 1869 587 Domini,
1891 507 1955 574 hoo
1976 514 2028 574 est
2049 508 2186 574 Domini

1209 593 1410 660 oommunio:
1433 600 1473 657 ut
1493 594 1596 659 simus
1618 593 1767 659 membra
1787 593 1857 658 eius
1881 592 1922 659 de
1942 614 2041 659 oarne
2059 593 2130 659 eius
2151 601 2186 660 et

1210 678 1251 744 de
1278 677 1405 745 ossibus
1432 679 1512 744 eius.
1569 678 1663 745 Haeo
1694 677 1785 744 volui
1811 678 2010 761 respondere
2042 677 2083 743 ad
2116 686 2184 745 tua.

1210 764 1307 830 Absit
1333 771 1372 828 ut
1399 783 1501 848 egos
1529 784 1630 829 ooana
1651 762 1919 830 Christianorum
1941 764 2048 830 dioam
2071 764 2186 831 abesse

1209 849 1390 916 Christum.
1434 849 1511 933 Ipse
1530 850 1575 915 sit
1595 849 1683 916 inter
1701 870 1763 915 nos
1783 856 1818 915 et
1840 849 1955 915 dooeat
1975 849 2123 916 modeste
2143 848 2186 915 de

1209 936 1361 1000 omnibus
1382 934 1453 1000 eius
1475 936 1641 1021 mysteriis
1661 936 1840 1019 inquirere,
1863 945 1897 1000 et
1918 934 1952 999 id
1974 935 2126 1001 iuvenire
2148 943 2187 1001 ιιι

1209 1021 1361 1087 vivamus
1383 1020 1451 1084 ini
1476 1040 1512 1086 so
1540 1028 1574 1086 at
1600 1021 1671 1103 Ipsa
1698 1021 1735 1085 in
1762 1019 1865 1086 nobis.
1910 1019 2007 1101 Quod
2031 1019 2186 1104 Capitoni

1208 1103 1369 1191 seripsisti
1386 1041 1534 1171 modbad
1553 1127 1689 1173 manum
1699 1127 1767 1171 non
1787 1106 1859 1171 fuit
1895 1105 1981 1172 Vale
1991 1105 2027 1171 in
2038 1105 2184 1174 Christo.

1208 1193 1289 1276 Arg.
1312 1192 1371 1274 viij
1393 1190 1481 1257 Iulii.
1496 1190 1522 1276 ¹)

1814 1278 1861 1344 M.
1883 1277 2034 1344 Buoerus
2056 1284 2141 1344 tuus

1664 1890 1727 1958 IX.

1313 2065 1566 2150 Ambrosius
1597 2065 1832 2149 Blaurerus
1864 2063 2083 2151 Buoero.²)

1525 2264 1617 2348 (Sine
1637 2266 1864 2350 temptione.)

1288 2471 1395 2549 Nosti,
1418 2470 1761 2551 oharissimeBuoere‚
1778 2470 1960 2536 ouiusmodi
1984 2472 2187 2539 virulentum

1201 2556 1351 2623 libellum
1392 2556 1544 2639 expuerit
1582 2557 1755 2640 Hispanus
1794 2555 1926 2639 quidam
1962 2558 2107 2625 Miohael
2147 2560 2189 2624 de

1201 2642 1374 2708 Trinitatis
1403 2639 1583 2720 erroribus,
1616 2640 1699 2726 quod
1734 2662 1809 2707 oum
1844 2640 1976 2707 audiam
1996 2692 2143 2709 ......
2157 2647 2186 2727 8)

1200 2729 1341 2813 probari,
1360 2734 1490 2792 tuarum
1509 2726 1653 2811 partium
1671 2727 1736 2791 erit
1752 2726 1849 2804 huno,
1871 2729 2023 2795 omnibus
2042 2731 2187 2808 tentatis,

1200 2816 1236 2878 in
1257 2815 1347 2878 viam
1370 2833 1534 2893 revooara,
1563 2834 1606 2877 ne
1628 2813 1761 2896 longius
1785 2813 1932 2895 rapiatur
1955 2813 2092 2881 iudaiois
2114 2816 2187 2882 istis

1199 2900 1428 2983 augementis,
1462 2898 1515 2964 vel
1544 2899 1634 2963 enim
1661 2898 1746 2963 nihil
1775 2918 1835 2981 ego
1863 2901 1954 2981 sapio
1976 2901 2030 2965 vel
2054 2901 2188 2984 sorIpsit

1199 2984 1320 3050 nebulo
1351 2984 1414 3048 iste
1449 2983 1733 3067 pestilentissimae
1765 2984 1802 3048 in
1828 2983 2003 3051 Christum
2036 2996 2186 3052 nostrum

1199 3069 1433 3154 blasphemias:
1453 3078 1551 3153 atque
1569 3069 1623 3135 bio
1636 3077 1729 3134 tuum
1740 3069 1899 3135 iudicium
1911 3069 2027 3136 avidus
2039 3079 2186 3155 expeoto‚

1198 3156 1286 3239 quod
1306 3162 1346 3220 ut
1366 3154 1408 3220 ad
1429 3175 1483 3220 me
1513 3154 1695 3238 perscribas
1719 3162 1753 3218 to
1776 3154 1989 3221 vehementer
2012 3158 2110 3223 etiam
2134 3166 2184 3221 at·

1197 3262 1260 3324 que
1288 3242 1410 3305 iterum
1440 3239 1574 3306 obseoro
1600 3249 1635 3305 et
1663 3241 1816 3306 obtestor.
1886 3241 2041 3307 Glisount
2076 3242 2184 3309 adhue

1198 3326 1303 3392 multa
1320 3325 1355 3390 id
1373 3345 1477 3409 genus
1495 3323 1649 3409 dogmata
1666 3324 1753 3409 apud
1771 3326 1998 3476 anabaJitistas
2015 3328 2184 3410 quosdam,

1197 3418 1236 3477 ιιι
1268 3411 1322 3476 hio
1354 3411 1455 3476 etiam
1476 3410 1746 3476 nocentissimum
1779 3411 1867 3476 offen
1891 3414 1973 3477 erim
2009 3413 2107 3478 huius
2136 3415 2184 3478 rei

1198 3496 1420 3564 seminarium.
1443 3497 1565 3562 Aotum
1577 3496 1641 3561 erit
1661 3498 1795 3561 omnino
1818 3496 1858 3562 de
1880 3497 2035 3563 eoolesiae
2057 3498 2184 3564 unitate

1198 3582 1264 3648 nisi
1286 3583 1339 3648 hio
1358 3602 1487 3647 summo
1509 3579 1617 3646 studio
1640 3581 1868 3666 advigilemus,
1897 3605 1939 3648 ne
1961 3583 2067 3651 ouivis
2088 3585 2183 3667 quid·

1197 3668 1250 3736 vis
1281 3669 1316 3732 in
1350 3667 1469 3751 vulgus
1502 3688 1658 3751 spargere
1690 3667 1789 3741 lioest
1821 3688 1905 3734 nevo
1937 3689 2090 3752 sparsum
2117 3671 2184 3735 iam

1199 3753 1321 3819 diutius
1343 3752 1523 3818 inhaereat.
1543 3788 1586 3797 -
1605 3789 1643 3799 -
1663 3792 1706 3801 -

1241 3841 1336 3906 Bene
1357 3837 1440 3904 vale.
1485 3837 1682 3923 Ilsslingiaoi
1705 3841 1746 3903 23
1765 3838 1960 3905 Decembris
1983 3844 2034 3905 31.

1881 3925 2079 3994 Ambrosius
2101 3928 2138 3991 Τ.

176 4693 263 4775 gavi.
308 4691 533 4757 Nihilominus
555 4703 666 4758 tamen
689 4704 801 4779 tropus
823 4704 874 4762 est
894 4698 930 4763 in
950 4697 1061 4764 verbis
1079 4697 1149 4762 Do-
1272 4741 1301 4807 1)
1321 4742 1427 4796 Mm
1438 4741 1517 4798 om
1537 4741 1658 4798 Eum,-
1679 4744 1711 4796 ,·„
1728 4744 1854 4813 mim
1871 4743 2006 4800 ,am-pp
2029 4760 2096 4799 m,
2114 4743 2184 4799 1532

175 4777 274 4858 mini,
305 4778 382 4861 quia
409 4778 484 4862 plur
513 4778 708 4862 intelligitur
734 4802 833 4863 quam
863 4783 991 4849 dieitur.

170 4863 359 4928 ostenditur
381 4871 414 4928 et
434 4864 612 4945 praebetur
639 4866 788 4932 sensibus
809 4876 843 4932 et
864 4868 964 4934 simul
984 4869 1060 4934 fidei
1093 4889 1150 4934 ox-

178 5221 198 5274 ι.
218 5221 233 5274 ι.
250 5237 277 5291 ρ.
296 5220 348 5275 ars
366 5238 387 5276 ι.

1047 4783 1150 4849 Panis
1203 4818 1227 4867 ι)
1246 4810 1315 4867 1533

1272 4878 1303 4946 2)
1324 4879 1372 4933 Es
1398 4878 1467 4933 Mes.
1484 4877 1568 4932 Arob.
1589 4877 1724 4934 Semina.
1743 4879 1819 4935 Prot.
1838 4880 1984 4951 Argestes.
2016 4880 2124 4936 Lottrss
2142 4881 2185 4935 di·

1204 4963 1294 5004 oerses
1314 4947 1392 5001 XVI
1407 4946 1486 5002 sacta
1509 4946 1582 5001 Tom.
1601 4946 1636 5000 A.
2211 5003 2219 5021 ,

1275 5016 1306 5082 3)
1325 5016 1381 5070 His
1392 5015 1447 5070 duo
1458 5016 1499 5069 ool
1516 5016 1573 5070 tria
1584 5017 1668 5071 verbo
1680 5016 1800 5083 sortasse
1811 5033 1897 5071 mona
1914 5018 2005 5086 ipsius
2013 5017 2134 5072 Huberts'
2144 5019 2186 5072 sio

1207 5087 1293 5141 deleto
1312 5090 1393 5154 atque
1410 5084 1555 5138 obliterato
1577 5089 1609 5138 ιιι
1625 5087 1737 5139 omniuo
1754 5087 1807 5154 lepi
1823 5102 1879 5141 non
1916 5088 2012 5141 uariat.
2051 5087 2185 5142 Fortasse

249 5153 278 5219 1)
298 5152 347 5206 Ειι
372 5153 441 5208 Mra.
462 5155 543 5210 Arob.
563 5153 631 5209 Sem.
653 5155 728 5210 Prot.
749 5154 863 5225 Arpeat.
876 5186 909 5196 -
925 5157 1009 5227 lmpr.
1031 5159 1154 5215 Robriob
1208 5159 1263 5210 leto
1281 5153 1367 5207 deletu
1390 5153 1473 5208 verbo
1496 5153 1648 5208 insudant
1670 5154 1817 5209 aonntdlos
1833 5103 1972 5224 raeobpos
1990 5155 2093 5210 aliosve
2109 5157 2187 5211 viros

1209 5224 1303 5280 doctos
1319 5235 1435 5290 weram
1450 5221 1555 5288 famam
1572 5222 1617 5276 bie
1632 5223 1722 5278 serbis
1739 5223 1889 5280 doloosrori
1903 5224 2019 5280 wlebot.
