4800 5902
643 150 645 154 ,
693 97 876 181 ruccas
898 114 963 181 nn
985 84 1178 182 sensae.

20 313 84 377 etr'cr
104 311 123 374 l.
146 330 170 374 e.
216 308 367 372 L’catear
393 305 431 370 de
459 309 530 368 cette
552 302 641 385 piace
667 306 713 366 est
743 301 911 384 Myconius
1022 300 1086 368 tias
1108 310 1223 384 agant:
1246 300 1431 383 potuissent
1452 300 1565 366 iinon
1587 300 1684 365 trahi.
1725 300 1818 364 Dum
1839 299 1947 383 igitur

1 419 60 463 ιοιι
76 394 234 462 reconnait
251 392 284 457 lc
301 392 389 455 ιιιαιιι
405 391 486 455 dans
504 388 719 470 Iexempkairc
740 387 818 452 dela
838 387 910 450 Vera
989 386 996 401 “
1025 387 1148 470 gratias
1176 394 1295 470 agunt,
1324 384 1410 468 quod
1438 386 1535 449 tracti
1563 393 1642 451 aunt
1668 386 1858 462 efficaciter,
1887 383 1947 448 alii

160 478 356 561 Cempapaie.
381 477 420 522 '-
444 474 536 557 Faey
551 495 586 555 p.
613 475 701 571 45.)-
963 472 1118 538 videntur
1139 470 1259 536 habere
1280 470 1367 553 quod
1389 471 1603 553 querulantur
1623 479 1739 538 contra
1748 470 1946 548 Dominum,

963 556 1050 641 quod
1077 578 1145 623 non
1174 557 1243 621 sint
1272 556 1369 621 tracti
1396 577 1471 622 cum
1499 558 1619 623 effectu
1640 557 1750 622 bono'
1778 556 1845 622 Hic
1862 574 1947 621 vero

1 672 22 734 is
48 664 332 733 excellentissimis
360 684 398 727 ac
427 661 624 727 doctissimis
651 661 757 726 servis
785 658 912 726 Christi
964 643 1117 708 dissifflfflss
1150 650 1241 725 Ρῦῖθι
1268 641 1416 725 quidem,
1449 642 1537 726 quod
1569 644 1622 722 fit,
1655 664 1714 742 ⁰111.
1744 648 1856 708 8qu
1882 640 1947 705 fisst

8 754 140 822 evensis
174 750 329 816 ecclesiae
358 747 543 830 pastoribus
572 746 729 811 fratribus
762 753 795 811 et
821 767 911 830 sym·
963 728 1512 828 ⁰0013st8fflh2b0t0³¹1⁸³m<l1121ffl
1533 727 1851 795 ⁸⁰l¹1⁸1¹⁰V¹tD⁰¹1⁸·
1874 726 1948 792 Νθθ
2030 830 2043 835 ἡ

85 837 202 922 mystis
230 837 265 899 in
287 834 431 899 Domino
455 831 654 897 venerandis
676 832 754 898 suis,
963 815 1058 880 nolus
1090 813 1328 898 perscrutanda
1359 819 1418 879 est.
1469 813 1559 878 Illud
1597 834 1674 879 vero
1707 820 1850 880 constat:
1889 832 1947 877 eos

963 920 1135 966 recusasse
1162 899 1300 963 verbam
1324 897 1607 981 depraedicatam,
1638 919 1676 964 eo
1704 897 1791 982 quod
1812 905 1947 964 contra-

17 990 52 1057 Β.
65 990 262 1073 Accepimus
273 988 386 1053 literas
397 986 610 1069 magistratus
623 985 735 1061 vestri,
749 984 772 1064 ¹)
790 984 911 1048 fratres
962 986 1051 1050 rium
1071 993 1144 1050 erat
1164 987 1312 1067 ipsorum
1334 983 1461 1049 studiis.
1505 984 1660 1068 Reliqua,
1683 1004 1767 1068 quae
1789 981 1947 1051 ridentur

0 1078 132 1142 romine
155 1073 350 1152 venerandi,
378 1072 520 1155 legimus
542 1079 575 1136 et
596 1070 829 1154 expendimus,
851 1089 911 1151 pro
964 1071 1018 1136 hie
1041 1092 1111 1136 esse
1134 1072 1170 1134 in
1192 1070 1306 1147 dubio,
1334 1069 1480 1134 Domino
1501 1070 1575 1135 Deo
1596 1071 1841 1220 permittimus,
1870 1076 1905 1133 et
1926 1087 1947 1132 a

0 1184 87 1239 pons
105 1161 233 1226 ratione
252 1159 340 1224 satis.
370 1156 544 1222 Doluimus
562 1165 681 1235 autem,
705 1155 792 1239 quod
804 1153 911 1220 Satan
963 1156 1057 1221 nobis
1079 1155 1187 1221 sobrie
1206 1155 1418 1237 inquirenda:
1440 1155 1519 1221 etsi
1538 1157 1594 1239 qui
1634 1164 1723 1221 recte
1740 1155 1948 1224 voluerimus

1 1247 139 1314 eclesias
161 1246 233 1329 pias
261 1244 385 1308 anania
412 1241 549 1308 subinde
572 1243 698 1326 spargit
718 1238 910 1318 indefessus,
964 1241 1005 1306 ad
1027 1243 1172 1325 quietem
1194 1250 1341 1309 nostram
1363 1262 1474 1319 nosse,
1505 1240 1620 1307 decere
1647 1251 1685 1306 ut
1713 1262 1781 1306 non
1808 1262 1829 1305 a
1849 1259 1947 1323 prae-

10 1331 192 1399 ιιιοιιιιιιιι
220 1337 326 1395 tentat
352 1329 546 1411 perturbare
579 1349 699 1411 magne
726 1347 803 1393 cum
823 1326 910 1409 peri-
964 1325 1191 1407 scientiaDei,
1211 1347 1271 1392 neo
1290 1348 1310 1392 a
1327 1325 1627 1408 praedestinatione
1644 1333 1678 1391 et
1694 1325 1863 1402 electione,
1881 1323 1947 1390 nisi

26 1418 150 1502 gloriae
171 1416 253 1480 Dei:
277 1437 339 1480 nec
365 1435 433 1479 non
462 1424 496 1478 et
520 1414 594 1477 aliis
622 1412 768 1479 eeclesiis
796 1419 911 1487 notam
963 1423 1061 1496 prout
1082 1433 1164 1494 opus
1187 1422 1253 1492 est,
1281 1411 1558 1495 quemadmodum
1582 1413 1696 1496 paucis
1718 1411 1946 1489 indicavimus,

1 1526 62 1568 ,ιι
86 1502 180 1568 valde
202 1521 277 1565 cum
298 1500 428 1564 iuiuria.
472 1499 625 1564 Iudicate
648 1497 779 1564 videtur
796 1519 835 1561 ea
857 1517 911 1561 res
963 1499 1021 1564 sed
1053 1520 1073 1562 a
1105 1496 1169 1562 fide
1197 1498 1406 1580 incipiamus,
1446 1499 1641 1580 praesertim
1680 1496 1759 1562 dum
1792 1496 1948 1562 docemus

0 1590 139 1653 niorutn
157 1589 204 1653 sie
227 1587 396 1670 agentium
413 1594 596 1650 extremam
613 1586 821 1667 pravitatem.
844 1583 911 1647 Hie
963 1583 1137 1666 simplices,
1159 1605 1237 1648 nam
1261 1583 1322 1648 hoe
1340 1581 1436 1647 modo
1458 1604 1500 1647 ne
1513 1586 1536 1664 ¹)
1559 1583 1749 1666 implicatur
1771 1581 1947 1646 dubitatio·

5 1696 23 1738 r
45 1675 147 1739 suasit
168 1674 287 1754 itaque,
310 1679 348 1734 ιιι
368 1673 480 1754 paucis
503 1669 544 1735 ad
566 1670 640 1735 illas
648 1672 678 1753 ²)
696 1666 911 1752 respondere·
965 1668 1071 1746 uibus,
1094 1689 1115 1732 a
1136 1670 1255 1752 quibus
1276 1676 1388 1750 posset
1410 1668 1534 1733 seduci:
1559 1667 1616 1734 sed
1634 1669 1787 1750 precibus
1805 1688 1863 1750 pro
1881 1666 1948 1731 fide

0 1807 20 1825 ι.
53 1759 201 1842 pluribus
223 1759 313 1821 euim
340 1776 410 1820 non
437 1778 519 1839 opas
545 1757 655 1821 visum
677 1762 740 1831 est,
773 1776 815 1819 ue
837 1774 911 1818 ver·
965 1755 1163 1838 acquirenda
1192 1755 1396 1837 inuititur,²)
1429 1763 1463 1818 et
1496 1774 1534 1819 ca
1566 1753 1698 1837 quidem
1731 1753 1856 1819 efficaci
1888 1773 1949 1835 per

0 1867 46 1909 ·m
87 1844 258 1908 nimietate
298 1841 387 1926 apud
426 1843 554 1926 aliquos
597 1862 659 1906 nos
698 1838 911 1905 redderemus
965 1860 1073 1923 opera.
1117 1839 1247 1907 Videtis
1275 1859 1354 1923 ergo
1381 1839 1624 1921 simplicitatem
1650 1846 1798 1905 nostram
1827 1839 1862 1902 in
1884 1838 1949 1904 hac

0 1938 106 1996 ιιιιοι.
965 1926 1166 2009 quaestione,
1190 1946 1256 2008 qua
1276 1925 1381 1990 maior
1403 1947 1474 1990 esse
1495 1926 1531 1990 iu
1552 1925 1712 2009 religione
1731 1923 1821 1988 haud
1837 1929 1950 2007 potest

16 2015 243 2100 Hieronymus
265 2012 320 2076 ille
343 2012 438 2078 uobis
455 2020 506 2078 est
521 2013 663 2095 ignotus,
684 2018 718 2075 et
734 2031 796 2075 nos
814 2009 913 2074 nimi·
966 2019 1000 2077 et
1026 2012 1133 2095 magis
1157 2012 1319 2079 intricata.
1364 2011 1534 2094 Rogamus
1562 2011 1674 2094 itaque
1697 2010 1883 2075 Dominum
1910 2016 1950 2072 ιιι

26 2102 89 2185 ipsi
110 2101 215 2184 ignoti
232 2120 355 2163 sumus.
378 2099 534 2164 Persuasi
555 2099 658 2181 igitur
680 2105 714 2161 et
731 2094 914 2162 doctrinam
965 2099 1002 2162 in
1024 2096 1140 2162 eadem
1167 2096 1377 2179 simplicitate
1403 2116 1465 2161 nos
1487 2098 1630 2161 retineat
1654 2098 1691 2160 in
1712 2097 1812 2160 finem
1833 2115 1948 2177 usque.

5 2209 78 2252 ram
100 2207 167 2250 non
189 2186 296 2268 magis
313 2191 435 2248 notam.
457 2183 613 2266 Improbe
635 2202 713 2265 ergo
734 2203 795 2247 nos
817 2188 914 2247 vocat
965 2183 1101 2248 Interea
1122 2190 1234 2247 tamen
1255 2182 1408 2247 uolumus
1425 2183 1627 2264 pertinaciae
1643 2181 1804 2247 accusari:
1828 2180 1950 2262 siquis

13 2273 191 2337 ιιιιοιιιιιιιι
212 2269 332 2334 erroris
355 2271 405 2335 sui
428 2291 467 2334 ac
488 2268 698 2334 mendaciter.
739 2267 914 2332 Edidimus
966 2290 1009 2334 ex
1030 2269 1132 2333 verbo
1160 2288 1222 2332 nos
1243 2267 1375 2333 erudire
1404 2269 1525 2351 poterit
1546 2268 1680 2346 melius,
1709 2266 1825 2349 procul
1847 2264 1950 2330 dubio

21 2357 100 2421 olim
123 2357 360 2421 confessionem
382 2354 458 2419 fidei
476 2361 622 2419 nostrae:
646 2360 679 2418 et
697 2373 736 2418 ιι
752 2352 914 2418 hacteuus
966 2354 1273 2437 obtemperabimus,
1297 2353 1480 2436 etquidem
1501 2354 1654 2438 prompti.

16 2441 194 2524 inculpata.
1054 2438 1111 2506 Sic
1133 2460 1330 2524 responsum
1350 2439 1504 2507 volumus
1531 2437 1574 2504 ad
1599 2440 1728 2517 literas,
1756 2457 1840 2520 quae
1867 2437 1950 2504 satis

18 2525 113 2593 Sicut
133 2527 236 2611 igitur
263 2526 298 2589 in
319 2525 378 2589 illa
407 2524 720 2590 omuiatraetamus
741 2522 914 2604 simplicis·
966 2525 1086 2608 planae
1108 2532 1195 2592 suut.
1231 2525 1284 2590 Ad
1307 2524 1562 2609 disputationem
1584 2545 1684 2607 qnam
1704 2521 1841 2589 misistis
1863 2521 1951 2588 nihil

3 2635 30 2677 ·:
62 2613 109 2675 ita
141 2618 175 2676 ιι
208 2609 247 2676 de
276 2611 449 2690 electione,
484 2609 540 2674 ubi
568 2610 658 2676 locus
686 2615 751 2687 est,
786 2609 914 2691 agimus
966 2610 1154 2690 reddimus,
1177 2611 1241 2676 uisi
1264 2609 1306 2676 ad
1327 2633 1367 2677 ea
1388 2631 1471 2693 quae
1493 2618 1527 2676 et
1548 2611 1584 2674 in
1606 2610 1713 2676 literis
1734 2606 1950 2676 offendimus:

0 2696 124 2762 odore.
155 2698 255 2762 Libet
275 2718 314 2761 ea
334 2696 374 2760 de
396 2718 432 2761 re
452 2696 507 2761 vel
528 2696 628 2761 verbo
651 2694 758 2760 dicere
780 2701 914 2759 senten·
967 2696 1122 2762 videntur
1144 2699 1232 2762 enim
1250 2697 1332 2762 haec
1352 2696 1449 2781 louge
1471 2696 1714 2780 explanatiora,
1742 2715 1842 2778 quam
1864 2714 1951 2777 quae

0 2813 5 2842 ι
47 2790 203 2848 nostram.
252 2783 366 2866 Elegit
393 2781 487 2847 Deus
519 2803 579 2846 uos
610 2781 646 2845 iu
675 2779 809 2845 Christo
838 2779 914 2845 Iesu
966 2783 1003 2847 in
1024 2782 1199 2851 collatione
1221 2780 1390 2848 dicuntur:
1417 2782 1472 2848 hic
1494 2783 1582 2847 euim
1604 2781 1800 2848 nouaclum
1820 2780 1951 2865 sophis·

0 2896 8 2925 ··
32 2869 298 2935 constitutionem
317 2867 448 2933 mundi:
471 2866 576 2949 Ephe.
600 2871 626 2932 l.
655 2866 762 2931 Mittit
778 2867 916 2932 verbum
968 2876 1036 2932 tam
1059 2870 1129 2952 agit
1150 2868 1377 2952 Hieronymus
1399 2867 1468 2947 ille,
1499 2867 1557 2934 sed
1580 2876 1613 2932 et
1633 2868 1798 2933 haeresim
1819 2866 1856 2931 in
1878 2866 1952 2948 qni·

4 2954 113 3039 gelii,
141 2952 229 3036 quod
257 2960 308 3019 est
336 2953 376 3018 de
398 2952 532 3019 Christo
560 2952 627 3018 filio
650 2953 715 3017 Dei
741 2953 827 3019 viri:
860 2953 917 3035 qui
967 2951 1107 3020 busdam
1135 2973 1249 3037 sapere
1278 2952 1418 3018 videtur.
1463 2954 1627 3036 Exempla
1657 2952 1755 3018 libuit
1782 2952 1951 3017 adnotare

5 3040 108 3105 cfide
130 3041 247 3124 recipit
269 3047 436 3118 servatur,
459 3038 517 3123 qui
537 3060 605 3104 non
625 3038 744 3122 recipit
762 3038 917 3105 condem·
968 3038 1064 3104 Nihil
1084 3039 1126 3104 ad
1148 3060 1209 3104 nos
1231 3037 1317 3121 quod
1334 3039 1452 3106 Vallae
1474 3038 1599 3106 dictum
1620 3045 1761 3123 torquet,
1783 3039 1951 3104 nescimus

32 3175 40 3192 .
85 3126 188 3193 Mare.
212 3126 271 3190 ult.
296 3125 446 3190 Verbum
468 3124 552 3190 illud
573 3126 718 3190 mittitur
738 3147 798 3208 per
818 3146 917 3190 mun-
970 3147 1043 3210 quo.
1066 3125 1134 3192 Nos
1163 3127 1252 3191 enim
1273 3126 1346 3191 Deo
1374 3125 1654 3204 contribuimus,
1682 3125 1747 3191 nisi
1764 3123 1951 3189 misericor·

0 3243 4 3270 ι
40 3212 250 3279 universum:
292 3210 366 3277 vult
393 3212 483 3275 enim
504 3213 598 3277 Deus
625 3232 739 3277 omues
766 3210 917 3277 homiues
970 3211 1059 3276 diam
1091 3218 1125 3276 et
1155 3211 1338 3277 bonitatem
1369 3218 1403 3278 et
1432 3232 1517 3295 quae
1544 3211 1597 3276 his
1626 3211 1755 3277 similia
1799 3210 1952 3294 Ingenua

7 3319 43 3363 os
78 3298 165 3376 fieri,
206 3304 240 3362 et
277 3296 320 3361 ad
358 3298 562 3380 agnitionem
599 3298 749 3365 veritatis
787 3297 915 3363 venire:
969 3319 1048 3382 ergo
1069 3297 1208 3364 dicimus
1229 3297 1306 3383 eligi
1328 3320 1388 3365 nos
1409 3298 1444 3362 iu
1468 3296 1612 3376 Christo,
1635 3298 1722 3364 sicut
1743 3296 1870 3363 dietum
1892 3308 1951 3377 est,

1 3384 81 3447 imo.
100 3387 129 3447 2.
152 3382 346 3448 Communis
366 3384 527 3449 est'Deus
549 3385 711 3449 omnium:
734 3384 917 3450 communis
968 3383 1069 3449 fidem
1098 3384 1190 3467 sequi
1216 3383 1355 3451 verbum
1383 3383 1531 3449 auditum
1564 3393 1598 3449 et
1623 3391 1803 3468 receptum
1852 3383 1952 3449 Hane

8 3467 162 3533 Christus
183 3475 331 3535 servator
352 3469 510 3533 omnium.
969 3471 1025 3554 qui
1047 3470 1172 3535 habent
1194 3476 1227 3534 et
1248 3472 1393 3535 retinent
1419 3471 1454 3535 in
1483 3471 1583 3535 finem
1604 3490 1708 3553 usque
1736 3469 1844 3534 salvos
1867 3469 1951 3548 fieri,

22 3552 199 3617 Caeterum
215 3575 283 3619 uon
301 3576 414 3618 omnes
428 3553 575 3633 credunt,
594 3556 652 3637 qui
669 3553 817 3619 audiunt
840 3554 917 3618 Non
968 3556 1026 3638 qui
1056 3578 1125 3621 non
1152 3555 1277 3620 habent
1303 3555 1526 3621 condemnari.
1571 3557 1660 3621 Ante
1684 3554 1952 3622 constitutionem

0 3638 38 3700 ιιι
57 3658 169 3702 omues
190 3648 293 3721 pater.
321 3638 476 3704 Christus
497 3639 586 3703 enim
608 3641 655 3702 ιιι
675 3641 721 3703 Io.
747 3644 780 3703 6:
810 3640 916 3704 Nemo
968 3642 1058 3706 enim
1079 3641 1197 3705 muudi
1223 3642 1250 3704 ιι
1279 3641 1394 3707 electio
1423 3642 1510 3708 facta
1536 3647 1600 3721 est,
1640 3643 1688 3707 ita
1716 3641 1787 3706 fieri
1816 3658 1953 3706 necesse

0 3733 43 3787 ·st
71 3724 187 3787 venire
216 3724 258 3788 ad
285 3746 353 3801 me,
380 3725 444 3788 nisi
467 3733 562 3805 pater
584 3725 640 3807 qui
662 3725 753 3788 misit
774 3746 827 3789 me
849 3733 916 3788 tra·
970 3735 1029 3792 est
1075 3726 1222 3808 Quaerat
1247 3728 1352 3810 igitur
1377 3726 1477 3793 homo
1508 3727 1565 3792 ille
1593 3728 1674 3792 alios
1702 3728 1758 3811 qui
1785 3726 1953 3792 erroribus

8 3816 129 3872 teum:
153 3810 311 3891 seriptum
324 3816 374 3874 est
393 3810 483 3873 enim
499 3810 535 3872 in
550 3807 732 3892 prophetis:
755 3811 801 3874 Et
818 3817 918 3874 erunt
969 3814 1041 3878 eius
1067 3811 1332 3896 patrocinentur:
1367 3834 1428 3879 nos
1459 3833 1573 3878 sumus
1606 3814 1702 3878 aliter
1733 3812 1877 3878 instituti
1910 3831 1954 3877 ex

0 3915 49 3958 ιι
78 3893 165 3958 docti
193 3915 214 3958 a
235 3894 316 3958 Deo.
361 3893 453 3975 Quos
482 3896 584 3978 igitur
611 3895 729 3970 trahit,
763 3895 915 3962 eredunt:
969 3898 1071 3965 verbo
1092 3899 1166 3964 Dei.

0 4007 11 4037 ι
34 4000 102 4043 nou
125 3978 243 4057 trahit,
273 4000 340 4044 non
361 3979 515 4044 credunt:
549 3987 584 4044 et
610 3982 647 4044 iu
674 3980 726 4044 his
755 3988 833 4046 suut
860 3982 917 4064 qui
1055 3982 1250 4049 Adserimus
1272 3983 1375 4067 igitur
1396 4005 1456 4050 nos
1477 3984 1648 4050 iustificari
1665 3982 1740 4064 fide,
1762 4003 1827 4067 qna
1843 3983 1954 4048 media

0 4073 131 4142 untur,
160 4073 198 4129 ut
220 4065 378 4143 diximus,
408 4072 442 4129 et
463 4072 576 4130 tamen
604 4087 670 4130 non
693 4066 849 4146 credunt,
879 4088 917 4132 eo
969 4069 1144 4135 Christum
1172 4069 1311 4135 facimus
1340 4078 1490 4136 nostrum
1517 4092 1585 4136 una
1611 4071 1804 4136 cumomni
1831 4069 1952 4136 merito

2 4149 22 4213 d
44 4155 185 4213 tractum
208 4158 362 4216 renuunt.
390 4151 535 4216 Faciunt
556 4150 642 4234 quod
659 4151 815 4217 Christus
838 4152 917 4218 dicit
968 4155 1130 4238 passionis
1152 4155 1236 4234 eius,
1260 4164 1298 4219 ut
1319 4156 1474 4220 convenit
1496 4156 1608 4222 electis
1630 4157 1708 4221 Dei:
1737 4155 1838 4239 elegit
1860 4155 1953 4220 enim

13 4238 48 4297 3:
89 4235 181 4301 Haec
209 4246 260 4302 est
287 4235 530 4315 condemnatio,
561 4237 648 4319 quod
674 4237 734 4302 lux
761 4239 916 4303 venitin
968 4239 1527 4320 eosinChristo.Nonii1stificari,
1550 4243 1668 4325 quibus
1686 4261 1725 4307 ea
1741 4240 1824 4306 fides
1842 4240 1950 4306 deest:

2 4318 111 4399 udum,
145 4328 179 4385 et
211 4322 401 4387 dilexerunt
434 4322 583 4387 homines
618 4324 725 4407 magis
752 4325 914 4402 tenebras,
968 4326 1046 4409 quia
1063 4334 1097 4390 et
1119 4326 1233 4392 electio
1256 4324 1349 4391 deest
1365 4334 1399 4391 et
1416 4325 1548 4409 adoptio
1564 4328 1717 4406 filiorum,
1741 4334 1775 4392 et
1791 4324 1951 4409 quidquid

10 4434 27 4461 ιι
57 4405 174 4471 lucem.
209 4406 372 4492 Voluptas
394 4409 592 4492 inpeccatis
615 4409 731 4491 placet,
753 4411 916 4474 utritam
968 4411 1011 4476 ad
1030 4411 1267 4477 haereditatem
1288 4413 1383 4495 regui
1404 4414 1556 4494 pertinet

6 4498 90 4557 ·est
111 4493 294 4559 secundum
315 4495 424 4558 Deum
447 4495 544 4578 plane
565 4501 788 4560 contemnant.
818 4495 916 4561 'Pales
1054 4497 1195 4562 Habetis
1226 4496 1345 4579 igitur,
1379 4518 1463 4579 quae
1490 4498 1569 4563 dare
1601 4496 1727 4580 placuit
1760 4496 1802 4562 ad
1834 4497 1951 4564 literas

5 4598 46 4641 ue
68 4575 145 4642 dum
164 4577 434 4658 condemnantur,
458 4600 556 4646 causa
572 4587 651 4646 sunt
668 4581 820 4663 propriae
838 4602 915 4646 con·
968 4588 1106 4646 vestras.
1157 4581 1370 4647 Arbitramur
1403 4591 1515 4649 autem
1547 4583 1632 4647 nihil
1664 4603 1735 4649 esse
1767 4583 1854 4665 quod
1888 4604 1952 4650 vos

0 4663 167 4729 rationis:
195 4666 282 4731 sicut
302 4665 361 4749 qui
383 4673 557 4733 servantur
579 4664 704 4731 habeut
725 4686 784 4731 cur
806 4672 840 4731 et
861 4668 915 4731 cui
968 4667 1071 4750 possit
1093 4665 1273 4732 offendere:
1297 4677 1356 4732 aut
1377 4668 1466 4751 quod
1482 4690 1551 4734 non
1569 4669 1613 4734 sit
1631 4668 1838 4735 catholicum
1861 4669 1952 4735 Beni

1038 4885 1067 4950 1)
1085 4903 1137 4941 uec
1160 4888 1189 4942 V.
1211 4886 1240 4940 0.
1260 4886 1359 4942 Simler
1375 4889 1498 4945 coniicit:
1516 4906 1579 4944 nou

4 4950 34 5016 1)
52 4953 146 5008 literas
164 4960 271 5009 vestras
287 4954 320 5008 V.
339 4954 368 5008 C.
404 4955 435 5009 B.
453 4955 480 5010 S.
1039 4954 1066 5023 2)
1086 4954 1133 5010 sie
1154 4955 1296 5023 legendam
1324 4973 1385 5011 ιιιιιι
1407 4958 1441 5012 V.
1463 4958 1493 5013 O.
1518 4962 1545 5012 et
1566 4958 1601 5012 al.
1637 4958 1792 5026 anapia
1816 4959 1848 5012 ιἰι
1872 4958 1953 5014 Actis

2 5018 34 5086 2)
52 5020 112 5076 illas
129 5028 235 5077 vestras
252 5021 343 5077 ιἰιιιιιι.
969 5029 1138 5079 mmmm
1155 5025 1234 5081 babet
1249 5025 1357 5080 inicitur
1372 5041 1406 5080 ea
1424 5042 1478 5096 qao
1496 5025 1577 5096 Fcry
1591 5027 1659 5096 feeit
1674 5027 1802 5082 initietur.
