4762 5918
160 351 202 421 oo
346 335 348 341 '
415 342 446 396 f
764 411 766 415 ,
980 345 1045 411 ΒΕ
1067 344 1343 415 SOANDAMS.
2131 354 2173 418 ce

156 537 315 619 loquutus
344 552 434 612 sum,
469 543 506 598 ut
539 534 644 617 aperti
673 538 752 599 sunt
779 554 817 599 ao
844 535 984 617 professi
1014 535 1134 615 hostes,
1189 535 1329 601 divitum
1347 536 1470 620 patinis
1480 541 1634 603 ventrem
1652 539 1835 618 resarciant,
1849 541 1873 621 ¹)
1892 561 2005 605 eorum
2023 542 2171 608 favorem

158 619 369 705 evangelium
390 620 425 683 in
443 619 511 684 suis
532 618 693 684 ministris
711 620 798 703 apud
816 619 945 703 plebem
963 620 1135 699 infamant,
1189 621 1363 686 calumniis
1392 631 1606 705 aucupantur.
1656 624 1772 706 Neque
1800 625 1890 689 enim
1916 625 1979 691 hoo
2006 625 2170 693 oecidtum

157 709 194 773 hi
216 713 331 770 autem
351 704 391 770 de
413 704 531 787 quibus
554 705 661 770 dicere
682 706 819 784 institui,
843 705 891 770 ite
911 726 947 773 se
968 706 1138 772 insinuant
1190 713 1255 784 ost,
1290 707 1411 772 multos
1440 708 1583 773 inveniri
1608 710 1665 792 qui
1693 709 1902 794 evangelium
1932 711 2077 794 quietum
2107 713 2170 778 sibi

158 791 326 875 evangelii
353 790 503 869 nomine,
537 798 575 854 ut
602 790 742 874 obliquis
775 799 887 856 tamen
913 792 1137 857 murmuribus
1191 800 1364 875 cuperent,
1394 800 1493 875 etque
1523 792 1564 858 ab
1585 794 1675 858 omni
1704 793 1854 860 molestia
1876 816 2032 861 vacuum:
2066 817 2170 879 quum

160 879 307 945 alienent
338 896 548 959 quoscunque
574 883 712 959 possunt
739 898 759 941 a
785 876 928 942 Christo.
979 877 1026 942 Hi
1059 896 1138 941 vero
1191 897 1249 943 eos
1276 878 1373 943 fateri
1401 877 1524 961 pudeat
1553 879 1639 962 quod
1666 899 1783 945 verum
1811 887 1878 960 est,
1910 883 2016 947 crucis
2043 890 2170 946 metum

157 965 281 1049 partim
302 969 380 1027 sunt
400 962 541 1028 famelici
562 983 711 1040 errones,
740 963 873 1045 quibus,
904 963 967 1028 nisi
988 970 1139 1027 ventrem
1192 961 1332 1042 obstare,
1350 963 1526 1047 quominus
1538 963 1738 1032 christianae
1749 966 1940 1048 professioni
1953 966 2165 1032 satisfaciant.

158 1050 294 1126 fsroias,
317 1047 563 1114 calumniarum
593 1047 750 1131 plaustris
772 1056 805 1113 te
832 1049 985 1113 obruent:
1019 1048 1139 1130 partim
1192 1046 1231 1114 Si
1249 1069 1314 1131 qua
1333 1050 1399 1114 sint
1415 1050 1450 1113 in
1463 1048 1589 1114 christi
1610 1049 1754 1116 ecclesiis
1772 1051 1861 1131 vitia,
1884 1052 2044 1117 sciscitari
2061 1060 2171 1132 avent,

54 1138 71 1216 J
159 1132 527 1218 usquamst-scelerati
549 1130 709 1211 homines,
733 1134 871 1217 quisue
888 1134 987 1216 culpa
1004 1154 1025 1197 a
1045 1134 1140 1198 nobis
1192 1144 1241 1197 ne·
1263 1133 1437 1199 videantur
1464 1136 1536 1199 sine
1563 1155 1663 1201 causa
1696 1135 1774 1202 nido
1802 1157 1860 1201 suo
1889 1138 1988 1202 affixi.
2022 1136 2171 1220 ,Nempe

92 1256 119 1282 ‚t
160 1220 304 1295 dimissi,
321 1218 394 1284 rel·
408 1218 510 1286 etiam
525 1218 571 1283 ‘ob
593 1217 753 1283 maleficia
775 1217 1045 1300 abdicatieliquo
1066 1239 1140 1283 mu·
1190 1219 1356 1302 inquiunt,
1381 1220 1410 1285 si
1437 1221 1473 1284 in
1500 1218 1595 1285 nobis
1623 1220 1876 1302 reprehenditur
1901 1221 2105 1288 idololatriae
2128 1224 2172 1287 si·

19 1325 21 1330 ·
54 1372 55 1375 ,
154 1305 369 1391 *neraalibi
395 1319 518 1369 norum
535 1302 683 1391 'pastum
712 1304 914 1389 quaeritant}
950 1324 1139 1394 quanquam
1192 1305 1344 1382 mulatio,
1380 1301 1613 1388 alibiquoque
1643 1305 1782 1373 dirersis
1822 1307 1930 1376 modis
1957 1308 2172 1375 nihilominus
2216 1318 2219 1321 “
2273 1346 2277 1353 ·
2309 1394 2314 1401 ι

63 1407 67 1415 ’
152 1392 308 1475 utrisque
329 1410 424 1471 mens
454 1388 623 1473 et'lingua
652 1389 689 1453 in
710 1391 827 1454 v'entrc
850 1396 908 1454 est
937 1385 1022 1473 ¹Alii
1042 1387 1139 1472 paulo
1192 1400 1352 1478 peccetur.
1387 1382 1433 1457 Et
1455 1389 1563 1457 adhuc
1584 1398 1794 1473 praetextum
1812 1414 1860 1456 ex·
1875 1392 2054 1466 mendaciis
2074 1413 2173 1474 quae-

18 1466 43 1529 ·*T
145 1476 327 1555 'lautiores
341 1476 367 1558 ¹)
385 1481 427 1540 ut
437 1476 570 1557 quinon
583 1476 631 1538 ita
643 1470 730 1539 fame
742 1479 918 1559 urgentur:
942 1475 1140 1557 quiatemen
1170 1480 1286 1552 'runt,
1314 1496 1397 1557 quae
1410 1478 1494 1554 [pag.
1515 1479 1569 1553 eo]
1599 1488 1726 1542 certum
1747 1485 1797 1543 est
1825 1478 1860 1541 in
1889 1498 2002 1543 eorum
2031 1477 2187 1559 gratiam

123 1574 127 1581 ’
159 1581 293 1635 crucem
313 1561 467 1645 fugitent,
488 1570 526 1643 ut
546 1566 756 1659 praetextum
780 1561 923 1626 habeant
945 1581 1024 1624 suae
1045 1560 1140 1644 ignee
1193 1560 1235 1625 ab
1263 1560 1424 1639 eiusmodi
1450 1561 1668 1628 nebulonibus
1676 1562 1705 1644 ²)
1735 1564 1875 1629 conficta
1896 1584 1976 1630 esse.
2021 1562 2098 1627 Duo
2120 1563 2175 1629 vel

158 1649 245 1726 viae,
267 1654 387 1730 puram
408 1645 572 1730 euangehi
591 1646 826 1727 professionem
838 1654 979 1711 onerant
990 1646 1140 1712 ¹confictis
1189 1645 1258 1728 tria
1280 1645 1431 1729 exempla
1452 1645 1599 1710 breviter
1620 1648 1742 1712 referre
1760 1648 1853 1715 libet:
1876 1669 1919 1725 ne
1941 1647 2013 1731 quis
2035 1648 2173 1731 posthae
2224 1686 2229 1690 ·

137 1728 182 1798 'a
203 1754 239 1798 se
260 1731 386 1818 fabulis.
406 1760 407 1765 ¹
431 1730 513 1795 Dixi
539 1732 605 1795 iam
634 1732 733 1815 paulo
755 1739 848 1810 ante,
877 1732 1046 1814 ingentem
1068 1751 1140 1795 esse
1193 1732 1257 1795 nisi
1281 1732 1387 1796 sciens
1409 1753 1447 1796 ac
1475 1732 1589 1796 volens
1616 1733 1757 1797 fallatur.
1802 1734 1888 1797 Erat
1909 1733 2079 1799 Cortesius
2102 1734 2175 1817 qui·

159 1816 519 1895 fucorum-numerum,
542 1818 598 1899 qui
616 1816 749 1880 furandi
770 1815 824 1881 vel
845 1814 1020 1882 fraudandi
1043 1835 1141 1880 cause
1193 1815 1270 1880 dam
1291 1817 1326 1880 in
1350 1818 1504 1882 comitatu
1527 1817 1874 1902 Monsbergardensiss)
1897 1819 1990 1886 verbi
2012 1819 2172 1884 minister.
2213 1840 2214 1843 ¹

160 1903 363 1986 oberrant-st)
398 1902 495 1967 Tales
518 1922 595 1986 crgo
617 1902 684 1966 iam
701 1902 769 1967 suis
787 1902 976 1984 imposturis
994 1903 1041 1965 ita
1059 1901 1138 1979 noti,
1192 1900 1291 1967 Illinc
1313 1902 1470 1985 expulsus
1483 1901 1693 1969 >Neooomum
1714 1906 1888 1970 concessit:
1912 1904 1968 1969 ubi
1990 1925 2093 1987 quum
2115 1925 2173 1987 spe

160 1999 200 2054 ut
219 1986 351 2053 fallendi
368 1987 477 2052 locum
494 1987 635 2070 amplius
652 1988 688 2051 in
707 1987 990 2067 ecelesiisOhristi
1009 1985 1139 2051 nullum
1193 2008 1254 2052 sua
1280 1987 1431 2071 frigidius
1460 1996 1617 2072 exceptus
1651 1990 1750 2066 foret,
1786 2010 1850 2072 quo
1880 2010 1916 2054 so
1949 1991 2174 2069 ulcisceretur,

161 2074 342 2152 inveniant,
365 2074 428 2138 alio
451 2071 605 2156 digressi,
634 2072 763 2156 quidvis
792 2072 1001 2156 impudenter
1022 2073 1057 2135 in
1081 2093 1139 2137 nos
1192 2072 1399 2156 quorundam
1421 2073 1472 2137 sui
1488 2074 1649 2138 similium
1672 2095 1771 2158 opera
1793 2074 1934 2152 adiutus,
1943 2076 1974 2160 ⁴)
1997 2074 2118 2140 multas
2141 2083 2175 2138 et

162 2160 335 2236 effutiunt,
362 2180 425 2240 quo
452 2157 512 2223 sibi
535 2159 694 2237 favorem,
727 2157 800 2223 odio
823 2159 936 2236 nostri,
966 2157 1140 2222 concilient
1192 2179 1310 2241 graves
1332 2157 1394 2241 piis
1416 2157 1572 2222 fratribus
1593 2158 1760 2225 molestias
1782 2160 1943 2225 exhibuit.
1976 2160 2116 2237 ¹Verum
2139 2181 2174 2223 se

163 2243 253 2328 apud
279 2245 456 2327 imperitos.
501 2242 644 2322 Verum,
678 2243 757 2326 quid
790 2243 884 2309 nobis
916 2243 1141 2326 praescribent
1191 2243 1325 2308 tandem
1353 2244 1493 2309 fractum
1520 2245 1681 2322 sentiens,
1712 2244 1813 2329 (quod
1835 2243 1994 2310 eiusmodi
2017 2243 2173 2328 vulpibus

162 2331 239 2396 boni
263 2331 339 2408 viri,
368 2331 423 2412 qui
446 2328 637 2394 scandalum
660 2351 700 2393 ex
723 2351 837 2394 eorum
864 2331 1011 2393 vanitate
1033 2329 1139 2393 conci·
1192 2327 1326 2394 solenne
1348 2328 1412 2412 est)
1441 2328 1632 2411 suppliciter
1655 2331 1785 2395 veniam
1807 2338 1938 2413 petens,
1966 2329 2073 2393 fallaci
2095 2350 2173 2411 poe·

161 2415 282 2500 piunt?
329 2415 490 2479 Videmus
518 2416 640 2479 inertes
672 2415 865 2492 monachos,
895 2421 928 2478 et
955 2422 1066 2478 tamen
1088 2414 1139 2477 in·
1192 2415 1351 2478 nitentiae
1380 2415 1599 2479 ostentatione
1635 2436 1703 2479 non
1730 2414 1827 2479 modo
1860 2416 2002 2497 placavit
2029 2416 2172 2479 offensos

184 2502 306 2580 luviem
330 2522 423 2565 suam
444 2500 576 2582 explere
596 2500 727 2564 solitos:
751 2509 789 2565 ut
806 2501 870 2565 nisi
891 2499 957 2563 illis
978 2499 1016 2562 in
1035 2519 1072 2563 os
1094 2498 1141 2564 ci·
1191 2500 1318 2577 fratres,
1341 2499 1399 2564 sed
1416 2520 1518 2583 quum
1532 2520 1567 2564 se
1584 2500 1621 2563 in
1639 2500 1807 2565 nonnullis
1826 2501 2071 2583 quaestionibus
2092 2500 2172 2565 hae·
2194 2520 2213 2536 ’-

159 2524 224 2654 bus
240 2588 419 2670 ingeratur,
438 2606 516 2650 mox
534 2592 607 2665 [pag.
620 2591 674 2664 84]
695 2584 735 2650 ad
754 2582 1028 2650 sanctificandum
1045 2604 1139 2667 prae·
1193 2585 1292 2649 sitare
1314 2587 1462 2668 fingeret,
1486 2585 1597 2650 literas
1621 2584 1663 2650 ad
1685 2607 1737 2649 me
1760 2587 1959 2668 impetravit,
1982 2586 2110 2667 quibus,
2134 2593 2174 2647 ut

159 2672 243 2736 lium
272 2671 466 2748 erardeant,
501 2670 774 2754 quemadmodum
809 2671 953 2754 loquitur
979 2668 1141 2752 propheta
1193 2669 1241 2733 illi
1264 2671 1456 2737 satisfacere
1477 2692 1623 2750 conarer,
1647 2672 1749 2736 amice
1771 2671 1946 2754 rogabant:
1974 2671 2046 2752 Ego
2068 2670 2176 2735 homi-

163 2757 278 2840 (hiioh.
301 2761 330 2835 3,
353 2757 396 2834 5).
440 2755 601 2821 Videmus
624 2763 657 2820 et
680 2756 761 2820 alios
783 2777 849 2820 non
873 2755 1047 2820 dissimiles
1070 2774 1141 2819 mo·
1194 2757 1307 2836 nem⁵)
1337 2776 1453 2821 mensa
1480 2777 1556 2821 mea
1584 2762 1758 2839 exceptum
1787 2757 1951 2838 patienter
1978 2754 2104 2820 audivi:
2138 2760 2176 2818 nt

161 2843 286 2908 naohis.
299 2844 328 2925 ⁸)
361 2841 567 2907 Promittunt
587 2862 701 2907 omues
725 2863 760 2906 se
784 2842 852 2906 fore
875 2839 1103 2924 semiangelos,
1111 2841 1140 2923 ⁴)
1194 2841 1308 2905 multis
1326 2863 1401 2906 cum
1418 2842 1575 2926 lacrymis
1593 2848 1763 2923 exemptos
1782 2841 1845 2907 sibi
1862 2843 1928 2906 iam
1949 2861 2063 2906 omncs
2083 2860 2175 2905 scru-

159 2927 346 3003 modoillis
375 2926 554 2992 tolerabilis
581 2926 718 2993 vivendi
746 2928 830 2992 ratio
859 2925 1023 3010 obtingat:
1057 2944 1142 3007 aqua
1193 2927 1288 3011 pulos
1311 2935 1480 2992 assereret.
1515 2927 1702 2991 Abeuntem
1724 2948 1854 3012 quoque
1871 2927 1990 2993 viatico
2009 2942 2176 3010 eumpro-

161 3035 197 3079 se
220 3021 254 3077 et
271 3035 356 3098 pane
377 3012 449 3077 fore
470 3019 648 3078 contentos.
694 3011 762 3079 Sed
784 3013 841 3077 illa
864 3011 1055 3077 tolerantiae
1076 3012 1141 3077 iae·
1194 3021 1359 3095 sequutus.
1372 3015 1400 3095 ὓ)
1444 3013 1497 3078 Ab
1521 3032 1559 3076 eo
1588 3020 1733 3096 tempore
1760 3033 1821 3096 per
1843 3012 1989 3079 Galbam
2011 3012 2177 3078 cursitans

162 3099 270 3164 tantia
305 3119 382 3162 mox
411 3098 447 3161 in
481 3098 609 3164 fumum
637 3098 712 3162 abit.
757 3098 827 3181 Ipsi
848 3118 943 3175 vero,
965 3104 1141 3180 postquem
1193 3119 1259 3163 non
1278 3099 1454 3180 cessavitl)
1481 3097 1565 3161 mihi
1589 3105 1743 3181 proterve
1765 3098 1969 3165 maledicere.
2005 3097 2100 3163 Alter
2117 3118 2178 3163 ne-

127 3208 132 3221 ·
161 3184 262 3269 breve
279 3183 434 3269 pigritiae
450 3205 529 3249 suae
540 3185 706 3266 specimen
725 3183 907 3262 ediderunt,
927 3183 1048 3249 laboris
1065 3203 1140 3266 per·
1192 3183 1259 3249 seio
1281 3184 1354 3266 quis
1376 3190 1484 3249 terrae
1505 3183 1604 3262 filius,
1627 3185 1681 3268 qui
1701 3184 1762 3257 sibi
1780 3207 1902 3250 nomen
1923 3184 2100 3266 cosmoe)
2123 3184 2177 3247 in·

160 3269 246 3335 taesi
273 3269 458 3335 clanculum
486 3269 669 3353 evolant.'’)
712 3269 838 3334 Multos
865 3267 998 3351 quidem
1028 3267 1139 3347 fatcor,
1194 3268 1331 3348 diderat,
1354 3290 1455 3352 quum
1478 3269 1639 3334 nonnulla
1662 3271 1768 3354 egisse
1785 3269 2062 3355 indignaOhn'sti
2080 3289 2175 3334 servo

163 3356 287 3421 frustra
300 3356 416 3438 ,petita
442 3353 643 3433 conditione,
678 3356 778 3420 utin
805 3375 860 3419 ma
884 3374 926 3418 no
955 3353 1140 3438 petentium
1194 3354 1323 3421 delatus
1349 3361 1450 3435 esset,
1478 3356 1729 3421 Lausannensis
1759 3356 1877 3440 synodi
1905 3354 2043 3434 iudicio,
2072 3354 2175 3420 donee

163 3441 319 3506 confluxu
340 3440 412 3505 fieri
429 3461 560 3505 neeesse
578 3448 636 3519 est,
660 3440 834 3506 discedere.
901 3459 1036 3505 severo
1056 3438 1141 3503 mihi
1194 3461 1293 3506 causa
1322 3440 1439 3506 melius
1467 3441 1598 3524 cognita
1624 3441 1725 3520 foret,
1760 3441 1916 3506 desistere
1944 3461 1964 3504 a
1990 3438 2174 3504 ministerio

166 3524 294 3589 creditu
314 3523 441 3599 difficile
463 3534 529 3601 est,
558 3526 716 3609 quosdam
737 3525 904 3591 interdum
927 3526 1038 3589 minus
1060 3524 1141 3588 libe-
1193 3527 1302 3590 iussus
1334 3526 1406 3590 fuit.
1457 3526 1562 3591 Paulo
1598 3532 1672 3607 post
1682 3525 1710 3609 ⁹)
1747 3547 1848 3609 quum
1880 3525 1994 3589 literas
2026 3525 2176 3605 Bernam

164 3610 282 3677 taliter
300 3610 413 3690 iuvari,
442 3612 500 3695 qui
522 3620 636 3676 tamen
658 3618 768 3677 essent
789 3632 850 3694 ope
872 3608 1052 3694 digniores:
1086 3610 1141 3676 vel
1193 3610 1303 3690 ferret,
1326 3632 1382 3675 eas
1401 3631 1467 3676 non
1491 3631 1562 3674 esse
1584 3611 1626 3676 ad
1644 3617 1758 3676 votum
1776 3632 1872 3676 suum
1889 3611 2084 3693 compositas
2103 3631 2176 3674 sus·

162 3696 242 3780 quia
268 3697 303 3760 in
331 3696 516 3762 hominibus
543 3697 664 3781 ignotis
692 3704 760 3762 tam
788 3702 923 3762 exactus
945 3694 1061 3762 haberi
1084 3694 1140 3769 dee
1193 3697 1338 3778 pioatus,
1373 3695 1455 3762 alies
1489 3697 1669 3780 supposuit.
1723 3697 1978 3779 Depreheusum
2011 3695 2175 3780 flagitium

162 3782 267 3847 lectus
301 3783 431 3865 nequit,
468 3782 523 3847 vel
553 3783 630 3866 quia
662 3782 704 3848 ad
738 3780 916 3866 petendum
948 3779 1141 3847 audaciores
1194 3780 1397 3865 intelligens,
1429 3782 1505 3865 quia
1532 3802 1599 3846 non
1625 3788 1755 3865 poterat
1782 3781 1856 3848 falsi
1883 3788 1998 3847 notam
2019 3782 2175 3866 effugere,

161 3866 287 3931 timidis
314 3888 351 3932 ao
378 3867 573 3934 verecundis
599 3867 709 3933 locum
731 3868 951 3952 praeripiunt,
979 3867 1032 3931 vel
1054 3865 1141 3950 quod
1194 3866 1257 3931 alio
1284 3865 1422 3949 pedibus
1455 3868 1568 3951 fugam
1602 3869 1752 3951 arripuit.
1807 3869 1918 3950 Atque
1950 3866 2033 3932 haec
2064 3868 2176 3932 omnia

161 3974 230 4017 non
252 3973 381 4034 semper
402 3962 491 4019 recte
509 3953 701 4032 iudicamus,
723 3954 777 4018 vel
796 3954 873 4037 quia
890 3953 957 4016 iam
975 3950 1140 4035 erogando
1193 3972 1247 4016 me
1269 3952 1405 4017 absente
1418 3959 1452 4017 et
1470 3953 1574 4018 inscio
1597 3962 1692 4037 gesta
1714 3962 1800 4018 sunt.
1833 3953 1931 4018 Nunc
1954 3973 1989 4016 se
2013 3952 2175 4018 violenter

162 4037 313 4102 exhausti
351 4040 512 4122 cogimur,
547 4040 602 4122 qui
631 4037 847 4105 incommodis
877 4037 966 4103 horis
993 4038 1140 4115 veniunt,
1194 4059 1289 4103 ame
1307 4039 1407 4104 fuisse
1426 4038 1602 4123 expulsum
1626 4037 1762 4117 dictitat,
1785 4037 1863 4120 quia
1880 4038 1963 4102 meis
1981 4037 2175 4108 haeresibus
2207 4063 2210 4066 ·

162 4122 217 4188 vel
243 4123 374 4201 inanes,
409 4124 463 4190 vel
493 4124 610 4189 saltem
636 4125 778 4190 tenuiter
803 4122 931 4190 adiutos
965 4122 1138 4187 dimittere.
1193 4123 1398 4189 subscribere
1427 4125 1593 4190 abnueret.
1639 4124 1737 4189 Alius
1766 4124 1843 4206 quia
1874 4124 1909 4188 in
1943 4124 2099 4206 cauponis
2123 4124 2176 4185 ni·

161 4208 209 4274 Ilt
238 4217 348 4273 tamen
375 4208 411 4271 hi
437 4210 494 4293 qui
525 4209 600 4295 plus
628 4210 804 4293 aliquanto.
824 4209 985 4274 haberent
1013 4208 1139 4285 eoloris,
1193 4209 1281 4273 mius
1311 4217 1396 4288 erat,
1431 4230 1545 4274 severe
1578 4229 1596 4272 a
1623 4209 1716 4273 nobis
1748 4208 1955 4292 obiurgatus,
1988 4231 2008 4273 e
2042 4208 2175 4274 furtivis

160 4295 303 4376 parcius,
322 4315 514 4378 quocunque
526 4296 687 4374 venerint,
706 4316 743 4361 ao
753 4294 935 4360 modestius
952 4293 1138 4378 loquuntur.
1192 4295 1481 4360 comessationibus
1503 4315 1673 4378 nunquam
1696 4295 1831 4373 destitit,
1854 4294 1956 4360 donec
1974 4294 2060 4360 aeris
2077 4293 2179 4358 alieni

161 4378 304 4444 illorum
331 4381 455 4462 passim
485 4380 623 4447 volitent
649 4381 883 4464 querimoniae.
928 4380 974 4443 Et
1003 4378 1140 4463 quales?

160 4463 366 4549 Prodigiosis
395 4465 574 4533 mendaciis
603 4486 762 4549 aspersae.
807 4466 993 4548 Improbius
1026 4465 1141 4529 etiam·

162 4569 245 4612 num
262 4549 488 4630 maledicunt,
515 4551 573 4634 qui
599 4551 678 4617 hino
706 4552 759 4618 vel
787 4550 958 4616 maleficiis
987 4551 1056 4614 suis
1083 4570 1141 4613 ex·
1264 4567 1293 4631 1)
1313 4565 1436 4621 redeunt
1455 4566 1510 4621 Ed.
1526 4583 1572 4635 pr.

160 4633 260 4717 Pul⁸ir
278 4635 334 4701 7⁰1
355 4637 481 4719 perfida
502 4637 680 4704 d⁰f⁰⁰ti⁰n⁰
704 4638 868 4715 abstmti’
892 4649 930 4702 nt
945 4634 1141 4720 figuriendis
1263 4633 1294 4765 dl
1313 4651 1450 4758 bodriddll
1465 4708 1491 4757 et
1507 4701 1584 4757 1551.
1624 4703 1737 4758 dedus.-
1757 4720 1793 4757 uu
1811 4705 1961 4773 presoheur
1984 4719 2020 4759 au
2041 4704 2123 4758 conte
2141 4702 2175 4755 de

1194 4770 1374 4840 Monbelgard
1391 4767 1499 4827 nomme
1517 4772 1651 4828 Oourtois.

536 4862 540 4867 ⁴
970 4896 971 4899 ,
1262 4837 1294 4904 l)
1315 4839 1386 4892 Add.
1405 4843 1450 4910 qui
1467 4840 1513 4909 luy
1530 4841 1657 4911 aidoycnt
1675 4856 1725 4908 par
1743 4839 1859 4894 dessous
1877 4847 1950 4895 terre
1968 4841 1985 4894 u
2004 4852 2035 4891 oe
2054 4837 2131 4890 fahe.

234 4908 263 4971 1)
282 4907 409 4964 belislres
427 4925 462 4963 un
480 4923 534 4978 peu
554 4909 616 4977 plus
633 4908 808 4963 bonorables.
1262 4907 1295 4974 ὃ)
1313 4922 1344 4962 ce
1380 4908 1468 4963 uland.

232 4974 263 5043 ἓ)
281 4975 344 5043 qu'il
361 4994 413 5047 ys
436 4978 582 5045 beaucoup,
600 4975 790 5031 d’effronteurs
812 4978 858 5045 qui
882 4983 995 5031 courent
1013 4974 1142 5045 l’uigueil·
1263 4975 1296 5040 6)
1313 4976 1341 5030 A
1381 5017 1386 5031 .
1405 4985 1482 5033 outre
1501 4991 1547 5031 ses
1564 4976 1612 5030 des
1633 4991 1681 5030 ens
1698 4974 1762 5044 qu’il
1778 4976 1852 5030 avait
1868 4974 1919 5028 fait
1936 4973 1977 5026 ici.

158 5046 230 5101 lette
248 5051 368 5115 trottans
386 5048 419 5114 cb
436 5052 464 5100 et
482 5046 509 5100 la
525 5062 596 5114 pour
611 5045 744 5100 desrober
761 5059 797 5099 ou
814 5052 944 5113 tromper.
1264 5043 1294 5108 7)
1313 5045 1333 5098 il
1352 5044 1409 5100 s’en
1426 5061 1461 5099 va
1478 5043 1551 5105 droit
1568 5060 1602 5099 en
1695 5059 1726 5100 oc
1745 5049 1773 5098 et
1787 5051 1912 5096 uacasse
1931 5043 1963 5108 cb
1981 5045 2009 5092 et
2026 5038 2061 5093 la

232 5111 264 5244 ἓξ
283 5112 359 5173 Ado,
375 5115 496 5169 conbien
514 5130 566 5183 que
584 5114 678 5168 ianuis
697 5112 806 5182 n’syent
821 5119 901 5167 vestu
919 5112 945 5166 le
963 5113 1059 5169 froo—
1194 5182 1205 5236 ι
1264 5111 1436 5237 {illlam
1452 5113 1517 5169 edd.
1534 5128 1638 5168 omnes.-
1657 5129 1675 5167 a
1692 5124 1774 5166 corno
1793 5110 1880 5165 literis
1897 5106 2069 5162 minusculis.
2109 5106 2177 5162 Gal·

212 5186 215 5191 '
282 5183 464 5250 petisanee.
1205 5196 1255 5236 se:
1291 5196 1307 5235 e
1348 5199 1425 5237 orno.
2108 5208 2110 5211 ·

233 5249 268 5317 b)
282 5199 424 5305 moriseni
438 5252 511 5305 leurs
529 5250 626 5318 quilles
645 5264 709 5304 sans
727 5263 828 5304 sonner
844 5256 908 5304 mot.
1264 5249 1295 5313 9)
1313 5250 1436 5305 Pendant
1453 5250 1481 5303 la
1500 5264 1589 5305 cause.
1653 5300 1655 5305 .

271 5333 383 5390 merso
397 5344 489 5404 ossa.
530 5336 586 5392 roz.
609 5335 695 5391 rur.
828 5396 831 5404 .
1724 5314 1727 5322 ’
1951 5328 1969 5383 5
