4702 5926
128 349 191 412 166
648 347 650 349 ’
885 343 1382 413 6166166666111611.
1592 345 1595 351 ·
1776 421 1778 423 ,
2071 320 2152 414 eac
2222 410 2227 420 ,

127 534 291 601 Abrahae.
337 527 549 614 Quinetiam
571 532 674 597 altera
696 532 849 598 concione
879 532 967 597 idem
987 535 1106 599 confir-
1157 533 1220 613 116,
1233 536 1257 610 Ι)
1290 531 1475 615 6166116616
1507 511 1879 609 6111161666616616166.
1922 536 2013 620 Ergo
2035 556 2154 602 evan·.
2207 595 2212 604 .

128 627 206 698 mat,
241 619 322 685 dum
349 617 489 683 1616666
520 618 669 683 6661661
694 618 778 684 filios
811 619 1046 702 prophatarum
1073 625 1107 684 et
1158 618 1282 703 gelium
1303 617 1482 684 infantibus
1502 619 1716 701 praedicetur.
2046 613 2060 631 '

5 758 18 770 ..
129 705 325 771 testamenti.
353 701 465 783 Vides,
483 705 620 786 opinor,-
635 715 667 769 te
689 724 902 798 nequaquam·
917 705 984 769 tuis
1002 705 1106 770 66116·
1243 704 1355 789 Negas
1393 704 1544 787 exemplo
1577 704 1701 770 Christi
1739 704 1818 786 plus
1855 707 1949 771 nobis
1987 707 2157 789 permitti.

130 791 193 877 giis
215 790 363 873 elapsum
387 809 466 854 asse.
1159 809 1258 871 quam
1292 795 1329 853 61
1362 789 1570 872 impositione
1602 810 1760 855 manuum
1786 792 1871 873 66111
1894 793 2024 865 coelesti
2046 812 2134 859 eom-

217 873 314 956 Quod
341 873 896 1024 661.1111661616111616166616166,
932 896 974 939 ne
1007 874 1107 940 unius
1159 874 1353 941 mandemus
1385 874 1550 974 parrulos.
1600 876 1673 975 1166
1702 883 1814 940 66166
1841 898 1882 940 ex
1905 877 2044 977 adverso
2074 878 2134 942 tibi
2212 931 2214 935 ,

130 968 261 1027 tantum
293 959 414 1026 sacculi
447 959 634 1026 hominibus
678 966 821 1025 66116616
842 960 1107 1043 111616161616-
1159 960 1350 1042 respondeo,
1395 980 1475 1025 uum
1491 968 1655 1043 166661116
1671 981 1831 1026 666666
1842 962 1978 1028 solenne
1989 974 2033 1027 611
2043 983 2134 1046 sym·

19 1086 34 1101 ·
130 1049 186 1125 tia,
219 1046 313 1111 166116
346 1046 475 1128 1661616.
526 1047 635 1127 Atque
668 1045 702 1110 id
735 1066 863 1111 mecum
895 1045 982 1124 16611,
1022 1044 1108 1127 6661
1159 1046 1271 1111 bolum
1293 1045 1375 1111 bene
1400 1045 1536 1123 ationis,
1559 1045 1673 1110 eadem
1700 1046 1826 1111 ratione
1848 1047 2046 1131 baptismum
2068 1048 2134 1112 illis

129 1134 223 1199 Deus
234 1131 352 1196 semini
366 1130 520 1196 Abrahae
534 1130 678 1197 sedeum
701 1151 772 1196 csse
794 1129 937 1196 declaret
957 1132 993 1195 in
1016 1130 1107 1196 mille
1159 1132 1344 1197 convenire.
1388 1131 1474 1195 Nam
1506 1129 1590 1196 illud
1622 1139 1717 1195 tuum
1744 1130 1798 1196 De
1832 1152 1967 1198 occursu
2000 1133 2134 1215 melo,²)

130 1218 366 1304 generationes.
412 1215 479 1281 Sed
503 1224 643 1282 aetatem
666 1217 814 1298 requiris,
837 1238 920 1299 quae
940 1237 1045 1299 capax
1063 1217 1108 1281 sit
1159 1216 1317 1282 haustum
1340 1223 1391 1281 est
1412 1236 1455 1280 ex
1476 1217 1565 1282 faece
1587 1224 1737 1299 papatus.

129 1302 390 1386 regenerationis
410 1304 612 1367 manifestae.
655 1303 741 1366 Eam
775 1323 835 1385 ego
865 1323 949 1386 nego
977 1302 1106 1385 uspiam
1246 1300 1387 1382 Quando
1410 1300 1570 1384 baptismo
1590 1323 1664 1367 cum
1686 1321 1786 1368 coena
1807 1303 1946 1368 eandem
1967 1325 2038 1368 6666
2055 1324 2136 1368 666

130 1388 315 1455 61166166
339 1387 527 1470 praescribi.
572 1392 646 1466 [pag.
671 1392 724 1467 64]
751 1386 879 1452 Deinde
908 1386 1012 1453 habeo
1040 1387 1107 1452 cla·
1158 1387 1282 1470 logiam
1303 1388 1461 1452 confiteor
1483 1406 1566 1470 quae
1585 1388 1684 1451 166111
1705 1387 1782 1452 olim
1800 1388 2039 1455 circumcisioni
2060 1410 2136 1454 cum

130 1495 203 1540 rum
224 1471 361 1538 Domini
382 1473 583 1550 mandatum,
606 1494 670 1555 quo
690 1493 809 1555 pueros
827 1472 869 1537 61
887 1473 1107 1538 circumcisio·
1159 1472 1276 1556 pesah,
1304 1493 1401 1556 rogas
1423 1493 1482 1537 cur
1503 1472 1678 1555 baptizatis
1704 1493 1770 1536 non
1794 1472 1891 1537 detur
1912 1494 2026 1552 coena,
2051 1474 2137 1539 sieut

130 1580 207 1624 666
228 1558 381 1622 admittit
427 1558 500 1623 'Pibi
523 1559 726 1624 circumcisio
749 1560 881 1642 signum
899 1566 948 1623 est
965 1558 1105 1623 6616616.
1160 1568 1238 1623 1666
1253 1557 1453 1623 circumcisis
1466 1557 1726 1639 dabaturpesah.
1749 1558 1945 1640 Respondeo
1957 1560 2004 1624 116
2017 1557 2095 1623 dari.
2106 1559 2136 1642 8)

130 1646 203 1728 Ego
221 1644 327 1708 Paulo
350 1643 490 1709 adhibeo
513 1645 588 1726 plus
609 1642 695 1723 fidei,
714 1643 786 1726 ’661
813 1645 1008 1727 6166666161
1036 1663 1107 1708 6666
1159 1644 1245 1707 Nam
1267 1641 1368 1710 verba
1379 1643 1490 1727 Moysi
1509 1644 1556 1708 ita
1568 1643 1704 1708 habent:
1729 1640 1841 1723 Quum
1858 1644 2137 1728 interrogaverint

129 1730 273 1795 iustitiae
305 1727 382 1793 fidei
413 1730 567 1813 sigillum.
615 1728 813 1812 Quanquam
851 1737 984 1804 exstant
1020 1726 1108 1812 apud
1159 1729 1219 1794 filii
1240 1729 1290 1792 tui
1308 1737 1341 1793 et
1362 1728 1448 1793 filiae
1470 1736 1558 1793 tuae:
1582 1720 1673 1808 Quid
1691 1726 1751 1793 sibi
1769 1730 1832 1794 hoc
1849 1729 1943 1794 vult?
1976 1729 2136 1795 Narrabis

130 1817 271 1899 Moysen
298 1823 333 1879 et
353 1815 530 1897 prophetas
558 1815 754 1891 testimonia,
787 1835 870 1897 quae
903 1814 1107 1896 spiritualem
1157 1813 1352 1879 beneficium
1374 1814 1438 1878 Dei
1457 1815 1505 1877 tui
1528 1813 1649 1898 (Exod.
1667 1818 1714 1892 11,
1730 1818 1770 1877 26
1784 1822 1869 1891 etc).
1902 1815 2011 1880 Pesah
2034 1815 2136 1898 igitur

130 1902 203 1966 eius
225 1900 497 1983 significationem
524 1909 557 1965 et
578 1901 647 1964 vim
670 1901 846 1965 declarant.
892 1898 988 1980 Quod
1009 1899 1108 1964 Pauli
1158 1920 1226 1963 non
1248 1899 1440 1982 simpliciter
1457 1920 1631 1963 commune
1654 1900 1874 1981 1611666166
1897 1901 2055 1978 omnium,
2078 1899 2135 1964 sed

130 1987 242 2053 verbis
262 1986 398 2049 innixus
419 1986 590 2051 contendis
617 2007 672 2051 666
694 1985 825 2050 166661
848 1985 1002 2050 Abrahae
1024 1985 1107 2049 filios
1159 2005 1272 2049 eorum
1283 1986 1338 2066 qui
1350 1985 1416 2048 iam
1429 1983 1470 2048 ad
1485 1983 1706 2066 recipiendam
1718 1984 1902 2049 doctrinam
1914 1993 2008 2049 erant
2017 1985 2134 2050 idonei.

131 2092 203 2138 esse
238 2070 295 2153 qui
326 2092 386 2154 per
417 2069 516 2136 fidem
547 2072 642 2137 fiant:
676 2074 798 2136 mirum
828 2085 877 2135 661
905 2071 1018 2136 abste
1040 2090 1107 2133 non
1245 2068 1423 2134 Concludis
1451 2069 1657 2152 aequiparari
1680 2067 1743 2134 duo
1775 2070 1855 2134 haec
1887 2068 2044 2154 symbola,
2078 2069 2150 2137 sed.
2226 2149 2229 2152 Δ

130 2156 329 2223 considerari
365 2155 540 2221 discrimen
580 2158 668 2221 inter
705 2152 859 2240 parvulos
898 2166 932 2220 et
970 2155 1106 2220 adultos.
1159 2155 1230 2219 sine
1250 2155 1387 2219 ratione.
1432 2154 1519 2219 Mihi
1548 2163 1657 2219 autem
1685 2163 1813 2220 constat
1840 2155 1962 2236 optima
1989 2155 2074 2219 16116
2102 2162 2136 2219 61

130 2242 218 2306 Ν66
241 2241 336 2307 616611
358 2242 391 2305 16
415 2241 537 2307 adultis
549 2245 572 2319 ¹)
595 2242 693 2323 fidem
716 2244 820 2325 exigit
837 2242 972 2319 Paulus,
993 2249 1031 2305 ut
1052 2261 1107 2305 eos
1160 2239 1273 2317 661116,
1295 2262 1354 2305 661
1374 2239 1550 2305 discrimen
1572 2246 1725 2304 statuam.
1770 2239 1885 2322 Neque
1919 2240 2007 2304 enim
2040 2240 2067 2303 si
2096 2238 2136 2303 de

130 2334 289 2411 agnoscat
320 2326 404 2391 filios
437 2326 600 2405 Abrahae,
641 2328 688 2392 ita
720 2328 865 2393 vicissim
904 2326 1107 2409 pronunciat,
1160 2323 1281 2390 adultis
1309 2325 1540 2407 pronunciavit
1560 2325 1732 2404 Dominus,
1761 2325 1890 2390 renasci
1918 2332 2066 2407 oportere
2095 2347 2137 2389 ex

130 2418 260 2492 sanctos
287 2418 398 2495 patres
425 2433 495 2478 esse
522 2413 666 2479 radicem
695 2419 857 2477 sanctam:
892 2420 926 2476 et
953 2410 1108 2494 primitiis
1160 2432 1246 2493 aqua
1268 2419 1300 2475 61
1322 2411 1450 2494 6611116,
1482 2410 1674 2492 priusquam
1696 2412 1821 2475 intrent
1842 2411 1884 2474 in
1899 2431 2040 2494 regnum
2060 2409 2136 2487 Dei,

130 2505 308 2581 comparat,
330 2518 413 2580 quae
430 2507 535 2563 totum
553 2506 751 2581 proventum
770 2498 976 2563 sanctificant
997 2496 1106 2578 (Rom.
1160 2497 1315 2562 continuo
1335 2494 1396 2560 tibi
1417 2495 1529 2562 licebit
1548 2494 1590 2559 ad
1612 2496 1768 2578 66116166
1790 2497 1976 2581 transferre,
2010 2503 2048 2560 ut
2069 2495 2137 2560 dic-

134 2587 183 2659 11,
209 2584 271 2665 16).
316 2581 392 2664 Qua
413 2585 542 2648 ratione
564 2592 694 2648 sanctos
716 2583 815 2646 etiam
836 2602 906 2647 esse
927 2582 1029 2661 16661,
1052 2582 1108 2663 661
1160 2590 1231 2646 166
1253 2591 1312 2647 661.
1356 2579 1487 2645 Deinde
1508 2585 1584 2660 [pag.
1606 2586 1660 2660 56]
1696 2582 1933 2662 expositionem
1965 2589 2055 2646 tuam
2079 2602 2138 2646 cur

132 2688 173 2733 ox
195 2674 287 2750 patre
309 2677 368 2732 aut
388 2674 494 2732 matre
516 2666 603 2732 fideli
627 2670 809 2752 gignuntur
831 2671 874 2751 (1.
894 2667 968 2733 (lor.
989 2672 1018 2748 7,
1043 2667 1107 2748 14).
1159 2666 1339 2750 16661166,
1362 2666 1498 2733 6616611.
1544 2666 1655 2732 'Pertio
1682 2687 1762 2749 quos
1790 2667 1945 2751 parvulos
1971 2664 2137 2731 Dominus

216 2752 284 2818 Nos
311 2773 439 2835 quoque
469 2752 621 2817 docemus
655 2760 775 2817 natura
808 2774 879 2818 esse
911 2753 996 2818 filios
1029 2753 1107 2830 1166,
1160 2774 1203 2817 ex
1224 2753 1287 2817 hac
1312 2753 1379 2818 vita
1399 2752 1570 2836 1666111611,
1593 2772 1660 2816 666
1679 2751 1791 2816 dubito
1808 2752 1997 2835 regenerari
2018 2771 2139 2816 arcana

131 2839 317 2922 quicunque
339 2859 381 2902 ex
403 2838 511 2902 Adam
535 2838 751 2904 descendunt:
780 2839 837 2904 661
860 2839 1014 2904 1666666
1035 2859 1109 2902 rur·
1159 2838 1294 2921 66111166
1332 2838 1531 2921 6661611666.
1605 2837 1647 2902 16
1693 2838 1765 2903 61116
1809 2838 1878 2921 6611
1922 2857 1982 2920 616
2021 2836 2139 2902 6616116

132 2945 204 2988 sum
227 2923 479 3007 superveniente
500 2924 564 2988 Dei
585 2925 691 3007 gratia
708 2924 831 2989 aboleri
848 2922 1109 2989 maledictionem
1160 2923 1272 2989 modo:
1318 2929 1352 2988 et
1389 2922 1437 2987 116
1474 2924 1552 3006 6611,
1597 2930 1636 2988 61
1673 2922 1740 2989 666
1779 2925 1823 2989 611
1862 2923 1960 3005 16666
1997 2942 2138 2987 166616-

132 3010 272 3091 quaein
295 3008 423 3072 661616
437 3008 560 3073 haeret.
605 3010 702 3075 Nunc
723 3009 806 3073 mihi
828 3008 977 3089 ostende,
1001 3010 1030 3074 si
1052 3030 1108 3093 po·
1161 3010 1260 3074 tionis
1303 3010 1446 3093 signum.
1530 3008 1610 3074 1166
1654 3016 1766 3074 autem
1808 3010 1896 3073 inter
1939 3007 2139 3092 baptismum

132 3103 191 3173 tes,
212 3114 267 3158 me
287 3093 376 3175 loqui
399 3096 590 3178 pugnantia.
1162 3103 1195 3159 et
1217 3116 1352 3160 coenam
1375 3093 1534 3173 discerno,
1557 3095 1633 3177 quia
1650 3114 1770 3160 coenae
1788 3115 1868 3159 usus
1886 3094 1963 3159 huic
1983 3093 2139 3159 mandato

169 3198 173 3204 ·
219 3178 258 3244 Si
286 3187 345 3243 tua
373 3199 438 3244 1611
467 3201 525 3262 616
553 3180 699 3256 oraculo
718 3180 812 3245 nobis
845 3190 905 3257 est,
938 3179 1110 3246 credemus
1162 3180 1370 3263 astringitur:
1399 3178 1522 3244 Probet
1554 3200 1590 3244 se
1617 3179 1728 3262 ipsum
1756 3180 1863 3256 homo,
1897 3188 1956 3243 etc.
1994 3178 2039 3261 (l.
2063 3177 2138 3242 061.

132 3266 326 3349 figmentum
354 3284 425 3331 esse
446 3265 654 3349 papisticum,
688 3266 773 3348 quod
808 3267 844 3329 in
880 3266 1016 3331 alterius
1044 3264 1110 3331 fide
1166 3271 1214 3345 11,
1227 3269 1292 3343 28).
1319 3266 1512 3347 Baptismus
1534 3265 1665 3348 signum
1689 3261 1943 3346 estadoptionis,
1965 3282 2139 3328 commune

132 3350 218 3415 61161
239 3351 429 3433 baptizetur.
475 3350 542 3416 Sed
570 3353 647 3433 quia
679 3350 831 3434 prohibet
853 3350 918 3416 Dei
945 3352 1110 3417 institutio
1163 3351 1315 3417 omnibus
1336 3350 1412 3415 filiis
1434 3348 1508 3428 Dei,
1541 3350 1629 3414 inter
1657 3371 1737 3432 quos
1759 3349 1901 3413 16166166
1923 3369 1964 3412 ex
1986 3345 2140 3412 fidelibus

133 3454 175 3498 ne
197 3434 256 3498 tibi
279 3436 420 3514 6161616,
450 3457 563 3501 666616
590 3445 762 3502 contemno
792 3436 878 3519 quod
904 3438 1109 3516 pronuncias.
1163 3438 1291 3520 genitos
1311 3455 1465 3499 numero:
1501 3435 1576 3516 quia
1607 3453 1650 3497 ex
1681 3433 1790 3499 radice
1816 3441 1930 3498 sancta
1956 3439 2034 3497 sunt
2055 3431 2140 3496 rami

133 3519 221 3583 Nam
243 3518 354 3584 diruta
379 3522 522 3586 16666116
550 3521 838 3604 (66666166166
860 3523 926 3585 iam
948 3522 1047 3587 citavi
1070 3544 1112 3587 ex
1164 3522 1282 3586 sancti:
1312 3542 1377 3585 non
1400 3526 1536 3589 6616166
1565 3518 1696 3600 661166
1728 3519 1871 3601 66111616
1885 3536 1977 3600 Ι61166
1999 3525 2068 3581 1616
2090 3516 2139 3582 11-
2226 3571 2228 3575 .

132 3602 239 3670 Ρ6616
276 3602 375 3689 [11611.
400 3610 428 3683 2,
456 3605 539 3755 MP·
560 3607 674 3673 foedus
708 3608 796 3672 vitae
830 3614 985 3672 aeternae
1018 3607 1111 3672 nobis
1163 3608 1322 3670 11666661
1354 3604 1583 3670 6616666161
1621 3603 1679 3667 sed
1713 3603 1965 3685 superveniente
1998 3601 2140 3668 16616116

133 3709 308 3756 commune
331 3699 477 3756 661666
518 3691 640 3758 udaeis.
684 3693 758 3758 Hoc
784 3692 899 3758 166166
921 3690 1112 3776 obsignatur
1164 3692 1279 3775 gratia,
1289 3693 1319 3765 ⁴)
1340 3709 1424 3772 quae
1445 3696 1480 3754 61
1500 3695 1638 3753 6616166
1664 3687 1887 3753 maledictioni
1914 3687 2073 3766 medetur,
2108 3696 2141 3752 et

132 3775 304 3859 baptismo.
373 3776 476 3840 Porro
520 3776 561 3840 ad
591 3799 670 3860 quos
700 3777 910 3842 destinantur
952 3776 1111 3854 16111611)
1164 3776 1280 3842 6616116
1301 3796 1432 3841 666666
1455 3775 1489 3838 16
1512 3795 1547 3838 66
1569 3773 1730 3839 inclusam
1752 3774 1905 3838 continet.

133 3860 260 3943 Nempe
283 3859 325 3925 ad
346 3882 460 3925 omnes
482 3861 562 3944 pios,
587 3871 625 3926 61
646 3884 680 3928 66
701 3884 776 3928 6661
798 3864 955 3946 61666616
973 3884 1033 3928 666
1051 3864 1112 3928 sci·
1250 3860 1345 3942 Quod
1369 3881 1422 3924 me
1444 3880 1541 3943 rogas
1563 3868 1602 3922 ut
1621 3859 1681 3924 tibi
1710 3858 1750 3923 de
1780 3858 1853 3924 61116
1875 3879 2004 3942 666666
2026 3859 2142 3942 capiti·

134 3955 231 4010 anta
253 3946 396 4011 Domino
410 3947 574 4029 cooptari.
1164 3949 1224 4013 bus
1253 3944 1481 4029 respondeam,
1514 3945 1548 4008 id
1575 3945 1726 4024 16661661,
1760 3946 1789 4009 61
1822 3965 1953 4028 possem
1986 3945 2139 4010 breviter.

69 4105 72 4110 .
221 4033 289 4096 Res
312 4031 443 4096 esttibi
465 4032 505 4096 16
527 4031 596 4097 6616
618 4032 760 4111 11111163)
795 4031 880 4115 6661
907 4034 943 4096 16
965 4033 1113 4116 paruulis
1163 4033 1278 4116 Neque
1313 4033 1401 4097 enim
1436 4031 1516 4096 satis
1549 4028 1660 4095 divino
1694 4030 1772 4112 6611
1804 4032 1938 4114 ,proprie
1966 4030 2140 4096 166116166.

135 4116 196 4183 616
219 4119 340 4183 116666
373 4117 538 4201 obsignari
575 4118 668 4183 trado
701 4139 760 4200 661
793 4119 1001 4201 baptismum.
1061 4120 1112 4183 Tu
1164 4118 1272 4201 Magis
1295 4124 1405 4181 autem
1428 4138 1501 4181 sum
1523 4124 1701 4198 occupatus
1723 4137 1821 4198 quem
1838 4114 1952 4180 ut'tibi
1971 4117 2029 4179 uni
2049 4123 2142 4180 16661

135 4139 334 4284 6611166116
360 4203 516 4286 loqueris:
554 4203 611 4268 sed
645 4205 716 4286 quis
751 4204 808 4269 tibi
845 4225 945 4269 sanus
978 4203 1111 4269 credet?
1163 4204 1263 4267 libros
1286 4204 1432 4285 integros
1453 4201 1605 4267 scribere.
1650 4201 1779 4267 Deinde
1802 4202 1886 4266 nihil
1904 4201 2033 4282 6666116
2056 4198 2142 4282 quod

60 4329 65 4339 ·
134 4287 1112 4371 11161616616611616[666.55]6161161166661611166611-
1164 4309 1231 4353 non
1259 4289 1402 4371 reperias
1429 4289 1466 4351 in
1493 4308 1568 4351 mea
1587 4286 1810 4363 Institutione,
1844 4289 1871 4352 si
1905 4286 1996 4349 illinc
2029 4293 2141 4368 petere

134 4369 183 4435 bit
203 4373 329 4438 Paulus
351 4375 544 4440 iustificatos
566 4397 636 4440 esse
659 4377 714 4457 qui
736 4395 795 4456 per
814 4375 1014 4458 baptismum
1033 4383 1113 4439 sunt
1164 4373 1271 4438 hbeat.
1324 4372 1521 4455 Quanquam
1553 4372 1657 4437 labori
1692 4394 1758 4444 666
1791 4391 1970 4454 66166166,
2003 4371 2030 4435 61
2059 4371 2141 4435 mihi

136 4455 269 4521 Christo
291 4460 494 4524 commortui.
539 4459 696 4526 (landono
722 4460 784 4525 tibi
805 4460 891 4543 quod
914 4460 989 4542 plus
1011 4462 1113 4525 sumis
1164 4466 1262 4524 notus
1284 4467 1371 4523 66661
1391 4479 1508 4540 666666
1531 4478 1596 4540 666
1618 4457 1737 4521 tendis.
1781 4458 1879 4520 Nunc
1905 4463 2016 4540 66166
2038 4477 2142 4539 quen·
2212 4506 2217 4515 .

136 4560 235 4622 66661
256 4549 363 4605 exstet
386 4544 473 4626 apud
495 4546 647 4610 Paulum.
693 4544 822 4610 Salutio
843 4567 917 4611 6166
939 4555 998 4625 661,
1027 4545 1113 4628 6661
1164 4553 1232 4609 tam
1256 4544 1384 4627 sylvam
1406 4542 1583 4626 ingrediar,
1605 4544 1630 4606 si
1654 4541 1827 4607 tractanda
1849 4550 2042 4624 argumenta
2071 4548 2161 4607 sus·'

138 4624 249 4707 166616
270 4626 358 4706 facis}
393 4648 431 4692 ae
452 4629 649 4712 importune,
685 4631 1112 4719 661616611616616161-
1165 4631 1293 4712 6161661,
1316 4630 1471 4711 6666116
1497 4628 1557 4692 tibi
1579 4627 1757 4711 explicari?
1802 4627 1863 4690 Vis
1897 4635 1935 4690 ut
1970 4627 2028 4692 tibi
2062 4625 2151 4690 defi-·

137 4729 217 4791 ques
239 4710 323 4792 quod
348 4711 387 4774 de
410 4711 530 4779 adultis
551 4715 719 4797 praedicat
741 4717 921 4798 apostolus:
956 4715 1023 4797 Qui
1046 4738 1112 4780 non
1165 4718 1255 4780 niam
1277 4735 1360 4798 quae
1381 4714 1424 4779 sit
1445 4734 1524 4778 vera
1545 4712 1641 4778 fides:
1664 4714 1788 4778 iustum
1811 4713 1874 4776 orit
1896 4711 2059 4776 volumen.
2097 4711 2144 4775 Et

136 4792 271 4872 laborat,
313 4816 380 4859 non
419 4798 595 4865 manducet
627 4805 670 4876 (2.
699 4801 814 4867 Thess.
838 4807 866 4881 3,
900 4807 961 4879 10).
1023 4804 1113 4886 Ergo
1164 4811 1274 4865 tamen
1296 4800 1330 4864 id
1350 4801 1415 4864 erit
1436 4809 1544 4865 actum
1561 4816 1678 4881 agere:
1713 4799 1789 4879 quia
1811 4797 1898 4879 quod
1921 4796 1961 4860 16
1987 4795 2064 4860 fidei
2084 4814 2142 4858 na·
2215 4851 2220 4860 .

136 4879 223 4944 fame
234 4893 371 4962 pereant
385 4881 530 4947 infantes
542 4885 598 4966 qui
610 4883 851 4970 adhucsugunt
861 4887 977 4952 661116
988 4887 1111 4952 ubera?

1236 4971 1266 5034 1)
1286 4970 1309 5023 11
1327 4979 1370 5024 est
1387 4970 1455 5024 dict:
1470 4967 1608 5036 ,Presobez
1625 4973 1673 5023 616.

1235 5037 1266 5103 11)
1285 5038 1322 5092 Co
1340 5055 1392 5107 que
1411 5046 1440 5091 tu
1458 5037 1499 5091 dis
1517 5036 1550 5092 16
1568 5036 1704 5090 66616166
1722 5041 1873 5089 16666666.

205 5100 235 5168 1)
253 5118 287 5155 66
305 5118 373 5156 ceux
409 5103 437 5156 ui
455 5110 517 5157 sont
535 5103 676 5159 entendus.
1236 5107 1267 5171 3)
1291 5106 1319 5160 16
1343 5123 1443 5175 respon
1468 5120 1520 5173 que
1546 5120 1616 5159 nous
1634 5120 1717 5158 usons
1740 5110 1800 5157 tout
1825 5104 1892 5158 ainsi
1915 5097 2091 5168 auiourd’huy
2109 5098 2145 5156 1ο

203 5169 235 5236 2)
255 5170 295 5225 166
313 5119 432 5239 66161166
452 5188 499 5225 661
517 5172 663 5240 lesquelles
682 5172 709 5226 la
727 5172 774 5242 foy
792 5179 834 5227 est
851 5174 959 5234 166116.
1109 5241 1111 5244 ¹
1168 5191 1220 5230 nez
1238 5175 1396 5229 Sacramens
1415 5189 1517 5228 66666
1534 5174 1575 5228 166
1592 5174 1677 5227 Ρ6166
1696 5174 1804 5226 enciens
1823 5173 1936 5227 661661
1955 5170 2003 5224 des
2022 5170 2103 5222 leurs.

204 5237 235 5304 3)
255 5238 296 5293 Tu
315 5239 426 5307 disque
446 5255 476 5294 66
491 5239 560 5295 n'est
578 5238 675 5308 qn'une
693 5242 868 5309 imagination
885 5243 990 5310 1111616.
1236 5241 1267 5309 4)
1286 5245 1353 5297 6616
1371 5242 1448 5296 d'une
1466 5257 1547 5311 61666
1566 5241 1789 5311 6666661616116.
1901 5305 1904 5311 ‚
1986 5292 1989 5299 .
