4762 5918
225 319 353 387 XXVI
834 316 1108 387 memus
1131 316 1425 385 THEOLOGIOI
1447 315 1669 398 MINORES.

226 495 392 592 formetur,
415 528 602 593 maquopere
628 506 807 590 requirebat
835 514 863 575 et
888 508 976 575 salus
1004 512 1111 574 nostra
1135 507 1305 592 flaqitahat.
1351 505 1509 573 Memmia
1536 507 1661 589 quidem
1688 507 1790 573 adhue
1817 527 1924 575 reeens
1951 529 2058 574 eornm
2085 510 2247 575 malorum

229 623 367 706 quaein
383 625 510 704 papatu
532 621 652 703 reperti
673 643 711 687 ae
726 621 872 702 perpessi
891 620 1023 702 fuimus,
1046 624 1074 684 ot
1095 639 1206 685 seresus
1221 620 1440 701 praesentium
1467 619 1615 684 honorum
1642 641 1680 685 ae
1700 620 1901 700 solatiorum,
1928 621 2044 702 quihus
2066 642 2147 686 num
2168 622 2241 688 lihe-

228 734 294 798 rati
313 732 466 814 fruimur,
488 733 532 797 ad
553 732 767 816 capitationem
789 752 826 797 ac
847 731 1164 797 commemorationem
1185 736 1251 795 tam
1266 730 1429 812 praeclari
1454 735 1482 795 et
1503 730 1657 795 solutoris
1678 732 1782 813 operis
1803 751 1874 795 enm
1894 733 1978 796 omni
1993 733 2128 816 pietate,
2156 733 2241 798 luee-

227 844 372 924 ualentia,
394 844 525 910 raritate
547 864 622 927 erqa
631 843 737 909 Deum
759 843 981 926 usupandam
1000 841 1084 907 dehet
1104 861 1161 907 nos
1182 842 1267 906 omni
1288 842 1408 906 ratione
1427 842 1580 907 essitare:
1601 863 1640 908 ue
1660 862 1717 907 nos
1737 848 1793 907 aut
1814 843 1850 906 in
1870 847 1955 908 tanto
1976 847 2101 925 tamque
2119 844 2244 911 illustri

228 955 298 1021 eius
314 955 456 1037 benefitio
476 956 674 1020 irmnemares
693 960 722 1020 et
742 954 870 1038 inprati,
890 957 947 1019 aut
968 953 1002 1017 in
1019 957 1128 1017 nostra
1148 952 1249 1017 salute
1271 953 1455 1036 ueqlipentes
1472 973 1538 1018 esse
1554 954 1727 1019 uideamur.
1763 952 1895 1019 Ordinis
1915 959 2028 1036 auten,
2049 955 2246 1036 quemDeus

227 1067 265 1131 in
286 1066 344 1133 hae
365 1067 510 1132 ecelesiae
530 1064 711 1131 liberatione
731 1066 931 1144 eouseroaoit,
953 1065 1035 1128 ratio
1057 1064 1154 1128 etoia
1176 1062 1358 1129 huiusnodi
1379 1068 1438 1144 est,
1467 1070 1502 1128 ut
1523 1065 1558 1128 in
1579 1085 1613 1130 eo
1634 1085 1697 1129 nan
1718 1066 1820 1131 solum
1841 1085 1965 1130 sunuua
1985 1065 2049 1131 Dei
2070 1068 2240 1148 sapientia,

227 1177 285 1244 sed
305 1177 400 1244 etiam
427 1176 605 1262 sinpulans
630 1177 787 1258 quaedam
812 1176 848 1240 in
875 1195 934 1239 uas
962 1174 1156 1258 indulpentio
1185 1179 1213 1238 et
1240 1174 1413 1258 henipnitas
1436 1175 1531 1257 foede
1551 1176 1690 1258 perspici
1706 1178 1817 1259 possit.
1861 1177 1970 1260 Neque
1996 1179 2079 1243 enim
2094 1180 2247 1260 primum

227 1289 378 1355 violentia
399 1289 511 1370 aliqua
531 1309 649 1372 mapna
670 1293 762 1370 atque
788 1309 825 1353 ea
853 1286 1016 1353 acerbitate
1036 1307 1118 1352 usus
1138 1292 1196 1365 est,
1223 1307 1286 1368 qua
1314 1287 1413 1352 sulita
1435 1287 1592 1369 paprdum
1617 1308 1711 1353 mum
1738 1287 1781 1351 ad
1809 1295 1952 1371 opertam
1979 1295 2007 1354 et
2028 1290 2241 1370 periculosam

228 1401 370 1465 nominis
390 1401 444 1465 sui
466 1401 692 1482 confessionem
708 1399 994 1482 professionemque
1015 1404 1151 1478 voearet,
1178 1399 1233 1463 sed
1254 1403 1350 1465 sertas
1377 1418 1563 1463 conservens
1587 1400 1711 1483 modus
1739 1419 1809 1465 eam
1836 1399 1979 1464 adhilmt
1998 1402 2240 1466 nuderatiouem

229 1532 295 1593 qua
316 1511 440 1575 aninsas
455 1512 610 1592 primum,
632 1511 745 1576 deinde
767 1530 899 1593 eorpora
916 1509 1144 1574 humanissime
1165 1511 1316 1574 tractauit.
1362 1508 1495 1575 Primus
1522 1509 1566 1576 ad
1587 1510 1757 1575 libertatem
1779 1511 1887 1576 aditus
1911 1511 2115 1593 iutroihtsque
2134 1512 2240 1594 faetus

220 1642 283 1703 per
294 1620 476 1687 Martinam
498 1621 680 1702 Institeram,
703 1623 920 1688 sanstissimae
940 1620 1108 1686 uiemoriae
1128 1622 1243 1702 einim,
1266 1641 1326 1704 qua
1343 1622 1469 1703 quidem
1491 1627 1596 1687 ardore
1617 1642 1654 1688 ae
1669 1623 1815 1705 principe
1824 1622 2060 1716 Deusanimos
2080 1623 2241 1690 hominum

225 1732 720 1799 miserrimaservitnteliherooit
740 1754 850 1815 eosque
871 1734 982 1814 impiis
991 1732 1188 1813 opinionibus·
1209 1731 1543 1814 superstitionibusque
1563 1733 1738 1816 implicatas
1755 1753 1794 1798 ex
1813 1734 1949 1798 viriculis
1960 1732 2106 1814 saumae,
2127 1736 2242 1816 quihus

225 1845 384 1911 eorishieti
405 1845 595 1924 tenebantur,
617 1847 652 1909 in
673 1865 744 1909 eam
761 1844 965 1910 eonscientiae
986 1842 1156 1908 libertatem
1176 1844 1313 1908 restituit
1329 1845 1365 1908 in
1382 1863 1446 1925 qua
1463 1845 1690 1910 suavissimam
1707 1850 1734 1910 el
1753 1843 2019 1911 amabilissimum
2031 1845 2107 1910 Iesu
2120 1844 2241 1912 Christi

222 1957 365 2039 qratiam
386 1958 506 2036 sentire,
530 1957 674 2039 amplecti
693 1976 861 2038 amoreque
876 1959 1054 2037 potuerunt.
1099 1954 1165 2019 His
1186 1956 1279 2020 iactis
1300 1955 1451 2020 libertatis
1470 1955 1604 2038 fideique
1622 1955 1838 2037 fundamentis
1855 1976 2043 2040 propressus
2065 1963 2111 2022 est
2127 1958 2242 2023 deirde

226 2068 271 2133 ad
291 2067 531 2149 redemptionem
559 2088 725 2148 corporum
752 2089 831 2148 quae
859 2067 984 2148 quidem
1010 2066 1127 2145 adhue,
1157 2066 1255 2130 iniis
1276 2067 1378 2153 etiam
1399 2068 1455 2147 qui
1478 2069 1583 2132 animo
1604 2067 1698 2132 soluti
1720 2087 1757 2132 ae
1778 2068 1902 2133 liberati
1923 2073 2021 2147 mant,
2047 2070 2243 2152 pravissima

223 2179 370 2243 servitute
391 2199 543 2260 oppressa
564 2179 753 2257 tenebantur,
775 2179 961 2261 nefariaque
983 2178 1139 2243 idolorum
1155 2177 1325 2258 pollutione
1346 2198 1417 2242 uem
1442 2198 1566 2243 sumrrm
1595 2184 1623 2243 et
1651 2179 1783 2262 indipna
1809 2181 1959 2245 ereatoris
1980 2180 2244 2262 redemptorisque

223 2290 368 2369 ipsorum
388 2290 573 2356 contumelia
592 2290 807 2373 foedabantur.
844 2290 914 2372 Qua
936 2290 970 2354 in
985 2294 1081 2370 parte
1101 2290 1329 2372 redemptionis,
1352 2290 1489 2373 insipm's
1513 2310 1616 2370 opero,
1636 2291 1723 2371 fides,
1745 2291 1906 2357 industria
1924 2296 2016 2372 atque
2034 2289 2240 2357 admirabilis

224 2402 401 2466 constantia
425 2401 593 2467 Guilielmi
617 2401 752 2480 Farelli,
776 2401 909 2466 Ioannis
929 2399 1064 2478 Caluini,
1091 2400 1180 2465 Petri
1209 2400 1309 2464 Vireti
1331 2401 1456 2464 exstitit.
1511 2402 1598 2465 Nam
1625 2401 1680 2466 has
1709 2403 1835 2484 quidem
1855 2408 1918 2466 tres
1938 2404 2026 2468 video
2046 2404 2157 2485 fuisse,
2180 2402 2236 2484 qui

224 2532 246 2576 a
268 2510 337 2577 Deo
358 2513 451 2577 missi
472 2514 601 2595 eiusque
621 2513 762 2577 maximo
784 2513 901 2595 spiritu
916 2513 1058 2595 praediti
1079 2517 1170 2594 atque
1192 2512 1331 2590 incitati,
1359 2532 1457 2593 quum
1484 2532 1614 2594 corporo
1641 2512 1800 2577 homirmm
1828 2514 1867 2577 ah
1889 2514 1946 2578 illa
1967 2515 2122 2578 idolorum
2140 2512 2238 2596 foedi·

223 2628 285 2687 tate
322 2628 414 2705 atque
449 2625 607 2706 impietate
639 2625 683 2690 ad
714 2623 887 2690 libertatem
924 2644 962 2690 ao
998 2625 1192 2689 sanctitatem
1229 2629 1430 2702 notaverunt,
1469 2629 1536 2687 tum
1566 2645 1636 2688 nero
1672 2625 1747 2706 fidei
1788 2625 2008 2709 relipionisque
2045 2625 2244 2691 mmlauoe

222 2734 447 2816 confessionum
478 2756 517 2799 ee
539 2736 670 2800 tenehris
691 2736 727 2799 iu
759 2736 860 2800 lucem
890 2732 1046 2814 eruerunt,
1079 2756 1115 2801 ae
1147 2755 1253 2799 oerum
1276 2734 1339 2799 Dei
1366 2734 1483 2799 tultum
1504 2740 1533 2800 et
1549 2735 1691 2801 herrorem
1712 2737 1866 2821 euanpelii
1886 2737 1923 2801 in
1956 2737 2054 2802 oeulis
2075 2736 2238 2801 hominurn

222 2846 454 2911 constituerunt.
502 2845 587 2928 Quid
607 2848 691 2911 enim
713 2852 806 2912 antea
827 2847 871 2912 ad
892 2846 1018 2912 laudem
1039 2844 1104 2911 Dei
1125 2851 1154 2911 et
1172 2846 1308 2929 ploriam
1325 2846 1550 2912 illustrandam
1571 2848 1724 2929 proderat
1751 2848 1952 2913 conscientias
1979 2848 2091 2913 halem
2117 2849 2161 2914 iis
2181 2869 2236 2912 su·

216 2957 440 3040 perditionum
460 2957 596 3024 oineulis
616 2958 738 3025 solidas
757 2963 785 3024 et
806 2957 931 3037 litteras,
956 2977 1054 3041 quum
1073 2958 1178 3042 imapo
1197 2957 1262 3039 filii
1283 2957 1349 3023 Dei
1369 2959 1405 3023 in
1426 2957 1608 3040 eorporihm
1628 2961 1746 3023 nostris
1767 2961 1923 3053 impressa
1945 2961 1992 3046 sie
2013 2960 2236 3025 commaculata

222 3073 315 3151 atque
331 3068 508 3151 deformata
527 3075 612 3151 esset,
634 3071 709 3153 ipsa
730 3089 799 3134 uero
819 3070 895 3151 fidei
911 3071 1052 3152 uitaeque
1067 3069 1235 3151 professio,
1254 3090 1333 3151 quae
1353 3090 1447 3135 suum
1467 3071 1691 3151 redemptorem
1713 3069 1822 3136 Iesum
1846 3069 2007 3136 Christum
2027 3090 2238 3154 recapnoseere

222 3179 355 3259 debehat,
373 3201 445 3246 eum
466 3182 564 3263 impio
586 3181 742 3247 idolorum
762 3181 847 3246 eultu
868 3187 961 3264 atque
970 3179 1161 3246 Artiohristi
1182 3180 1345 3245 dominatu
1365 3182 1534 3247 rmnentire
1550 3181 1649 3265 plane
1670 3182 1851 3247 videreteu?
1896 3181 1991 3264 Papa
2013 3181 2137 3263 quidem
2159 3200 2236 3246 sem·

215 3292 365 3374 piternus
383 3292 445 3374 flii
467 3292 531 3357 Dei
552 3293 704 3358 inimicus
723 3293 817 3358 illum
838 3292 1017 3358 interiorem
1037 3291 1154 3358 mlum
1173 3291 1210 3357 in
1232 3292 1351 3357 animis
1370 3291 1530 3357 homirmm
1552 3293 1703 3358 oeoultum
1722 3292 1817 3375 faeile
1832 3313 2006 3376 perpessus
2028 3297 2113 3372 esset,
2134 3314 2155 3358 α
2176 3312 2237 3374 quo

221 3404 349 3487 quidem
370 3404 521 3471 scelerata
542 3405 611 3471 eius
633 3404 804 3470 dominatio
820 3423 858 3470 ae
878 3404 1012 3486 nefaria,
1035 3404 1189 3485 totiusque
1210 3402 1400 3469 cluistianae
1422 3404 1585 3488 relipionis
1601 3404 1786 3486 profanatio
1807 3425 1844 3471 ae
1866 3405 2042 3487 oppressio,
2071 3423 2236 3486 uunquam

221 3517 257 3582 iu
278 3515 358 3583 hane
375 3521 497 3581 tantam
518 3517 616 3582 lueem
638 3521 728 3599 atque
749 3515 910 3580 leomirem
932 3516 1133 3599 oopnitionem
1148 3516 1281 3596 praleda
1302 3519 1387 3580 esset.
1445 3515 1540 3582 Nune
1561 3536 1632 3581 vero
1652 3516 1759 3597 ipsius
1781 3516 1915 3598 spiritus
1935 3516 2095 3595 mutuum,
2122 3534 2236 3597 eorpus

221 3632 373 3706 nostrmu,
395 3628 505 3692 diuma
528 3629 667 3709 quodam
687 3627 829 3711 sotietate
849 3628 913 3693 sihi
933 3628 1137 3707 ooniuuetmn,
1159 3627 1199 3692 ah
1219 3626 1310 3691 illius
1331 3627 1550 3692 erudelissima
1576 3628 1745 3711 prounde
1766 3632 1795 3692 et
1815 3627 2002 3710 hirpissima
2023 3628 2171 3693 seruitute
2191 3625 2236 3691 ad

221 3739 455 3805 sanctissimam
475 3740 614 3820 filiorum
635 3739 700 3805 Dei
722 3738 892 3804 libertatern
913 3739 1093 3817 revocantis,
1115 3743 1207 3819 atque
1228 3738 1431 3821 redemptoris
1449 3738 1586 3822 planiam
1608 3740 1694 3804 omni
1715 3739 1903 3821 confessione
1924 3739 2125 3818 illustrantis,
2146 3739 2236 3804 nullo

220 3851 311 3915 modo
331 3850 415 3932 ferre
430 3854 543 3932 potest.
590 3850 702 3932 Itaque
723 3850 883 3934 sinpulari
907 3849 1019 3914 horum
1048 3851 1145 3914 trium
1163 3850 1305 3914 uirorum
1325 3854 1354 3915 et
1373 3849 1517 3916 doctriua
1544 3856 1573 3917 et
1600 3852 1767 3935 dillqentia
1787 3851 1962 3935 perfeetum
1983 3871 2050 3917 esse
2070 3851 2173 3930 oideo,
2201 3855 2238 3914 ut

221 3960 318 4027 honos
339 3960 405 4026 Dei
423 3963 681 4044 purissimusque
702 3963 772 4027 eius
793 3961 896 4027 oultus
915 3981 1009 4026 suam
1028 3960 1251 4041 quodammado
1272 3962 1516 4043 possessionem,
1544 3983 1640 4044 quam
1661 3963 1716 4027 ille
1731 3963 1881 4042 perditus
1902 3980 1939 4026 ae
1961 3961 2131 4027 sceleratus
2151 3981 2236 4028 aeui·

219 4078 329 4153 porat,
351 4092 434 4136 nune
455 4093 637 4156 rmuperare
658 4073 811 4138 uideatur.
847 4072 952 4154 Quum
972 4077 1076 4136 autem
1095 4073 1203 4138 omnia
1224 4092 1329 4137 eorum
1350 4076 1378 4137 et
1397 4072 1483 4153 faeta
1505 4077 1533 4138 et
1552 4073 1637 4138 dieta
1658 4078 1687 4138 et
1704 4073 1823 4153 scripta
1843 4091 1914 4137 eum
1933 4071 2072 4153 frustum
2092 4073 2237 4154 affero-nt,

222 4184 279 4266 qui
299 4184 336 4248 in
355 4185 422 4250 uita
444 4205 481 4251 ae
501 4183 641 4249 moribus
656 4185 789 4267 piorum
810 4182 958 4250 etDeum
978 4185 1154 4251 timentium
1175 4183 1354 4250 uberrimus
1368 4185 1729 4266 praestamissimusque
1749 4184 1980 4263 demonstretur,
2002 4188 2069 4248 tum
2086 4205 2155 4249 vero
2176 4184 2238 4248 hoe

225 4293 353 4360 Oaloini
373 4295 553 4377 fidelissimi
576 4300 605 4360 et
620 4296 851 4379 sapientissimi
871 4296 1017 4362 eeclesiae
1037 4295 1179 4360 ministri
1200 4296 1359 4361 conciones
1386 4296 1422 4359 iu
1449 4296 1535 4362 omni
1550 4296 1678 4378 pietatis
1698 4316 1782 4378 pure
1802 4300 1944 4377 casteque
1966 4295 2109 4361 oolertdae
2125 4316 2237 4379 qenere

222 4407 270 4470 ita
291 4407 449 4486 excellunt,
470 4411 507 4472 nt
528 4406 692 4487 institutio,
714 4408 858 4473 doctrina
879 4407 1106 4490 admonitiaque
1121 4408 1221 4490 plane
1242 4407 1416 4473 christiana
1437 4407 1481 4472 ad
1502 4407 1642 4472 omnium
1664 4406 1838 4487 hominum,
1866 4411 1894 4471 et
1916 4428 2021 4472 eorum
2043 4408 2156 4488 quiin
2176 4407 2237 4471 hae

223 4517 351 4584 ecelesia
373 4523 455 4598 sunt,
478 4524 505 4582 et
527 4517 656 4584 illorum
676 4520 984 4602 quinostraprioati
1004 4519 1143 4584 libertate
1164 4518 1204 4584 ah
1225 4541 1262 4584 ea
1279 4518 1402 4599 absunt,
1422 4520 1577 4584 rationum
1597 4518 1696 4600 officii
1717 4523 1746 4582 et
1765 4518 1881 4584 salutis
1888 4519 2059 4599 prudenter
2070 4537 2237 4583 aeeornmo-

222 4629 299 4695 data
320 4629 488 4695 videatur:
515 4630 654 4695 manuue
674 4635 778 4695 autern
801 4630 988 4711 obstinatus,
1018 4636 1109 4714 atque
1130 4632 1165 4695 in
1185 4631 1296 4713 fallaei
1313 4631 1425 4697 mundi
1452 4650 1557 4695 amore
1581 4629 1777 4711 obfirmatus,
1799 4650 1959 4712 propeque
1978 4630 2162 4711 desperatus
2183 4633 2236 4708 sit,

223 4742 280 4823 qui
308 4745 400 4805 antea
427 4740 561 4806 multum
586 4741 702 4823 diuque
727 4741 767 4807 ah
793 4763 827 4807 eo
853 4743 1006 4823 monitus,
1033 4764 1116 4811 nuno
1143 4744 1211 4808 eius
1237 4744 1464 4826 pravissimam
1490 4741 1731 4807 exhortationem
1760 4747 1853 4822 atque
1879 4742 2076 4806 autoritatem
2105 4761 2168 4806 non
2190 4762 2237 4807 se-

223 4853 341 4935 quitur,
360 4851 525 4934 Deumque
547 4854 582 4917 in
603 4873 637 4920 eo
658 4853 829 4935 loquentem
851 4859 943 4936 atque
964 4874 1211 4937 unumquemque
1227 4853 1437 4919 exhortantem
1458 4857 1656 4934 aspernatur.
1705 4852 1917 4935 Quonam,
1944 4873 2040 4935 quum
2060 4852 2118 4919 hae
2138 4852 2238 4920 homi·

224 4964 289 5028 liae
308 4964 375 5028 sine
395 4965 555 5029 eoneiones
576 4964 617 5030 ah
637 4966 707 5047 ipso
728 4965 852 5031 habitae
873 4966 914 5032 ah
935 4966 1039 5032 uidem
1059 4987 1198 5032 sumone
1216 4965 1330 5049 pallies
1352 4967 1487 5049 scriptae
1508 4969 1616 5045 esseut,
1633 4965 1808 5049 perdiqnae
1829 4963 1909 5031 mihi
1929 4966 2017 5031 visne
2038 4970 2120 5045 sunt,
2144 4972 2239 5048 atque

222 5074 268 5138 ad
287 5075 440 5139 rationem
462 5080 634 5157 temporum
658 5083 837 5142 nostrorum
857 5078 1069 5160 maximopere
1091 5081 1294 5158 opportunae,
1323 5097 1403 5158 quae
1431 5077 1474 5142 ad
1496 5097 1603 5142 eorum
1624 5077 1827 5159 eoqnitionem
1850 5097 1886 5143 oe
1906 5077 2148 5143 admonitionem
2162 5099 2238 5159 per·

223 5186 372 5266 venirent,
394 5188 508 5267 quihus
530 5189 642 5272 linquo
662 5188 780 5272 pollion
802 5189 909 5271 ipnata
930 5193 1016 5253 esset.
1061 5188 1129 5271 Epo
1151 5187 1256 5252 Deum
1277 5193 1305 5252 et
1323 5194 1446 5270 patrem
1469 5187 1602 5254 Domini
1622 5189 1723 5253 nostri
1746 5187 1822 5254 Iesu
1849 5187 1970 5257 Oluisti
1991 5209 2045 5254 ora
2064 5194 2100 5254 ut
2119 5188 2241 5270 spiritu
