4786 5910
158 360 220 423 461
917 350 1181 421 mentuale
1204 351 1417 419 suevum.
1753 359 1756 364 '
2107 356 2172 420 462

157 565 213 611 me
231 565 299 610 non
317 544 497 623 venditavi,
515 541 704 620 modestiae,
723 563 790 608 non
808 541 977 607 timiditati
996 541 1142 606 tribuent
1193 545 1284 603 metu
1316 539 1423 623 magis
1452 560 1552 622 quam
1579 539 1705 622 pudore
1732 560 1752 604 a
1780 540 1867 606 male
1888 540 2060 607 scribendo
2082 543 2172 608 echi·

160 632 256 714 aequi
278 640 312 694 et
333 629 463 695 candidi
485 628 618 694 iudices.
663 628 733 694 Nec
753 647 833 694 vero
859 627 942 692 mihi
968 627 1049 693 adeo
1075 627 1141 692 fer·
1192 625 1322 703 bentur,
1342 623 1480 708 indigna
1496 625 1672 711 tyrannide
1690 625 1860 692 ecclesiam
1876 627 2015 710 opprimi
2037 636 2173 693 oenten-

71 795 73 799 .
159 715 326 782 midabilis
347 717 411 780 fuit
432 714 564 781 Servati
586 714 781 796 eloquentia,
809 720 847 778 ut
874 733 935 797 ego
958 714 1027 778 eius
1049 720 1140 778 metu
1193 707 1289 787 dunt,
1322 710 1386 774 nisi
1415 711 1532 793 cuique
1564 709 1704 776 liberum
1732 712 1788 791 sit,
1823 732 1905 795 quae
1931 713 2116 796 placuerint
2136 716 2173 779 in

183 800 353 879 rohibitus,
393 800 429 865 in
463 802 533 884 ipse
571 799 779 882 reprimendo
814 799 1043 878 obmutuerim,
1084 798 1141 881 qui
1193 794 1299 860 lucem
1332 795 1486 878 proferre.
1537 796 1592 860 Ex
1625 816 1739 861 eorum
1766 818 1905 863 numero
1940 798 2010 882 ipse
2043 819 2172 882 quoque

158 822 258 971 longe
277 887 477 952 robustiores
495 907 554 969 pro
573 884 748 950 asserenda
761 883 884 950 Ohristi
899 905 998 950 eausa
1011 883 1141 967 saepius
1193 879 1353 947 Servatus
1374 881 1445 960 fuit,
1469 881 1525 963 qui
1547 880 1743 946 indomitam
1764 903 1856 947 suam
1874 885 2075 966 proterviam
2094 884 2172 950 ullis

158 972 320 1039 lacessere
340 993 406 1036 non
429 992 503 1037 sum
525 971 660 1036 veritus.
705 969 796 1052 Quin
822 970 932 1052 potius
960 971 1064 1049 timui,
1098 989 1141 1035 ne
1192 964 1330 1031 habenis
1352 967 1532 1051 constringi
1559 966 1695 1051 indigne
1715 968 1833 1048 ferens,
1863 970 2004 1054 negabat
2031 970 2067 1034 in
2093 991 2172 1036 eau-

161 1059 191 1124 si
212 1063 445 1143 argumentum
476 1055 561 1122 illud
593 1057 678 1122 serio
699 1055 910 1121 tractandum
931 1055 1139 1139 susciperem,
1193 1052 1238 1117 sis
1260 1052 1428 1136 religionis
1451 1051 1594 1135 aliquem
1617 1072 1688 1118 esse
1709 1053 1810 1138 gladii
1832 1076 1937 1121 usum.
1972 1054 2171 1139 Quanquam

159 1143 314 1209 malevoli
344 1143 428 1208 forte
462 1142 562 1226 aliqui
602 1141 838 1225 obstreperent,
878 1161 932 1206 me
966 1140 1140 1226 pugnandi
1193 1137 1254 1202 hae
1275 1139 1310 1202 in
1332 1144 1425 1220 parte
1447 1137 1544 1203 home
1563 1139 1783 1223 vertiginosus
1805 1141 1946 1223 turpiter
1968 1160 2080 1206 seeum
2099 1142 2171 1224 ipse

159 1229 259 1295 nimis
281 1249 352 1295 esse
374 1228 537 1312 cupidum.
582 1228 680 1293 Nune
702 1247 781 1292 vero
803 1247 905 1309 quum
932 1228 1054 1292 mertui
1081 1227 1140 1292 ho·
1193 1221 1337 1288 dissidet
1381 1223 1468 1288 Nam
1490 1245 1532 1289 ex
1559 1223 1698 1308 triginta
1725 1225 1879 1307 epistolis,
1912 1247 1994 1309 quas
2016 1226 2108 1291 velut
2129 1226 2172 1292 ad

159 1314 260 1380 minis
277 1314 434 1397 reliquiae
451 1313 645 1397 pestiferum
662 1313 819 1378 foetorem
837 1314 972 1396 spirent,
993 1313 1140 1396 quisquis
1192 1330 1246 1373 me
1274 1309 1414 1391 scriptas
1440 1309 1476 1373 in
1504 1309 1671 1392 publicum
1700 1309 1810 1389 edidit,
1843 1311 2003 1396 vigesima
2031 1313 2171 1395 septima

158 1399 293 1479 malum,
317 1421 358 1465 ne
380 1400 513 1484 longius
535 1406 655 1481 serpat,
683 1396 828 1464 remedie
855 1399 959 1465 arceri
986 1396 1139 1483 indigna·
1190 1393 1277 1459 hane
1294 1395 1517 1477 quaestionem
1535 1394 1696 1461 eontinet:
1715 1399 1790 1474 [pag.
1809 1401 1842 1475 9]
1860 1397 2000 1462 liceatne
2017 1397 2170 1464 christia·

159 1485 257 1565 bitur,
291 1486 477 1568 improbum
509 1504 544 1550 se
577 1492 611 1549 et
638 1483 805 1548 crudelem
827 1483 984 1550 ostendet
1029 1482 1138 1565 Quam
1192 1481 1245 1544 nis
1273 1480 1476 1563 principibus
1505 1480 1630 1546 scelera
1656 1489 1761 1546 morte
1788 1483 1916 1564 punire.
1961 1481 2171 1548 Sententiam

158 1579 379 1656 praepostera,
402 1570 544 1647 obsecre,
565 1569 632 1634 ista
651 1576 703 1634 est
721 1569 920 1648 humanitas,
947 1576 985 1634 ut
1007 1569 1138 1634 silentio
1192 1564 1339 1630 dicturus
1360 1566 1409 1630 ita
1431 1567 1616 1649 praefatur:
1644 1565 1799 1650 Optimus
1821 1567 1877 1632 ille
1899 1567 1978 1632 erdo
2001 1574 2051 1634 est
2072 1588 2172 1650 quem

162 1664 296 1741 tegatur
324 1657 421 1721 unius
444 1656 588 1721 hominis
622 1653 779 1733 dedecus,
813 1653 957 1721 Satanae
990 1656 1138 1738 aucupiis
1191 1649 1285 1716 decet
1304 1652 1396 1715 intus
1417 1652 1568 1734 spiritus:
1588 1652 1645 1734 qui
1668 1662 1702 1717 et
1723 1653 1940 1718 reluctantem
1962 1673 2094 1719 carnem
2118 1675 2171 1719 eo-

158 1742 250 1807 mille
272 1744 399 1808 animas
421 1739 598 1826 prostitui?
627 1740 765 1808 Utinam
786 1741 905 1824 sepulti
927 1748 1037 1806 essent
1058 1738 1137 1807 Ser·
1190 1735 1305 1802 hibere
1326 1734 1428 1803 dccet.
1473 1735 1542 1804 Sed
1563 1737 1724 1819 numquid
1746 1737 1913 1804 occidere?
1949 1738 2085 1804 Veritas
2105 1739 2171 1804 Dei

158 1829 229 1894 veti
251 1847 389 1893 errores.
434 1825 502 1893 Sed
536 1825 615 1892 dum
645 1846 700 1891 eos
721 1825 863 1892 volitare
891 1824 997 1906 audio,
1031 1836 1139 1891 tacere
1191 1832 1250 1902 est,
1283 1821 1427 1906 rigidum
1455 1821 1538 1888 illud
1566 1821 1608 1887 ad
1635 1831 1776 1889 mertem
1802 1824 1962 1890 iudicium
1989 1845 2050 1908 per
2072 1823 2171 1890 (lhri-

159 1914 231 1978 sine
276 1912 409 1978 erfidiae
431 1913 529 1996 eulpa
550 1932 617 1978 non
638 1911 738 1977 licet„
1190 1915 1278 1974 stum
1300 1928 1371 1974 esse
1393 1909 1576 1988 remissum,
1599 1909 1655 1974 ubi
1677 1929 1753 1991 spes
1772 1916 1823 1975 est
1839 1910 2057 1975 correctionis.
2080 1909 2171 1975 Hinc

246 1935 446 2081 &uunquam
465 2020 532 2063 nen
559 2008 628 2063 tam
651 1998 751 2063 huius
772 1995 1017 2077 lucubrationis,
1040 2017 1138 2082 quam
1191 1991 1358 2060 adulterae
1380 1993 1476 2059 dixit:
1499 1993 1604 2073 Vade,
1626 2002 1660 2058 et
1680 1994 1818 2078 posthae
1839 2016 1882 2059 ne
1902 1995 2097 2079 peccaveris.
2124 1996 2181 2060 let>

158 2082 302 2148 inflictae
324 2083 451 2148 homiui
472 2104 596 2166 poenae
627 2081 793 2149 reddenda
825 2083 909 2147 ratio
942 2090 1000 2150 est.
1051 2084 1138 2150 Nam
1190 2078 1268 2144 alibi
1290 2079 1422 2145 adiecit:
1451 2080 1503 2144 Ne
1525 2077 1603 2162 quid
1626 2079 1769 2145 deterius
1790 2081 1850 2145 tibi
1872 2081 2050 2165 contingat.
2096 2078 2171 2147 Sie-

159 2168 317 2253 quidquid
341 2188 361 2234 a
383 2167 513 2236 Senatu
534 2176 647 2234 nestro
675 2177 782 2235 aetum
805 2176 864 2248 est,
897 2169 981 2234 mibi
1013 2170 1138 2252 passim
1190 2175 1227 2230 ut
1254 2164 1354 2230 iudex
1387 2164 1444 2231 ille
1466 2185 1639 2248 supremus
1666 2187 1726 2231 nos
1753 2165 1896 2250 corrigit,
1926 2172 1959 2230 et
1979 2172 2094 2230 monet
2110 2186 2170 2230 an·

158 2253 365 2321 adscribitur.
381 2254 405 2338 ¹)
449 2254 519 2321 Nee
541 2275 621 2321 sane
643 2253 822 2335 dissimulo,
845 2274 919 2319 mea
940 2274 1040 2337 opera
1061 2276 1138 2320 eon·
1191 2258 1323 2334 tequam
1344 2250 1484 2318 occidat:
1507 2251 1554 2316 ita
1576 2250 1633 2315 alii
1654 2250 1778 2318 iudices
1799 2251 1905 2317 faeere
1928 2249 2056 2317 debent
2079 2250 2169 2315 Illud

158 2339 295 2423 silioque
317 2341 389 2405 iure
412 2345 486 2419 [pag.
509 2345 541 2419 8]
568 2342 604 2405 in
625 2360 788 2406 carcerem
816 2340 918 2406 fuisse
943 2341 1136 2406 coniectum.
1190 2345 1378 2416 verumest,
1400 2336 1698 2420 quodoorrectione
1718 2357 1784 2402 non
1802 2343 1991 2420 exspectata
2002 2337 2171 2402 Ananiam
2230 2340 2234 2346 '

158 2423 247 2506 Quia
277 2433 409 2510 recepto
442 2425 542 2492 huius
574 2427 718 2492 civitatis
745 2427 826 2506 iure,
859 2425 1008 2492 criminis
1042 2448 1137 2492 reum
1191 2435 1225 2487 et
1234 2421 1434 2506 Sapphiram
1445 2420 1563 2489 oceidit
1573 2422 1703 2502 Petrus,
1728 2423 1773 2488 ibi
1784 2423 1964 2488 morituros
1974 2421 2170 2506 praedicens

157 2531 316 2596 peragere
333 2511 529 2596 oportuiw)
547 2532 680 2579 causam
698 2511 764 2577 huc
780 2531 885 2594 usque
902 2532 955 2576 me
973 2532 1043 2578 esse
1084 2534 1137 2577 re·
1190 2509 1224 2573 in
1263 2508 1408 2574 criminis
1441 2506 1692 2573 detestationem
1725 2515 1759 2573 et
1795 2507 1933 2572 aliorum
1971 2508 2168 2591 exemplum.

158 2605 334 2680 sequutum
353 2599 467 2664 fateor.
501 2598 556 2663 Ex
578 2617 642 2681 que
663 2597 832 2664 convietus
853 2602 912 2675 est,
935 2617 989 2664 me
1008 2535 1138 2664 nullum
1190 2595 1261 2659 Aut
1277 2601 1365 2660 certe
1383 2595 1460 2677 quia
1480 2593 1617 2676 spiritus
1634 2601 1767 2660 sanetus
1784 2601 1864 2658 tunc
1881 2594 2025 2659 maxime
2043 2595 2170 2678 vigens,

159 2681 199 2746 de
220 2703 326 2766 poena
347 2682 486 2749 verbum
508 2685 634 2762 fecisse,
671 2704 739 2748 non
771 2684 880 2750 solum
910 2684 990 2750 boni
1022 2704 1137 2751 omnes
1190 2701 1287 2763 quem
1328 2691 1522 2762 spreverant
1561 2678 1697 2745 decebat
1733 2699 1804 2745 esse
1845 2679 2087 2764 incorrigibiles
2133 2679 2170 2743 in

158 2768 222 2835 viri
243 2769 325 2834 mihi
347 2776 447 2835 testes
468 2778 568 2834 erunt
588 2768 646 2835 sed
678 2768 774 2833 malis
802 2771 903 2835 etiam
931 2769 1071 2836 cencede
1099 2777 1138 2836 ut
1189 2765 1317 2830 malit-ia
1338 2766 1528 2831 obstinatos.
1550 2764 1624 2831 Hce
1646 2765 1770 2830 crimen
1789 2774 1839 2830 est
1855 2772 1962 2831 morte
1978 2764 2170 2848 simpliciter

156 2854 325 2936 proferant
346 2855 374 2920 si
396 2852 477 2937 quid
500 2854 632 2920 habent.
672 2853 739 2920 Sed
762 2862 923 2940 quatenus
944 2877 1003 2940 pro
1026 2877 1138 2922 ressus
1190 2850 1328 2935 dignum
1350 2858 1383 2916 et
1403 2848 1490 2934 apud
1511 2849 1622 2917 Deum
1652 2858 1686 2915 et
1711 2850 1799 2934 apud
1827 2851 1992 2917 homines:
2029 2850 2072 2915 In
2094 2849 2169 2916 aliis

157 2938 220 3004 sim
241 2962 308 3005 non
331 2941 415 3006 tanti
442 2941 590 3020 interest,
624 2948 662 3006 ut
694 2940 822 3024 publico
854 2941 939 3008 libre
973 2877 1138 3008 calumnia
1190 2948 1300 3003 autem
1322 2937 1523 3015 criminibus,
1545 2937 1602 3002 ubi
1624 2937 1758 3020 spiritus
1781 2944 1914 3004 sanctus
1931 2936 2071 3021 speciale
2088 2936 2170 3019 quid

157 3044 255 3106 quam
288 3026 372 3090 mihi
407 3033 588 3109 aspergunt
609 3027 663 3091 vel
684 3027 868 3093 turbulenti
890 3028 1050 3108 homines,
1083 3027 1138 3094 vel
1190 3044 1256 3088 non
1278 3021 1380 3101 doeet,
1403 3022 1460 3088 ubi
1481 3043 1547 3087 non
1565 3031 1616 3088 est
1633 3023 1819 3088 inveterata
1836 3023 1971 3102 malitia,
1995 3031 2052 3087 aut
2069 3022 2168 3089 obsti·

157 3111 304 3195 maligni,
339 3111 393 3177 vel
414 3110 525 3177 stolidi
554 3119 588 3176 et
609 3111 737 3192 ebriosi,
770 3121 941 3200 purgetur.
987 3113 1064 3180 Alia
1085 3120 1138 3195 (ut
1189 3108 1280 3175 natio
1302 3118 1391 3175 certa
1412 3128 1480 3172 non
1502 3115 1647 3192 apparet,
1682 3116 1741 3173 aut
1762 3109 1916 3174 atrocitas
1937 3129 2067 3192 magna,
2097 3130 2168 3174 oer-

156 3194 266 3275 video)
289 3216 387 3263 causa
408 3218 498 3264 nunc
521 3198 649 3283 agenda
671 3206 734 3264 est:
1189 3196 1367 3262 rectionem
1389 3215 1448 3278 per
1470 3193 1551 3259 alias
1573 3194 1804 3278 castigationes
1830 3194 1937 3278 magis
1958 3212 2090 3277 sperare
2112 3191 2168 3259 de·

1188 3281 1314 3361 bemus,
1348 3300 1447 3430 quam
1474 3285 1615 3345 mortem
1635 3279 1773 3379 inferre.
1822 3279 1917 3344 Inter
1948 3279 2168 3344 correctiones

191 3441 244 3496 AN
267 3443 496 3501 cmsmms
513 3445 696 3502 remmus
713 3445 945 3504 munuca
966 3447 1104 3505 emma
1189 3364 1549 3534 illll'leltlllllt
1562 3363 2019 3516 inh‘idilidlmsbidiffield
2034 3383 2168 3515 iiiii

557 3523 737 3605 LIOEATJ)
1190 3559 1279 3604 reses
1298 3538 1346 3603 ita
1362 3536 1456 3601 initio
1473 3533 1704 3618 puniebantur,
1728 3534 1867 3600 durante
1886 3535 2082 3617 apostolieae
2098 3539 2167 3599 tra·

1190 3623 1324 3690 ditionis
1344 3620 1493 3705 vestigio.
1552 3619 1619 3702 Qui
1652 3627 1747 3684 extra
1778 3618 1856 3685 fidei
1870 3621 2056 3705 negotium
2090 3627 2168 3686 sunt
2198 3652 2201 3657 ·

243 3706 354 3790 Atque
375 3713 413 3771 ut
433 3708 488 3774 hic
505 3709 587 3774 mihi
608 3730 683 3774 cum
704 3709 833 3776 duobus
850 3710 1018 3777 hominum
1038 3733 1137 3796 gene·
1188 3707 1370 3787 facinorosi,
1397 3707 1469 3771 iure
1496 3707 1642 3770 omnium
1668 3704 1819 3790 gentium
1847 3705 2046 3789 puniuntur:
2080 3703 2167 3791 quod

157 3790 249 3858 ribus
270 3793 441 3877 negotium
464 3801 523 3874 est,
545 3795 593 3858 ita
609 3793 761 3861 distinete
778 3804 934 3879 utrosque
951 3804 989 3861 ut
1006 3817 1136 3862 meren·
1189 3795 1289 3860 etiam
1310 3795 1363 3859 ius
1384 3791 1536 3857 naturale
1557 3798 1616 3857 est.
1658 3790 1733 3856 Hoc
1755 3789 1910 3857 Ohristus
1931 3814 1999 3857 non
2018 3793 2166 3876 negavit:

156 3884 214 3943 tur
236 3877 391 3946 maembo.
428 3878 528 3945 Multi
550 3877 647 3946 hodie
669 3886 748 3946 sunt
769 3881 953 3948 turbulenti
975 3883 1135 3964 hemines,
1189 3882 1275 3947 sieut
1300 3876 1535 3944 haereditatem
1562 3875 1710 3943 dividere
1736 3897 1904 3958 recusans,
1937 3898 2004 3943 non
2031 3875 2168 3964 negavit

157 3962 275 4046 quibus
304 3967 332 4030 si
360 3964 499 4030 liberum
527 3966 613 4031 foret
639 3963 797 4049 quidquid
825 3968 916 4032 intus
942 3976 1136 4051 conceptum
1189 3986 1260 4032 esse
1302 3965 1339 4029 ui
1360 3962 1580 4030 haereditates
1602 3961 1797 4029 dividerent.
1810 3964 1835 4044 ¹)

157 4049 282 4116 habent
303 4051 444 4131 effutire,
467 4050 552 4117 nihil
573 4072 640 4117 non
661 4072 722 4135 pro
745 4052 882 4119 effraeni
909 4074 971 4119 sua
999 4052 1138 4121 audacia
1274 3987 1427 4116 drimum
1453 4056 1563 4134 negat,
1596 4046 1742 4115 cecidere
1774 4069 1817 4114 ex
1849 4048 1985 4133 spiritus
2019 4048 2169 4115 doctrina

157 4135 389 4204 convellerent.
453 4136 533 4203 Istis
565 4158 632 4202 non
664 4137 787 4202 mirum
820 4146 872 4204 est
903 4141 932 4203 si
964 4146 1136 4224 tantopere
1188 4136 1361 4219 proficisci.
1384 4133 1514 4200 Deinde
1535 4133 1675 4200 mortale
1696 4133 1855 4199 iudicium
1873 4133 2000 4200 Ohristi
2022 4134 2169 4200 adventu

157 4221 281 4288 arridet
312 4223 501 4307 impunitas,
535 4221 688 4288 licentiae
723 4230 838 4290 mater.
891 4224 1004 4292 Facile
1036 4227 1136 4292 etiam
1192 4222 1368 4289 remissum
1397 4242 1476 4300 esse,
1505 4225 1580 4301 [pag.
1602 4223 1655 4300 10]
1685 4219 1744 4285 ubi
1771 4241 1845 4303 spes
1872 4227 1922 4286 est
1948 4220 2167 4286 correctionis.

157 4305 367 4374 subscribunt
386 4309 543 4393 Epicurei
565 4329 679 4374 omnes
701 4330 739 4376 ae
756 4310 936 4390 Lueianici,
959 4312 1135 4396 querum⁸)
1188 4308 1294 4374 Paule
1315 4314 1388 4391 post
1409 4307 1540 4386 fatetur,
1563 4314 1659 4371 extra
1679 4304 1757 4371 fidei
1775 4306 1944 4391 negotium
1969 4303 2009 4370 de
2026 4302 2168 4371 scelera-

156 4391 316 4474 voluptati
338 4393 401 4460 hoe
423 4416 529 4460 unum
551 4394 652 4474 deest,
675 4393 761 4477 quod
781 4415 865 4479 quae
886 4397 975 4461 inter
992 4418 1028 4462 se
1046 4396 1135 4463 elan·
1188 4395 1231 4459 tis
1253 4392 1391 4477 capitale
1413 4392 1609 4477 supplicium
1631 4392 1716 4456 iuste
1734 4392 1832 4456 sumi:
1857 4411 1964 4474 neque
1981 4390 2088 4476 magis
2105 4389 2168 4454 im-

157 4475 268 4541 eulum
290 4486 324 4543 et
343 4480 559 4563 aenigmatice
571 4480 744 4565 sacrilegia
754 4480 1014 4561 obmurmurant,
1037 4481 1135 4564 plene
1188 4477 1294 4563 pediri
1314 4478 1397 4546 tales
1417 4498 1542 4562 peenas
1562 4476 1689 4543 Ohristi
1709 4476 1862 4556 adventu,
1884 4476 2054 4559 quamius
2070 4476 2168 4542 fami·

157 4580 215 4625 ere
238 4581 372 4644 erepere
393 4583 461 4629 non
483 4564 616 4631 audent.
655 4566 808 4651 Denique
829 4573 989 4652 quotquot
1009 4587 1136 4652 poenae
1188 4565 1252 4630 liae
1273 4563 1556 4647 herciscundae.²)
1583 4561 1630 4628 Et
1650 4583 1704 4628 me
1726 4561 1851 4628 scilieet
1871 4561 2033 4628 Iudaeum
2055 4582 2097 4647 ap
2138 4561 2167 4626 l·

1121 4657 1125 4662 ’
1188 4650 1245 4730 lat,
1285 4650 1361 4733 quia
1396 4648 1478 4715 iuris
1512 4649 1654 4748 rigerem
1683 4648 1851 4747 ‘intactum
1884 4647 2042 4731 relinquo.
2074 4734 2081 4748 ο
2124 4668 2167 4731 ge

226 4781 258 4918 a
275 4782 765 4934 octbr&
943 4855 1134 4927 ,tre
1187 4733 1693 4906 wambwgt
1737 4731 2167 4886 ‘tluttt‘ttit

156 4919 283 4976 l’henme
301 4923 346 4990 qui
364 4919 496 4976 demnda
512 4921 608 4976 lustres
632 4928 726 4976 conus
749 4923 795 4991 luy
812 4923 839 4979 le
856 4924 906 4981 leit
923 4928 940 4981 t
956 4942 1020 4984 mon
1038 4925 1134 4982 adveu.
1187 4915 1261 4987 stat,
1285 4927 1384 4973 ausus
1406 4927 1474 4972 non
1495 4906 1623 4972 fuerim.
1670 4903 1762 4986 Quid
1790 4911 1902 4970 autem
1930 4902 2021 4988 ipse?
2067 4901 2166 4969 Ohri·

226 4990 255 5057 ¹¹)
274 4988 313 5044 In
333 4989 433 5060 gallice
456 4986 523 5044 daec
544 5004 601 5043 aen
618 4990 731 5044 rubrica
753 4996 793 5045 est
817 4991 866 5046 sed
890 4994 980 5062 ipsias
997 4995 1134 5050 erationis

151 5055 1133 5198 {titedztttttu'tluitttutttttdttttl

153 5196 252 5267 tiques.
1256 5197 1288 5264 1)
1307 5197 1381 5252 Aea.
1397 5196 1478 5253 Vella
1494 5196 1536 5251 les
1554 5212 1604 5265 pre
1624 5212 1669 5252 res
1686 5201 1759 5253 mets
1776 5195 1810 5252 de
1828 5195 1933 5250 Servat.

224 5265 257 5332 3)
273 5281 355 5334 quum
372 5262 450 5318 Besa
467 5267 493 5318 et
509 5262 597 5317 Amet
1257 5265 1290 5335 2)
1309 5282 1360 5337 que
1378 5272 1438 5321 tout
1454 5264 1481 5320 le
1499 5271 1571 5320 reste
1592 5211 1626 5320 db
1643 5264 1672 5320 la
1689 5264 1787 5334 pelice.
