4702 5926
229 341 290 402 tel
973 331 1241 401 Rauennam
1262 329 1497 400 ERRORUM
2172 335 2239 397 492

231 521 297 587 alto
308 521 333 598 ¹)
355 522 563 605 pronuncias,
585 520 646 586 hoo
666 528 771 586 totum
794 543 864 588 assa
881 521 1076 588 fabulosum.
1122 519 1207 602 Quis
1259 538 1340 601 0101
1362 518 1470 583 usum
1492 525 1552 597 est,
1581 524 1621 583 ut
1642 523 1754 584 tamen
1776 518 1894 585 efficax
1916 525 1991 599 [pag.
2015 525 2068 601 01]
2104 526 2241 586 maneat

230 613 268 671 tu
291 627 335 684 es,
358 614 396 671 ut
417 614 604 690 contempta
620 607 718 672 Pauli
740 607 926 687 autoritate,
948 628 1008 690 per
1029 627 1128 690 quem
1145 608 1206 672 sci·
1259 602 1374 670 foedus
1399 603 1482 669 illud
1509 603 1595 687 qued
1616 604 1710 670 Deus
1737 625 1813 671 cum
1834 604 1957 671 Israele
1979 606 2111 690 pepigit.
2148 607 2240 672 Oen·

228 712 304 756 mus
325 691 495 775 loquutum
518 713 590 758 1111
608 692 788 773 Christum,
811 694 877 759 tuis
894 694 1086 758 commentis
1107 691 1207 757 fidem
1258 690 1400 754 veniunt
1425 689 1528 773 igitur
1548 688 1631 756 haee
1651 688 1732 754 duo:
1787 690 1864 755 Non
1894 711 2007 757 omnes
2039 692 2097 774 qui
2127 692 2240 758 carnis

229 776 430 855 habeamus?
474 779 596 844 Annon
629 785 663 842 11
695 779 805 861 pudet,
833 779 1003 845 Abraham
1036 779 1206 843 nominare
1259 776 1422 858 originem
1443 775 1583 840 trahunt
1604 796 1647 840 11
1669 775 1839 841 Abraham
1865 797 1936 842 esse
1958 777 2113 843 Abrahae
2141 778 2238 855 filios,

229 863 337 928 earnis
359 862 474 943 filium,
507 865 563 946 qui
591 864 629 928 in
651 866 767 947 spiritu
790 864 874 931 vidit
896 864 983 929 diem
1004 863 1139 944 (11111111,
1173 872 1207 928 11
1258 868 1293 925 11
1313 868 1425 925 tamen
1448 882 1515 926 101
1536 861 1660 926 frustra
1681 859 1804 928 dictum
1832 883 1905 928 esse
1927 864 2044 927 semini
2065 864 2238 928 Abrahae:

229 948 432 1016 exsultavit?
478 948 653 1015 Gamalam
682 957 814 1016 tantum
843 950 1079 1015 haereditatem
1106 949 1206 1014 11111-
1257 946 1326 1010 Ero
1348 944 1441 1011 Deus
1464 953 1586 1026 vester;
1609 966 1670 1011 nec
1691 948 1820 1012 irritam
1842 969 1913 1012 esse
1933 950 2074 1032 gratiam
2095 949 2239 1015 foederis

229 1054 330 1116 quere
351 1042 464 1099 sancto
485 1035 592 1113 Iacob,
626 1037 681 1117 qui
703 1037 791 1100 inter
808 1037 940 1101 ultimos
958 1036 1103 1118 spiritus,
1121 1035 1207 1100 nihil
1258 1052 1322 1115 quo
1343 1032 1443 1096 fidem
1464 1053 1560 1097 suam
1580 1031 1712 1097 Iudaeis
1733 1033 1825 1098 Deus
1847 1035 2033 1099 obstrinxit.

229 1140 329 1202 quam
349 1126 488 1185 mortem
510 1120 636 1186 habens
658 1141 736 1204 prae
758 1122 870 1200 oculis,
895 1122 1113 1188 exclamabat:
1143 1119 1206 1186 Sa·
1344 1116 1478 1200 Alioqui
1496 1117 1536 1183 de
1555 1118 1660 1183 nihilo
1673 1118 1799 1183 Paulus
1817 1119 1895 1184 alibi
1913 1119 2046 1200 diceret,
2065 1120 2240 1188 Christum

229 1204 334 1270 lutam
356 1212 451 1270 tuam
473 1207 668 1289 exspectabo
681 1207 846 1272 Domine?
870 1206 938 1273 Sed
960 1206 1038 1289 quid
1059 1206 1114 1271 hic
1135 1206 1206 1271 len·
1258 1223 1330 1268 esse
1351 1203 1544 1268 ministrum
1570 1203 1836 1284 circumcisionis,
1869 1204 1911 1270 ad
1943 1206 2129 1290 implendas
2160 1229 2239 1290 pro-

229 1291 303 1373 gius
324 1291 502 1356 immoror?
547 1290 615 1373 Qui
637 1291 679 1356 ad
701 1292 801 1357 aliam
821 1292 1069 1369 haereditatem,
1092 1291 1145 1359 vel
1164 1290 1207 1357 ad
1258 1288 1432 1353 missiones
1454 1309 1537 1371 quae
1555 1288 1704 1372 patribus
1722 1289 1819 1356 datae
1836 1291 1969 1356 fuerant
1991 1293 2100 1376 (Rom.
2124 1298 2172 1372 15,
2193 1297 2238 1375 8).

230 1375 320 1441 aliud
342 1375 406 1442 Dei
439 1398 579 1461 reguum
612 1377 766 1461 adspirat,
801 1399 896 1461 quam
929 1399 1032 1461 quos
1074 1383 1207 1443 etarunt
1259 1372 1333 1455 Quo
1355 1375 1524 1456 spectabat
1544 1375 1601 1439 illa
1623 1377 1765 1457 precatio
1786 1376 1898 1442 Iacob:
1937 1377 2117 1444 Invocetur
2137 1400 2241 1462 super

228 1462 444 1545 patriarchae,
473 1463 627 1529 cohaeres
649 1463 693 1528 sit
714 1463 859 1530 diabolis.
904 1464 991 1528 Nam
1045 1485 1063 1528 c
1094 1462 1207 1528 electis
1258 1479 1314 1524 eos
1336 1480 1457 1524 nomen
1476 1461 1918 1540 1111111,111.((11111.48,
1946 1464 2241 1542 16).Nihilenim

231 1546 361 1626 dicitur,
395 1546 482 1630 quod
512 1549 705 1614 recumbent
736 1570 812 1616 cum
834 1549 1013 1627 Abraham,
1046 1549 1141 1614 Isaeo
1173 1555 1207 1613 et
1259 1546 1436 1627 profuisset
1454 1547 1523 1611 eius
1540 1547 1680 1629 posteris
1697 1567 1817 1612 nomen
1834 1548 1926 1627 illud,
1949 1550 2013 1614 nisi
2032 1551 2109 1632 quia
2126 1571 2241 1616 seeum

229 1631 328 1697 Iacob
360 1633 396 1696 in
429 1654 531 1718 regno
552 1635 627 1700 Dei.
670 1636 721 1698 Tu
753 1655 833 1701 vero
865 1655 946 1718 quos
978 1634 1060 1699 mihi
1093 1635 1206 1699 titulos
1258 1631 1410 1696 trahebat
1430 1630 1571 1697 foederis
1590 1631 1836 1698 haereditatem.

230 1738 391 1793 recenses,
423 1740 489 1783 non
522 1719 757 1786 animadvertis
788 1721 823 1784 in
852 1719 1031 1804 degeneres
1059 1728 1092 1785 ct
1113 1720 1206 1803 quasi
1345 1714 1437 1781 Dum
1468 1718 1560 1782 Petri
1594 1719 1794 1783 sententiam
1828 1721 1968 1801 (11012,
1994 1721 2050 1805 39)
2083 1730 2241 1788 excutere

231 1802 433 1870 adulterinos
453 1804 593 1870 Iudaeos
614 1805 763 1871 conferri.
798 1805 936 1871 Utinam
958 1805 1132 1888 aliquando
1155 1827 1206 1870 re-
1258 1800 1340 1865 mihi
1360 1803 1498 1880 0011111,
1520 1802 1604 1867 nihil
1626 1802 1715 1867 aliud
1737 1806 1877 1886 proficis,
1906 1807 1971 1871 nisi
1992 1814 2030 1871 ut
2051 1806 2182 1872 videam
2204 1816 2241 1873 te

228 1888 377 1972 ligiosius
398 1892 524 1956 versari
546 1889 652 1956 discas
674 1890 711 1956 in
733 1891 914 1974 scripturis.
1258 1886 1438 1970 pugnando
1464 1889 1572 1972 magis
1597 1890 1764 1953 intentum
1793 1910 1984 1973 essequam
2006 1891 2170 1973 discendo,
2204 1902 2240 1958 et

1258 1972 1357 2038 simul
1378 1972 1553 2039 candorem
1580 1974 1713 2039 homine
1738 1975 1884 2059 ingenuo
1906 1976 2044 2062 dignum
2066 1981 2102 2042 in
2124 1985 2157 2043 11
2180 1978 2237 2045 da·

1259 2056 1409 2122 siderem.
1468 2057 1566 2140 Quod
1607 2058 1753 2138 adducis,
1775 2061 1915 2126 Petrum
1947 2061 1988 2126 de
2020 2065 2238 2146 promissione

313 2146 569 2210 Promissionem
587 2144 700 2212 istam:
723 2148 791 2212 Ero
808 2145 902 2213 Deus
922 2155 999 2212 tuus
1021 2154 1056 2212 et
1071 2148 1207 2213 seminis
1259 2144 1395 2226 spiritus
1416 2143 1515 2226 loqui,
1538 2144 1622 2208 nihil
1645 2145 1687 2209 ad
1708 2154 1916 2228 praesentem
1937 2169 2079 2214 causam
2118 2147 2238 2216 Status

228 2232 285 2310 tui,
309 2231 417 2298 locum
439 2230 559 2296 habere
581 2252 683 2315 negas
700 2233 737 2296 in
755 2232 903 2314 parvulis
920 2234 1052 2312 nostris,
1075 2234 1152 2317 quia
1170 2234 1206 2297 in
1257 2229 1294 2292 iu
1317 2229 1380 2293 hoc
1400 2230 1555 2295 vertitur:
1578 2229 1649 2296 (111
1669 2230 1791 2296 Ρ11111
1813 2231 1899 2298 dieat
1920 2235 2172 2316 promissionem
2194 2234 2238 2301 ad

226 2318 268 2382 iis
299 2317 502 2399 compleatur
533 2337 613 2400 0101
645 2316 849 2384 circumcidit
880 2318 1035 2384 Christus
1067 2320 1206 2384 circum-
1258 2313 1399 2379 Iudaeos
1420 2322 1454 2379 et
1474 2315 1559 2379 filios
1582 2335 1697 2380 eorum
1718 2318 1903 2398 pertinere?
1938 2319 1992 2383 Ad
2014 2321 2237 2403 tergiversan-

229 2403 676 2481 0111011[01.0.51]0011111.Ι
706 2404 757 2468 Ae
779 2404 808 2468 si
831 2404 973 2486 quisita
994 2404 1205 2471 ratiocinare·
1259 2398 1338 2465 dum
1360 2400 1480 2483 arripis
1502 2401 1696 2483 particulam
1717 2422 1800 2483 quaa
1822 2405 1981 2486 sequitur:
2014 2403 2239 2489 Queseunque

228 2495 292 2569 tur,
314 2488 408 2553 Isaae
426 2507 494 2551 101
512 2507 583 2552 esse
601 2494 714 2552 natum
733 2487 797 2553 Dei
815 2489 930 2568 filium,
948 2490 1025 2572 quia
1036 2489 1206 2554 Abraham
1258 2486 1427 2551 vocaverit
1449 2484 1622 2550 Dominus.
1651 2486 1727 2550 Nisi
1749 2488 1808 2551 tibi
1830 2511 1870 2553 ex
1893 2490 2038 2572 professe
2060 2492 2239 2556 veritatem

215 2573 292 2638 ,fide
313 2574 414 2638 fuerit
435 2573 550 2638 lactus.
594 2572 723 2638 Verum
743 2575 907 2640 Dominus
933 2574 1043 2658 palam
1065 2582 1207 2640 testatur
1257 2571 1372 2655 fugere
1396 2579 1430 2635 et
1450 2573 1645 2654 impugnare
1670 2571 1839 2637 decretum
1867 2575 1918 2652 sit,
1950 2576 2094 2641 breviter
2124 2584 2237 2642 osten·

228 2680 287 2740 per
308 2657 528 2735 Ezechielem,
561 2678 675 2724 omnes
707 2660 763 2741 qui
793 2681 836 2724 01
867 2661 1023 2744 01000111
1050 2660 1205 2726 Abrahae
1258 2655 1334 2719 dam
1356 2656 1470 2738 procul
1493 2667 1527 2720 te
1549 2656 1701 2722 recedere
1723 2679 1743 2722 a
1763 2666 1875 2724 mente
1895 2660 1997 2726 Petri.
2021 2662 2112 2728 Dicit
2130 2663 2238 2727 enim:

226 2751 332 2822 erant,
365 2744 451 2808 filios
483 2743 545 2809 sibi
577 2744 677 2809 nasci.
719 2743 762 2810 Si
792 2745 899 2811 cordis
924 2747 1206 2812 circumcisionem
1257 2741 1362 2806 Vobis
1383 2742 1528 2824 primum
1549 2742 1635 2807 facta
1656 2750 1707 2807 est
1727 2746 1910 2827 promissio,
1944 2754 1977 2810 et
1998 2746 2075 2811 filiis
2104 2749 2237 2814 vestris

228 2827 418 2894 excluderet
445 2827 576 2911 adoptio
603 2829 826 2912 parvulorum
862 2831 986 2895 valeret
1019 2839 1078 2896 tua
1110 2833 1204 2897 ratio.
1258 2826 1329 2892 Our
1350 2826 1415 2893 illis
1436 2828 1605 2911 primum?
1634 2828 1761 2910 Nempe
1783 2829 1870 2912 quod
1886 2830 2001 2897 Iudaei
2024 2840 2147 2898 essent:
2167 2833 2238 2916 pri·

228 2912 297 2979 Sed
329 2914 472 2978 Domino
511 2916 731 2995 permittimus
770 2937 924 2982 arcanam
964 2918 1087 3000 gratiae
1126 2938 1205 2983 suae
1258 2914 1463 2996 mogenitura
1485 2913 1572 2977 enim
1595 2913 1662 2978 illis
1684 2911 1794 2979 debita
1816 2926 1895 2981 arat.
1929 2916 2102 2999 Sequitur:
2125 2919 2172 2983 Et
2193 2919 2237 2984 iis

228 2998 502 3081 dispensationem
523 3001 557 3062 in
579 3001 734 3081 parvulis,
766 3002 794 3066 si
827 3009 905 3067 ante
939 3022 994 3066 001
1028 3011 1142 3069 evocet
1163 3025 1205 3067 cx
1258 2998 1315 3080 qui
1337 2997 1434 3081 louge
1464 3006 1551 3076 sunt,
1587 3017 1797 3082 quoscunque
1829 3001 2039 3069 advocaverit
2059 3005 2237 3087 Dominus.

227 3082 360 3163 mundo,
382 3105 480 3166 quam
502 3084 667 3149 ordinario
690 3086 785 3151 modo
807 3087 895 3170 ipsos
917 3087 1139 3154 circumcidat.
1257 3082 1334 3147 Vox
1367 3083 1431 3148 ista
1453 3084 1572 3166 Longe
1611 3105 1678 3148 non
1717 3087 1882 3168 significat
1920 3087 1984 3154 loci
2025 3088 2236 3154 distantiam:

313 3169 503 3252 Exprobras
521 3169 608 3252 quod
627 3171 666 3235 de
685 3172 806 3236 carnali
819 3172 973 3238 Abrahae
991 3174 1115 3238 semine
1133 3194 1205 3239 car·
1257 3166 1315 3233 sed
1336 3168 1433 3252 longa
1455 3188 1525 3232 1110
1548 3167 1627 3234 dicit
1648 3179 1763 3252 gentes
1785 3192 1868 3253 quae
1890 3181 1986 3237 erant
2016 3194 2036 3237 a
2057 3176 2129 3239 Deo
2155 3174 2237 3240 1111·

228 3254 349 3320 naliter
381 3262 415 3319 et
445 3255 574 3321 iudaice
605 3257 755 3321 sentiam.
812 3258 918 3323 Paulo
959 3257 993 3321 id
1033 3258 1204 3341 exprobra,
1257 3273 1328 3319 nae.
1351 3252 1639 3335 Quemadmodum
1660 3265 1693 3318 et
1709 3256 1834 3321 Paulus
1852 3257 1996 3340 loquitur
2015 3263 2042 3323 2.
2062 3258 2105 3324 ad
2121 3259 2237 3343 Ephe-

227 3362 323 3424 qucm
344 3361 405 3425 ago
427 3340 594 3407 doctorem
617 3362 743 3424 sequor.
793 3341 852 3408 Sic
883 3345 971 3407 enim
1004 3343 1044 3410 de
1075 3343 1206 3409 foedare
1257 3340 1321 3404 1101
1340 3344 1384 3415 (1·
1408 3344 1475 3416 13)ss
1497 3337 1563 3419 (lui
1582 3344 1658 3417 [pag.
1679 3344 1732 3419 53]
1751 3342 1915 3424 quondam
1933 3346 2033 3410 eratis
2050 3345 2235 3429 longinqui,

227 3427 352 3512 0111110
385 3427 533 3508 disputat
567 3449 655 3492 nono
688 3437 722 3492 ct
757 3427 930 3495 undecimo
963 3427 1003 3494 ad
1026 3430 1204 3508 Romanos,
1257 3446 1345 3491 nunc
1376 3425 1551 3508 propinqui
1584 3427 1661 3490 facti
1690 3427 1769 3491 estis
1801 3449 1860 3511 per
1881 3428 2007 3494 Christi
2029 3432 2235 3515 sanguinem.

226 3511 368 3577 utillud
389 3511 532 3577 residere
555 3522 682 3579 asserat
702 3515 737 3577 in
758 3535 837 3580 vero
860 3522 893 3579 et
914 3515 1057 3580 naturali
1079 3517 1205 3580 samius
1256 3510 1404 3575 Veniens
1427 3512 1515 3574 enim
1536 3511 1776 3594 evangelizavit
1796 3533 1911 3596 paoem
1930 3516 2023 3582 vobis
2043 3518 2099 3599 qui
2120 3515 2236 3600 procul

226 3597 390 3663 Abrahae.
435 3599 509 3682 Ego
530 3607 618 3665 certe
639 3618 705 3664 non
728 3620 802 3665 sum
824 3608 894 3664 tam
914 3620 1051 3679 crassus,
1074 3608 1112 3666 ut
1130 3602 1203 3683 qui·
1257 3597 1407 3674 eboratis,
1430 3596 1525 3661 otiis
1545 3597 1601 3678 qui
1622 3618 1723 3680 prope
1745 3607 1847 3663 erant.
1881 3601 1991 3666 Locus
2012 3601 2237 3668 memorabilis

227 3704 355 3766 cunque
377 3706 419 3749 ex
441 3684 612 3749 Abraham
634 3684 738 3768 geniti
759 3694 838 3751 sunt
859 3685 1039 3753 secundum
1061 3706 1203 3766 1111111,
1256 3680 1394 3753 Iudaeos
1431 3682 1509 3747 feeit
1547 3683 1746 3765 propinquos
1782 3685 1864 3763 Deo,
1904 3687 2043 3770 gentiles
2082 3695 2235 3753 remotos.

228 3770 355 3834 censeri
388 3769 488 3834 velim
519 3770 608 3834 inter
641 3771 726 3837 filios
753 3771 917 3837 Abrahae.
961 3773 1095 3856 Regnat
1116 3773 1204 3837 enim
1257 3765 1334 3848 Qua
1363 3766 1403 3831 de
1428 3766 1548 3832 causa?
1599 3768 1802 3834 Reddiderat
1840 3772 1938 3854 paulo
1973 3780 2051 3837 ants
2090 3793 2237 3853 causam,

228 3854 332 3920 libera
353 3856 417 3919 Dei
437 3854 560 3933 electio,
587 3877 671 3937 quae
692 3855 859 3939 legitimos
880 3857 964 3922 filios
986 3857 1142 3923 discernit
1163 3858 1204 3923 ab
1257 3873 1358 3934 quum
1380 3853 1509 3917 dixerat
1530 3854 1673 3936 gentiles
1705 3855 1828 3921 alienos
1861 3878 1933 3922 esse
1966 3858 2136 3923 afoedere
2158 3859 2235 3936 Dei,

229 3937 432 4017 adulterinis,
455 3939 517 4003 hoe
538 3948 597 4018 est,
619 3941 807 4022 spirituales
824 3963 844 4006 a
861 3941 1054 4007 carnalibus.
1083 3943 1205 4008 Fateor
1257 3939 1334 4020 quia
1350 3948 1461 4003 essent
1479 3946 1574 4003 extra
1591 3939 1739 4022 politiam
1751 3941 1893 4007 Israelis.
1917 3943 2014 4009 Hane
2032 3945 2120 4008 enim
2138 3963 2236 4026 prae-

184 4024 201 4051 1
228 4024 361 4108 quidem
380 4024 442 4089 hoc
460 4026 567 4107 prima
583 4026 665 4091 facie
684 4025 790 4091 videri
807 4028 994 4106 absurdum,
1015 4028 1204 4111 quodDeus
1257 4026 1440 4108 rogativam
1457 4024 1523 4088 illis
1544 4025 1827 4092 oonceditPaulus
1848 4031 1964 4092 1119.
1986 4028 2132 4094 adRom.
2145 4029 2236 4111 quod

229 4112 399 4194 promittat
419 4111 490 4174 eius
502 4113 632 4193 generis
644 4132 679 4175 sc
690 4112 759 4176 fora
772 4112 892 4191 Deum,
902 4115 930 4190 2)
951 4115 988 4177 in
1009 4135 1073 4196 quo
1094 4114 1205 4197 plures
1257 4110 1343 4192 apud
1376 4109 1451 4174 illos
1477 4109 1687 4192 peculiariter
1716 4111 1880 4194 depositae
1911 4115 2035 4179 fuerint
2065 4117 2236 4197 pactiones

228 4196 361 4281 reprobi
382 4216 481 4278 quam
504 4195 599 4261 electi
622 4198 840 4278 reperiuntur.
881 4197 948 4263 Sed
971 4199 1060 4264 hune
1082 4198 1205 4263 nodum
1257 4197 1366 4271 (Rom.
1391 4199 1419 4271 3,
1443 4197 1461 4256 2
1485 4202 1519 4258 et
1539 4199 1574 4273 9,·
1591 4202 1636 4269 4).
1681 4197 1779 4261 Ν110
1801 4196 2044 4265 adorationem
2066 4201 2160 4265 Petri
2182 4222 2236 4265 re-

228 4283 397 4366 eleganter
425 4281 553 4346 Paulus
588 4282 738 4365 explicat.
781 4285 962 4367 Postquam
997 4286 1085 4349 anim
1118 4306 1204 4350 nono
1258 4282 1326 4346 deo.
1370 4279 1436 4345 Ubi
1458 4281 1602 4362 primurn
1624 4281 1763 4364 gradum
1785 4283 1918 4350 Iudaeis
1940 4286 2099 4363 attribuit,
2129 4287 2238 4352 socios

229 4369 335 4450 eapite
356 4367 492 4432 stultam
513 4367 710 4433 Iudaeorum
733 4368 961 4435 confidentiam
988 4368 1120 4450 retudit,
1149 4371 1204 4454 qui
1258 4368 1383 4452 gratiae
1405 4373 1439 4429 et
1459 4375 1624 4431 consortes
1645 4366 1711 4431 illis
1728 4367 1845 4432 deinde
1864 4369 2028 4454 adiungit:
2052 4381 2091 4435 ut
2110 4373 2238 4436 scireut

229 4454 264 4517 in
286 4473 385 4517 earne
407 4453 643 4536 gloriabantur,
664 4473 702 4518 ac
724 4454 835 4521 docuit
856 4456 976 4522 multos
998 4478 1109 4522 coram
1130 4456 1205 4521 Deo
1256 4454 1321 4518 Dei
1354 4451 1492 4535 gratiam
1525 4472 1585 4533 per
1617 4472 1731 4517 omnes
1763 4462 1878 4537 gentes
1905 4456 2124 4540 spargendam
2146 4477 2235 4522 esse:

228 4540 375 4622 reputari
398 4547 580 4619 extraneos,
616 4541 739 4623 quiex
761 4541 933 4607 Abraham
955 4563 1058 4626 genus
1080 4542 1205 4608 ducunt
1257 4537 1314 4605 sed
1336 4537 1385 4601 ita
1406 4545 1444 4600 ut
1465 4534 1610 4601 ordoille
1627 4539 1857 4605 observaretur
1873 4562 1970 4624 quem
1980 4543 2105 4607 Paulus
2125 4550 2237 4608 notat:

229 4623 411 4690 secundum
433 4644 575 4705 earnem,
601 4635 636 4690 et
656 4648 771 4692 rursus
792 4628 914 4692 multos
935 4629 992 4710 qui
1013 4628 1112 4692 alieni
1133 4629 1204 4692 fue·
1256 4623 1380 4690 Iudaeo
1401 4623 1554 4704 primum,
1578 4622 1696 4689 deinde
1718 4624 1855 4692 Graeco.
1899 4628 2003 4692 Porro
2026 4628 2119 4694 Deus
2137 4649 2238 4694 voca·

229 4719 304 4774 rant
324 4711 468 4792 cooptari
491 4712 526 4774 in
548 4733 722 4776 numerum
744 4713 900 4792 filiorum,
933 4714 1149 4795 tractavitque
1170 4712 1205 4776 id
1257 4711 1382 4774 tionem
1404 4727 1497 4771 suam
1520 4708 1667 4772 nondum
1694 4711 1729 4773 in
1757 4713 1910 4794 gentibus
1936 4715 2124 4796 auspicatus
2151 4724 2236 4792 erat,

229 4804 336 4861 tetum
363 4794 507 4878 pendere
534 4798 573 4862 ab
601 4798 760 4863 electione
787 4798 853 4863 Dei
879 4800 1036 4882 gratuita:
1073 4799 1205 4863 demum
1257 4816 1342 4878 quae
1374 4792 1498 4857 iamdiu
1526 4803 1681 4859 sonuerat
1708 4797 1743 4858 in
1766 4795 1897 4863 Iudaea.
1940 4800 2132 4865 Promiscue
2153 4820 2238 4883 ergo

229 4884 336 4965 capite
358 4881 531 4947 undecimo
553 4883 732 4957 contendit,
755 4903 822 4947 non
845 4904 916 4949 esse
939 4892 1048 4947 111101
1072 4888 1206 4948 inanem
1258 4887 1374 4965 gentes
1407 4899 1534 4960 quoque
1566 4877 1772 4946 advocandos
1803 4883 1840 4946 in
1874 4892 2042 4966 posterum
2069 4885 2237 4950 admonet.

228 4969 480 5050 promissionem
501 4966 575 5033 Dei.
620 4967 731 5033 Deum
764 4969 853 5032 enim
885 4970 932 5032 ita
962 4967 1063 5032 libere
1085 4969 1206 5053 eligere
1257 4964 1356 5032 Unde
1378 4965 1477 5028 etiam
1498 4963 1582 5029 illud
1602 4967 1700 5030 Pauli
1723 4966 1763 5032 ad
1785 4967 1940 5034 Iudaeos:
1973 4971 2077 5036 Vobis
2098 4971 2238 5053 quidem

163 5066 165 5070 ’
1258 5053 1401 5136 primum
1423 5049 1678 5132 praedicandum
1701 5060 1772 5117 erat
1793 5075 1935 5138 regnum
1956 5056 2035 5120 Dei:
2070 5057 2128 5122 sed
2156 5058 2238 5140 quia
2267 5105 2272 5111 -

297 5169 328 5304 ἐξ
346 5187 463 5294 00301ξῶ
467 5172 491 5225 11
507 5178 537 5224 tu
555 5171 631 5225 aveis
648 5188 684 5224 uu
702 5178 795 5226 trosne
814 5172 905 5225 eslere
924 5188 970 5226 sur
987 5172 1028 5227 les
1045 5188 1120 5227 oues.
1258 5137 1423 5291 &⁰3⁰5ssss
1445 5137 2239 5311 {zqssufflveffiissssofldqffizntgzlgoffioel32⁰3)AE

463 5279 469 5292 ⁸
1785 5275 1793 5306 1

517 2024 571 2090 De
593 2028 693 2092 tertia
714 2029 913 2111 quaestione.
