<?xml version="1.0" encoding="UTF-8"?>
<!DOCTYPE html PUBLIC "-//W3C//DTD XHTML 1.0 Transitional//EN"
    "http://www.w3.org/TR/xhtml1/DTD/xhtml1-transitional.dtd">
<html xmlns="http://www.w3.org/1999/xhtml" xml:lang="en" lang="en">
 <head>
  <title>
</title>
<meta http-equiv="Content-Type" content="text/html;charset=utf-8" />
  <meta name='ocr-system' content='tesseract 3.04.00' />
  <meta name='ocr-capabilities' content='ocr_page ocr_carea ocr_par ocr_line ocrx_word'/>
</head>
<body>
  <div class='ocr_page' id='page_1' title='image "./ioanniscalvinio02reusgoog/ioanniscalvinio02reusgoog_0385.png"; bbox 0 0 4604 5896; ppageno 0'>
   <div class='ocr_carea' id='block_1_1' title="bbox 89 252 2106 371">
    <p class='ocr_par' dir='ltr' id='par_1_1' title="bbox 89 252 2106 371">
     <span class='ocr_line' id='line_1_1' title="bbox 89 252 2106 371; baseline 0.002 -25"><span class='ocrx_word' id='word_1_1' title='bbox 89 285 151 347; x_wconf 78' lang='lat' dir='ltr'><strong><em>ros</em></strong></span> <span class='ocrx_word' id='word_1_2' title='bbox 410 276 411 279; x_wconf 62' lang='lat'>‘</span> <span class='ocrx_word' id='word_1_3' title='bbox 444 368 447 371; x_wconf 4' lang='grc' dir='ltr'>ᾖ</span> <span class='ocrx_word' id='word_1_4' title='bbox 781 252 1047 347; x_wconf 68' lang='lat' dir='ltr'><strong>EPISTOLAE</strong></span> <span class='ocrx_word' id='word_1_5' title='bbox 1069 280 1134 346; x_wconf 74' lang='lat' dir='ltr'><strong><em>sc</em></strong></span> <span class='ocrx_word' id='word_1_6' title='bbox 1158 273 1415 348; x_wconf 53' lang='lat' dir='ltr'><strong><em>sarasan</em></strong></span> <span class='ocrx_word' id='word_1_7' title='bbox 2043 291 2106 352; x_wconf 76' lang='lat' dir='ltr'><strong><em>ros</em></strong></span> 
     </span>
    </p>
   </div>
   <div class='ocr_carea' id='block_1_2' title="bbox 5 466 2188 4906">
    <p class='ocr_par' dir='ltr' id='par_1_2' title="bbox 5 466 2188 4906">
     <span class='ocr_line' id='line_1_2' title="bbox 91 466 2107 552; baseline 0.001 -17"><span class='ocrx_word' id='word_1_8' title='bbox 91 475 127 535; x_wconf 88' lang='lat' dir='ltr'><strong><em>at</em></strong></span> <span class='ocrx_word' id='word_1_9' title='bbox 148 488 210 535; x_wconf 93' lang='lat' dir='ltr'><strong><em>non</em></strong></span> <span class='ocrx_word' id='word_1_10' title='bbox 232 488 354 550; x_wconf 77' lang='lat' dir='ltr'><strong><em>semper</em></strong></span> <span class='ocrx_word' id='word_1_11' title='bbox 374 472 473 533; x_wconf 80' lang='lat' dir='ltr'><strong><em>nrooct</em></strong></span> <span class='ocrx_word' id='word_1_12' title='bbox 495 466 645 532; x_wconf 88' lang='lat' dir='ltr'><strong><em>animam.</em></strong></span> <span class='ocrx_word' id='word_1_13' title='bbox 691 467 842 532; x_wconf 83' lang='lat' dir='ltr'><strong><em>Iurasses</em></strong></span> <span class='ocrx_word' id='word_1_14' title='bbox 864 474 907 545; x_wconf 88' lang='lat' dir='ltr'><strong><em>tu,</em></strong></span> <span class='ocrx_word' id='word_1_15' title='bbox 930 489 993 532; x_wconf 91' lang='lat' dir='ltr'><strong><em>non</em></strong></span> <span class='ocrx_word' id='word_1_16' title='bbox 1007 468 1076 550; x_wconf 71' lang='lat' dir='ltr'><strong><em>(ore</em></strong></span> <span class='ocrx_word' id='word_1_17' title='bbox 1099 475 1103 508; x_wconf 78' lang='lat'>¹</span> <span class='ocrx_word' id='word_1_18' title='bbox 1126 468 1242 534; x_wconf 86' lang='lat' dir='ltr'><strong><em>tiocum</em></strong></span> <span class='ocrx_word' id='word_1_19' title='bbox 1253 469 1412 550; x_wconf 82' lang='lat' dir='ltr'><strong><em>populum</em></strong></span> <span class='ocrx_word' id='word_1_20' title='bbox 1433 470 1541 552; x_wconf 79' lang='lat' dir='ltr'><strong><em>capita,</em></strong></span> <span class='ocrx_word' id='word_1_21' title='bbox 1563 468 1759 534; x_wconf 75' lang='lat' dir='ltr'><strong><em>hhboiotriae</em></strong></span> <span class='ocrx_word' id='word_1_22' title='bbox 1778 470 1879 552; x_wconf 63' lang='lat' dir='ltr'><strong><em>brisso</em></strong></span> <span class='ocrx_word' id='word_1_23' title='bbox 1899 473 2054 537; x_wconf 82' lang='lat' dir='ltr'><strong><em>deditum:</em></strong></span> <span class='ocrx_word' id='word_1_24' title='bbox 2085 494 2107 537; x_wconf 90' lang='lat' dir='ltr'><strong><em>a</em></strong></span> 
     </span>
     <span class='ocr_line' id='line_1_3' title="bbox 89 553 2107 635; baseline 0.001 -14"><span class='ocrx_word' id='word_1_25' title='bbox 89 557 127 622; x_wconf 87' lang='lat' dir='ltr'><strong><em>in</em></strong></span> <span class='ocrx_word' id='word_1_26' title='bbox 148 575 242 620; x_wconf 86' lang='lat' dir='ltr'><strong><em>carue</em></strong></span> <span class='ocrx_word' id='word_1_27' title='bbox 263 560 321 619; x_wconf 89' lang='lat' dir='ltr'><strong><em>tua</em></strong></span> <span class='ocrx_word' id='word_1_28' title='bbox 342 554 479 634; x_wconf 77' lang='lat' dir='ltr'><strong><em>ahionem</em></strong></span> <span class='ocrx_word' id='word_1_29' title='bbox 499 553 763 633; x_wconf 73' lang='lat' dir='ltr'><strong><em>concupiscentiae</em></strong></span> <span class='ocrx_word' id='word_1_30' title='bbox 780 553 968 618; x_wconf 70' lang='lat' dir='ltr'><strong><em>mimulam?</em></strong></span> <span class='ocrx_word' id='word_1_31' title='bbox 993 555 1076 634; x_wconf 73' lang='lat' dir='ltr'><strong><em>Quid</em></strong></span> <span class='ocrx_word' id='word_1_32' title='bbox 1126 574 1190 635; x_wconf 79' lang='lat' dir='ltr'><strong><em>qua</em></strong></span> <span class='ocrx_word' id='word_1_33' title='bbox 1212 560 1246 617; x_wconf 89' lang='lat' dir='ltr'><strong><em>nt</em></strong></span> <span class='ocrx_word' id='word_1_34' title='bbox 1267 555 1478 634; x_wconf 69' lang='lat' dir='ltr'><strong><em>deverteretur,</em></strong></span> <span class='ocrx_word' id='word_1_35' title='bbox 1496 558 1558 619; x_wconf 65' lang='lat' dir='ltr'><strong><em>&#39;est</em></strong></span> <span class='ocrx_word' id='word_1_36' title='bbox 1584 555 1757 620; x_wconf 73' lang='lat' dir='ltr'><strong><em>mestissime</em></strong></span> <span class='ocrx_word' id='word_1_37' title='bbox 1778 557 1855 620; x_wconf 85' lang='lat' dir='ltr'><strong><em>abiis</em></strong></span> <span class='ocrx_word' id='word_1_38' title='bbox 1872 557 2107 623; x_wconf 68' lang='lat' dir='ltr'><strong><em>sublimioribus</em></strong></span> 
     </span>
     <span class='ocr_line' id='line_1_4' title="bbox 89 636 2108 725; baseline 0.001 -19"><span class='ocrx_word' id='word_1_39' title='bbox 89 642 189 724; x_wconf 66' lang='lat' dir='ltr'><strong><em>icitur</em></strong></span> <span class='ocrx_word' id='word_1_40' title='bbox 210 640 262 704; x_wconf 83' lang='lat' dir='ltr'><strong><em>iiii</em></strong></span> <span class='ocrx_word' id='word_1_41' title='bbox 283 636 459 704; x_wconf 77' lang='lat' dir='ltr'><strong><em>iurabdnt?</em></strong></span> <span class='ocrx_word' id='word_1_42' title='bbox 505 638 669 704; x_wconf 78' lang='lat' dir='ltr'><strong><em>Peccatum</em></strong></span> <span class='ocrx_word' id='word_1_43' title='bbox 691 639 784 720; x_wconf 80' lang='lat' dir='ltr'><strong><em>quod,</em></strong></span> <span class='ocrx_word' id='word_1_44' title='bbox 813 644 848 703; x_wconf 88' lang='lat' dir='ltr'><strong><em>nt</em></strong></span> <span class='ocrx_word' id='word_1_45' title='bbox 869 640 916 702; x_wconf 91' lang='lat' dir='ltr'><strong><em>ait</em></strong></span> <span class='ocrx_word' id='word_1_46' title='bbox 939 637 1074 718; x_wconf 84' lang='lat' dir='ltr'><strong><em>Paulus,</em></strong></span> <span class='ocrx_word' id='word_1_47' title='bbox 1127 644 1300 720; x_wconf 82' lang='lat' dir='ltr'><strong><em>occupatus.</em></strong></span> <span class='ocrx_word' id='word_1_48' title='bbox 1363 639 1466 703; x_wconf 87' lang='lat' dir='ltr'><strong><em>Rabbi</em></strong></span> <span class='ocrx_word' id='word_1_49' title='bbox 1506 638 1615 704; x_wconf 89' lang='lat' dir='ltr'><strong><em>Moses</em></strong></span> <span class='ocrx_word' id='word_1_50' title='bbox 1654 640 1843 722; x_wconf 76' lang='lat' dir='ltr'><strong><em>Aeppptins,</em></strong></span> <span class='ocrx_word' id='word_1_51' title='bbox 1887 643 2108 725; x_wconf 76' lang='lat' dir='ltr'><strong><em>mysteriorum</em></strong></span> 
     </span>
     <span class='ocr_line' id='line_1_5' title="bbox 90 722 2106 812; baseline 0.002 -22"><span class='ocrx_word' id='word_1_52' title='bbox 90 730 238 807; x_wconf 89' lang='lat' dir='ltr'><strong><em>operatur</em></strong></span> <span class='ocrx_word' id='word_1_53' title='bbox 266 726 300 789; x_wconf 93' lang='lat' dir='ltr'><strong><em>in</em></strong></span> <span class='ocrx_word' id='word_1_54' title='bbox 328 724 417 799; x_wconf 67' lang='lat' dir='ltr'><strong><em>rioms</em></strong></span> <span class='ocrx_word' id='word_1_55' title='bbox 440 744 560 789; x_wconf 80' lang='lat' dir='ltr'><strong><em>onorem</em></strong></span> <span class='ocrx_word' id='word_1_56' title='bbox 584 725 876 805; x_wconf 88' lang='lat' dir='ltr'><strong><em>concupiscentiam,</em></strong></span> <span class='ocrx_word' id='word_1_57' title='bbox 904 729 949 789; x_wconf 90' lang='lat' dir='ltr'><strong><em>est</em></strong></span> <span class='ocrx_word' id='word_1_58' title='bbox 970 724 1075 791; x_wconf 82' lang='lat' dir='ltr'><strong><em>diaba</em></strong></span> <span class='ocrx_word' id='word_1_59' title='bbox 1129 722 1247 789; x_wconf 86' lang='lat' dir='ltr'><strong><em>Christi</em></strong></span> <span class='ocrx_word' id='word_1_60' title='bbox 1262 724 1562 808; x_wconf 74' lang='lat' dir='ltr'><strong><em>procfipurationcm</em></strong></span> <span class='ocrx_word' id='word_1_61' title='bbox 1590 725 1636 789; x_wconf 89' lang='lat' dir='ltr'><strong><em>ibi</em></strong></span> <span class='ocrx_word' id='word_1_62' title='bbox 1668 747 1728 790; x_wconf 90' lang='lat' dir='ltr'><strong><em>non</em></strong></span> <span class='ocrx_word' id='word_1_63' title='bbox 1757 731 1830 805; x_wconf 82' lang='lat' dir='ltr'><strong><em>[pag.</em></strong></span> <span class='ocrx_word' id='word_1_64' title='bbox 1855 732 1931 805; x_wconf 81' lang='lat'><strong>653]</strong></span> <span class='ocrx_word' id='word_1_65' title='bbox 1960 729 2106 812; x_wconf 76' lang='lat' dir='ltr'><strong><em>capitons,</em></strong></span> 
     </span>
     <span class='ocr_line' id='line_1_6' title="bbox 90 809 2107 895; baseline 0.001 -19"><span class='ocrx_word' id='word_1_66' title='bbox 90 812 143 878; x_wconf 82' lang='lat' dir='ltr'><strong><em>hos</em></strong></span> <span class='ocrx_word' id='word_1_67' title='bbox 165 812 242 892; x_wconf 92' lang='lat' dir='ltr'><strong><em>ipse.</em></strong></span> <span class='ocrx_word' id='word_1_68' title='bbox 290 810 363 874; x_wconf 87' lang='lat' dir='ltr'><strong><em>Non</em></strong></span> <span class='ocrx_word' id='word_1_69' title='bbox 384 809 535 875; x_wconf 89' lang='lat' dir='ltr'><strong><em>iurabant</em></strong></span> <span class='ocrx_word' id='word_1_70' title='bbox 556 811 631 890; x_wconf 89' lang='lat' dir='ltr'><strong><em>ipsi,</em></strong></span> <span class='ocrx_word' id='word_1_71' title='bbox 659 830 730 875; x_wconf 89' lang='lat' dir='ltr'><strong><em>cum</em></strong></span> <span class='ocrx_word' id='word_1_72' title='bbox 750 811 785 875; x_wconf 88' lang='lat' dir='ltr'><strong><em>in</em></strong></span> <span class='ocrx_word' id='word_1_73' title='bbox 806 810 889 893; x_wconf 87' lang='lat' dir='ltr'><strong><em>ipsis</em></strong></span> <span class='ocrx_word' id='word_1_74' title='bbox 916 830 977 874; x_wconf 91' lang='lat' dir='ltr'><strong><em>non</em></strong></span> <span class='ocrx_word' id='word_1_75' title='bbox 997 810 1074 891; x_wconf 82' lang='lat' dir='ltr'><strong><em>fare,</em></strong></span> <span class='ocrx_word' id='word_1_76' title='bbox 1126 811 1367 875; x_wconf 80' lang='lat' dir='ltr'><strong><em>caeremonialia</em></strong></span> <span class='ocrx_word' id='word_1_77' title='bbox 1399 811 1457 876; x_wconf 82' lang='lat' dir='ltr'><strong><em>ibba</em></strong></span> <span class='ocrx_word' id='word_1_78' title='bbox 1489 809 1649 890; x_wconf 75' lang='lat' dir='ltr'><strong><em>sacrificia</em></strong></span> <span class='ocrx_word' id='word_1_79' title='bbox 1688 812 1735 874; x_wconf 90' lang='lat' dir='ltr'><strong><em>ait</em></strong></span> <span class='ocrx_word' id='word_1_80' title='bbox 1768 832 1831 876; x_wconf 92' lang='lat' dir='ltr'><strong><em>non</em></strong></span> <span class='ocrx_word' id='word_1_81' title='bbox 1859 813 1960 894; x_wconf 80' lang='lat' dir='ltr'><strong><em>fuisse</em></strong></span> <span class='ocrx_word' id='word_1_82' title='bbox 1986 815 2107 895; x_wconf 86' lang='lat' dir='ltr'><strong><em>populo</em></strong></span> 
     </span>
     <span class='ocr_line' id='line_1_7' title="bbox 90 895 2105 978; baseline 0.001 -15"><span class='ocrx_word' id='word_1_83' title='bbox 90 897 145 964; x_wconf 91' lang='lat' dir='ltr'><strong><em>sed</em></strong></span> <span class='ocrx_word' id='word_1_84' title='bbox 177 917 210 962; x_wconf 87' lang='lat' dir='ltr'><strong><em>se</em></strong></span> <span class='ocrx_word' id='word_1_85' title='bbox 231 901 405 974; x_wconf 87' lang='lat' dir='ltr'><strong><em>curaturos,</em></strong></span> <span class='ocrx_word' id='word_1_86' title='bbox 441 916 480 960; x_wconf 92' lang='lat' dir='ltr'><strong><em>ne</em></strong></span> <span class='ocrx_word' id='word_1_87' title='bbox 506 895 674 976; x_wconf 74' lang='lat' dir='ltr'><strong><em>pelliceret.</em></strong></span> <span class='ocrx_word' id='word_1_88' title='bbox 728 895 811 975; x_wconf 88' lang='lat' dir='ltr'><strong><em>Hoc,</em></strong></span> <span class='ocrx_word' id='word_1_89' title='bbox 843 895 911 962; x_wconf 89' lang='lat' dir='ltr'><strong><em>Deo</em></strong></span> <span class='ocrx_word' id='word_1_90' title='bbox 939 896 1073 975; x_wconf 83' lang='lat' dir='ltr'><strong><em>iuoorcte,</em></strong></span> <span class='ocrx_word' id='word_1_91' title='bbox 1126 896 1211 974; x_wconf 90' lang='lat' dir='ltr'><strong><em>data,</em></strong></span> <span class='ocrx_word' id='word_1_92' title='bbox 1250 897 1316 961; x_wconf 90' lang='lat' dir='ltr'><strong><em>nisi</em></strong></span> <span class='ocrx_word' id='word_1_93' title='bbox 1354 901 1390 959; x_wconf 88' lang='lat' dir='ltr'><strong><em>nt</em></strong></span> <span class='ocrx_word' id='word_1_94' title='bbox 1427 896 1638 962; x_wconf 78' lang='lat' dir='ltr'><strong><em>retraheretur</em></strong></span> <span class='ocrx_word' id='word_1_95' title='bbox 1677 918 1698 960; x_wconf 92' lang='lat' dir='ltr'><strong><em>o</em></strong></span> <span class='ocrx_word' id='word_1_96' title='bbox 1737 899 1904 978; x_wconf 69' lang='lat' dir='ltr'><strong><em>sacrificiis</em></strong></span> <span class='ocrx_word' id='word_1_97' title='bbox 1943 900 2105 965; x_wconf 83' lang='lat' dir='ltr'><strong><em>idolorum.</em></strong></span> 
     </span>
     <span class='ocr_line' id='line_1_8' title="bbox 36 970 2105 1066; baseline 0.001 -19"><span class='ocrx_word' id='word_1_98' title='bbox 36 970 64 1017; x_wconf 65' lang='lat'>‘</span> <span class='ocrx_word' id='word_1_99' title='bbox 84 984 214 1064; x_wconf 90' lang='lat' dir='ltr'><strong><em>passim</em></strong></span> <span class='ocrx_word' id='word_1_100' title='bbox 229 981 443 1064; x_wconf 88' lang='lat' dir='ltr'><strong><em>praestabant.</em></strong></span> <span class='ocrx_word' id='word_1_101' title='bbox 489 981 633 1059; x_wconf 88' lang='lat' dir='ltr'><strong><em>Faciam,</em></strong></span> <span class='ocrx_word' id='word_1_102' title='bbox 654 981 765 1063; x_wconf 80' lang='lat' dir='ltr'><strong><em>iuquit,</em></strong></span> <span class='ocrx_word' id='word_1_103' title='bbox 787 986 823 1045; x_wconf 89' lang='lat' dir='ltr'><strong><em>ut</em></strong></span> <span class='ocrx_word' id='word_1_104' title='bbox 844 982 879 1045; x_wconf 91' lang='lat' dir='ltr'><strong><em>in</em></strong></span> <span class='ocrx_word' id='word_1_105' title='bbox 893 981 1074 1062; x_wconf 76' lang='lat' dir='ltr'><strong><em>praeceptis</em></strong></span> <span class='ocrx_word' id='word_1_106' title='bbox 1128 979 1229 1046; x_wconf 89' lang='lat' dir='ltr'><strong><em>Cuius</em></strong></span> <span class='ocrx_word' id='word_1_107' title='bbox 1249 983 1374 1064; x_wconf 78' lang='lat' dir='ltr'><strong><em>sipnnm</em></strong></span> <span class='ocrx_word' id='word_1_108' title='bbox 1396 1001 1462 1046; x_wconf 89' lang='lat' dir='ltr'><strong><em>esse</em></strong></span> <span class='ocrx_word' id='word_1_109' title='bbox 1485 983 1540 1054; x_wconf 85' lang='lat' dir='ltr'><strong><em>ait,</em></strong></span> <span class='ocrx_word' id='word_1_110' title='bbox 1563 983 1646 1063; x_wconf 82' lang='lat' dir='ltr'><strong><em>quod</em></strong></span> <span class='ocrx_word' id='word_1_111' title='bbox 1666 1003 1727 1047; x_wconf 90' lang='lat' dir='ltr'><strong><em>non</em></strong></span> <span class='ocrx_word' id='word_1_112' title='bbox 1747 983 1875 1064; x_wconf 86' lang='lat' dir='ltr'><strong><em>fuerunt</em></strong></span> <span class='ocrx_word' id='word_1_113' title='bbox 1886 984 2004 1065; x_wconf 84' lang='lat' dir='ltr'><strong><em>populo</em></strong></span> <span class='ocrx_word' id='word_1_114' title='bbox 2022 986 2105 1066; x_wconf 88' lang='lat' dir='ltr'><strong><em>data,</em></strong></span> 
     </span>
     <span class='ocr_line' id='line_1_9' title="bbox 90 1066 2106 1149; baseline 0.001 -16"><span class='ocrx_word' id='word_1_115' title='bbox 90 1070 170 1133; x_wconf 89' lang='lat' dir='ltr'><strong><em>meis</em></strong></span> <span class='ocrx_word' id='word_1_116' title='bbox 198 1066 370 1145; x_wconf 83' lang='lat' dir='ltr'><strong><em>ambuietis,</em></strong></span> <span class='ocrx_word' id='word_1_117' title='bbox 405 1087 442 1130; x_wconf 88' lang='lat' dir='ltr'><strong><em>ea</em></strong></span> <span class='ocrx_word' id='word_1_118' title='bbox 475 1067 658 1132; x_wconf 85' lang='lat' dir='ltr'><strong><em>custodiatis</em></strong></span> <span class='ocrx_word' id='word_1_119' title='bbox 692 1072 720 1131; x_wconf 87' lang='lat' dir='ltr'><strong><em>et</em></strong></span> <span class='ocrx_word' id='word_1_120' title='bbox 752 1066 892 1148; x_wconf 83' lang='lat' dir='ltr'><strong><em>faciatis.</em></strong></span> <span class='ocrx_word' id='word_1_121' title='bbox 936 1066 1075 1147; x_wconf 76' lang='lat' dir='ltr'><strong><em>Aliquid</em></strong></span> <span class='ocrx_word' id='word_1_122' title='bbox 1126 1066 1191 1130; x_wconf 89' lang='lat' dir='ltr'><strong><em>nisi</em></strong></span> <span class='ocrx_word' id='word_1_123' title='bbox 1220 1073 1390 1148; x_wconf 79' lang='lat' dir='ltr'><strong><em>postquam</em></strong></span> <span class='ocrx_word' id='word_1_124' title='bbox 1428 1068 1471 1132; x_wconf 90' lang='lat' dir='ltr'><strong><em>ad</em></strong></span> <span class='ocrx_word' id='word_1_125' title='bbox 1510 1067 1720 1132; x_wconf 75' lang='lat' dir='ltr'><strong><em>idololatriam</em></strong></span> <span class='ocrx_word' id='word_1_126' title='bbox 1757 1068 1934 1149; x_wconf 83' lang='lat' dir='ltr'><strong><em>declinabit,</em></strong></span> <span class='ocrx_word' id='word_1_127' title='bbox 1970 1071 2106 1135; x_wconf 84' lang='lat' dir='ltr'><strong><em>vitutum</em></strong></span> 
     </span>
     <span class='ocr_line' id='line_1_10' title="bbox 7 1150 2106 1239; baseline 0 -20"><span class='ocrx_word' id='word_1_128' title='bbox 7 1182 12 1195; x_wconf 92' lang='lat'>·</span> <span class='ocrx_word' id='word_1_129' title='bbox 90 1160 144 1233; x_wconf 86' lang='lat' dir='ltr'><strong><em>est,</em></strong></span> <span class='ocrx_word' id='word_1_130' title='bbox 167 1154 250 1234; x_wconf 80' lang='lat' dir='ltr'><strong><em>quod</em></strong></span> <span class='ocrx_word' id='word_1_131' title='bbox 273 1151 398 1216; x_wconf 84' lang='lat' dir='ltr'><strong><em>Pontus</em></strong></span> <span class='ocrx_word' id='word_1_132' title='bbox 426 1152 480 1230; x_wconf 88' lang='lat' dir='ltr'><strong><em>ait,</em></strong></span> <span class='ocrx_word' id='word_1_133' title='bbox 510 1171 560 1215; x_wconf 89' lang='lat' dir='ltr'><strong><em>eos</em></strong></span> <span class='ocrx_word' id='word_1_134' title='bbox 595 1153 651 1233; x_wconf 82' lang='lat' dir='ltr'><strong><em>qui</em></strong></span> <span class='ocrx_word' id='word_1_135' title='bbox 682 1156 756 1216; x_wconf 87' lang='lat' dir='ltr'><strong><em>snut</em></strong></span> <span class='ocrx_word' id='word_1_136' title='bbox 787 1150 916 1229; x_wconf 76' lang='lat' dir='ltr'><strong><em>Christi,</em></strong></span> <span class='ocrx_word' id='word_1_137' title='bbox 948 1172 1073 1216; x_wconf 87' lang='lat' dir='ltr'><strong><em>carnem</em></strong></span> <span class='ocrx_word' id='word_1_138' title='bbox 1125 1151 1283 1230; x_wconf 76' lang='lat' dir='ltr'><strong><em>conflando</em></strong></span> <span class='ocrx_word' id='word_1_139' title='bbox 1316 1157 1344 1216; x_wconf 90' lang='lat' dir='ltr'><strong><em>et</em></strong></span> <span class='ocrx_word' id='word_1_140' title='bbox 1369 1152 1540 1218; x_wconf 89' lang='lat' dir='ltr'><strong><em>adorando.</em></strong></span> <span class='ocrx_word' id='word_1_141' title='bbox 1586 1152 1655 1217; x_wconf 86' lang='lat' dir='ltr'><strong><em>Nos</em></strong></span> <span class='ocrx_word' id='word_1_142' title='bbox 1681 1152 1805 1236; x_wconf 81' lang='lat' dir='ltr'><strong><em>diahopo</em></strong></span> <span class='ocrx_word' id='word_1_143' title='bbox 1826 1156 1935 1235; x_wconf 88' lang='lat' dir='ltr'><strong><em>primo</em></strong></span> <span class='ocrx_word' id='word_1_144' title='bbox 1949 1156 1973 1239; x_wconf 89' lang='lat'><strong><em>¹)</em></strong></span> <span class='ocrx_word' id='word_1_145' title='bbox 2002 1157 2106 1220; x_wconf 79' lang='lat' dir='ltr'><strong><em>mniti-</em></strong></span> 
     </span>
     <span class='ocr_line' id='line_1_11' title="bbox 92 1235 2106 1324; baseline 0.001 -21"><span class='ocrx_word' id='word_1_146' title='bbox 92 1239 288 1319; x_wconf 75' lang='lat' dir='ltr'><strong><em>crucifiaisse</em></strong></span> <span class='ocrx_word' id='word_1_147' title='bbox 304 1257 374 1302; x_wconf 90' lang='lat' dir='ltr'><strong><em>cum</em></strong></span> <span class='ocrx_word' id='word_1_148' title='bbox 392 1236 553 1318; x_wconf 79' lang='lat' dir='ltr'><strong><em>affectibus</em></strong></span> <span class='ocrx_word' id='word_1_149' title='bbox 571 1242 598 1301; x_wconf 87' lang='lat' dir='ltr'><strong><em>et</em></strong></span> <span class='ocrx_word' id='word_1_150' title='bbox 614 1238 870 1319; x_wconf 77' lang='lat' dir='ltr'><strong><em>concupiscentiis</em></strong></span> <span class='ocrx_word' id='word_1_151' title='bbox 893 1236 1016 1320; x_wconf 79' lang='lat' dir='ltr'><strong><em>(Galat.</em></strong></span> <span class='ocrx_word' id='word_1_152' title='bbox 1037 1240 1072 1312; x_wconf 81' lang='lat'><strong><em>5)</em></strong></span> <span class='ocrx_word' id='word_1_153' title='bbox 1119 1235 1235 1318; x_wconf 83' lang='lat' dir='ltr'><strong><em>piicem</em></strong></span> <span class='ocrx_word' id='word_1_154' title='bbox 1255 1239 1409 1302; x_wconf 86' lang='lat' dir='ltr'><strong><em>rationem</em></strong></span> <span class='ocrx_word' id='word_1_155' title='bbox 1431 1238 1634 1318; x_wconf 79' lang='lat' dir='ltr'><strong><em>adducimus,</em></strong></span> <span class='ocrx_word' id='word_1_156' title='bbox 1656 1260 1753 1320; x_wconf 78' lang='lat' dir='ltr'><strong><em>quare</em></strong></span> <span class='ocrx_word' id='word_1_157' title='bbox 1774 1241 1904 1305; x_wconf 91' lang='lat' dir='ltr'><strong><em>dacmon</em></strong></span> <span class='ocrx_word' id='word_1_158' title='bbox 1921 1240 2106 1324; x_wconf 75' lang='lat' dir='ltr'><strong><em>arffnmipa·</em></strong></span> 
     </span>
     <span class='ocr_line' id='line_1_12' title="bbox 98 1321 2105 1406; baseline 0.001 -18"><span class='ocrx_word' id='word_1_159' title='bbox 98 1323 186 1388; x_wconf 87' lang='lat' dir='ltr'><strong><em>Unde</em></strong></span> <span class='ocrx_word' id='word_1_160' title='bbox 208 1327 334 1401; x_wconf 88' lang='lat' dir='ltr'><strong><em>constat,</em></strong></span> <span class='ocrx_word' id='word_1_161' title='bbox 356 1326 384 1385; x_wconf 90' lang='lat' dir='ltr'><strong><em>te</em></strong></span> <span class='ocrx_word' id='word_1_162' title='bbox 405 1342 466 1386; x_wconf 89' lang='lat' dir='ltr'><strong><em>non</em></strong></span> <span class='ocrx_word' id='word_1_163' title='bbox 487 1343 552 1387; x_wconf 88' lang='lat' dir='ltr'><strong><em>esse</em></strong></span> <span class='ocrx_word' id='word_1_164' title='bbox 572 1321 700 1401; x_wconf 79' lang='lat' dir='ltr'><strong><em>Christi,</em></strong></span> <span class='ocrx_word' id='word_1_165' title='bbox 722 1323 777 1403; x_wconf 77' lang='lat' dir='ltr'><strong><em>qui</em></strong></span> <span class='ocrx_word' id='word_1_166' title='bbox 795 1323 1073 1403; x_wconf 88' lang='lat' dir='ltr'><strong><em>concupiscentiam</em></strong></span> <span class='ocrx_word' id='word_1_167' title='bbox 1125 1323 1222 1386; x_wconf 87' lang='lat' dir='ltr'><strong><em>tiones</em></strong></span> <span class='ocrx_word' id='word_1_168' title='bbox 1253 1328 1282 1386; x_wconf 88' lang='lat' dir='ltr'><strong><em>et</em></strong></span> <span class='ocrx_word' id='word_1_169' title='bbox 1308 1323 1480 1406; x_wconf 69' lang='lat' dir='ltr'><strong><em>sanquines</em></strong></span> <span class='ocrx_word' id='word_1_170' title='bbox 1502 1329 1635 1404; x_wconf 80' lang='lat' dir='ltr'><strong><em>appetat.</em></strong></span> <span class='ocrx_word' id='word_1_171' title='bbox 1680 1324 1784 1405; x_wconf 77' lang='lat' dir='ltr'><strong><em>Atque</em></strong></span> <span class='ocrx_word' id='word_1_172' title='bbox 1805 1325 1888 1403; x_wconf 89' lang='lat' dir='ltr'><strong><em>ideo,</em></strong></span> <span class='ocrx_word' id='word_1_173' title='bbox 1914 1326 1996 1391; x_wconf 84' lang='lat' dir='ltr'><strong><em>uelut</em></strong></span> <span class='ocrx_word' id='word_1_174' title='bbox 2024 1327 2105 1391; x_wconf 81' lang='lat' dir='ltr'><strong><em>anti</em></strong></span> 
     </span>
     <span class='ocr_line' id='line_1_13' title="bbox 83 1407 2106 1492; baseline 0.002 -20"><span class='ocrx_word' id='word_1_175' title='bbox 83 1428 180 1490; x_wconf 88' lang='lat' dir='ltr'><strong><em>posse</em></strong></span> <span class='ocrx_word' id='word_1_176' title='bbox 201 1409 341 1492; x_wconf 79' lang='lat' dir='ltr'><strong><em>crucitipi</em></strong></span> <span class='ocrx_word' id='word_1_177' title='bbox 362 1427 465 1490; x_wconf 82' lang='lat' dir='ltr'><strong><em>nepas.</em></strong></span> <span class='ocrx_word' id='word_1_178' title='bbox 525 1407 633 1485; x_wconf 89' lang='lat' dir='ltr'><strong><em>Nemo,</em></strong></span> <span class='ocrx_word' id='word_1_179' title='bbox 666 1408 727 1485; x_wconf 89' lang='lat' dir='ltr'><strong><em>ais,</em></strong></span> <span class='ocrx_word' id='word_1_180' title='bbox 761 1428 902 1488; x_wconf 78' lang='lat' dir='ltr'><strong><em>unquam</em></strong></span> <span class='ocrx_word' id='word_1_181' title='bbox 935 1408 1075 1487; x_wconf 85' lang='lat' dir='ltr'><strong><em>impleuit</em></strong></span> <span class='ocrx_word' id='word_1_182' title='bbox 1126 1407 1248 1487; x_wconf 91' lang='lat' dir='ltr'><strong><em>dotum,</em></strong></span> <span class='ocrx_word' id='word_1_183' title='bbox 1276 1407 1344 1473; x_wconf 90' lang='lat' dir='ltr'><strong><em>Deo</em></strong></span> <span class='ocrx_word' id='word_1_184' title='bbox 1365 1409 1548 1491; x_wconf 68' lang='lat' dir='ltr'><strong><em>sanquinem</em></strong></span> <span class='ocrx_word' id='word_1_185' title='bbox 1575 1411 1699 1473; x_wconf 85' lang='lat' dir='ltr'><strong><em>seruari</em></strong></span> <span class='ocrx_word' id='word_1_186' title='bbox 1725 1414 1818 1492; x_wconf 78' lang='lat' dir='ltr'><strong><em>atque</em></strong></span> <span class='ocrx_word' id='word_1_187' title='bbox 1838 1410 1966 1492; x_wconf 75' lang='lat' dir='ltr'><strong><em>suffitus</em></strong></span> <span class='ocrx_word' id='word_1_188' title='bbox 1987 1417 2022 1475; x_wconf 91' lang='lat' dir='ltr'><strong><em>ut</em></strong></span> <span class='ocrx_word' id='word_1_189' title='bbox 2043 1411 2106 1477; x_wconf 88' lang='lat' dir='ltr'><strong><em>sibi</em></strong></span> 
     </span>
     <span class='ocr_line' id='line_1_14' title="bbox 84 1491 2104 1576; baseline 0.001 -18"><span class='ocrx_word' id='word_1_190' title='bbox 84 1498 286 1576; x_wconf 84' lang='lat' dir='ltr'><strong><em>praeceptum</em></strong></span> <span class='ocrx_word' id='word_1_191' title='bbox 308 1493 399 1572; x_wconf 81' lang='lat' dir='ltr'><strong><em>iliad,</em></strong></span> <span class='ocrx_word' id='word_1_192' title='bbox 427 1494 465 1557; x_wconf 90' lang='lat' dir='ltr'><strong><em>de</em></strong></span> <span class='ocrx_word' id='word_1_193' title='bbox 484 1492 641 1576; x_wconf 82' lang='lat' dir='ltr'><strong><em>dibipendo</em></strong></span> <span class='ocrx_word' id='word_1_194' title='bbox 661 1492 730 1557; x_wconf 88' lang='lat' dir='ltr'><strong><em>Deo</em></strong></span> <span class='ocrx_word' id='word_1_195' title='bbox 752 1513 791 1558; x_wconf 82' lang='lat' dir='ltr'><strong><em>ea</em></strong></span> <span class='ocrx_word' id='word_1_196' title='bbox 813 1498 871 1558; x_wconf 88' lang='lat' dir='ltr'><strong><em>toto</em></strong></span> <span class='ocrx_word' id='word_1_197' title='bbox 892 1495 989 1572; x_wconf 90' lang='lat' dir='ltr'><strong><em>corde,</em></strong></span> <span class='ocrx_word' id='word_1_198' title='bbox 1012 1498 1074 1558; x_wconf 89' lang='lat' dir='ltr'><strong><em>tota</em></strong></span> <span class='ocrx_word' id='word_1_199' title='bbox 1125 1491 1261 1557; x_wconf 90' lang='lat' dir='ltr'><strong><em>debitum</em></strong></span> <span class='ocrx_word' id='word_1_200' title='bbox 1282 1514 1408 1558; x_wconf 89' lang='lat' dir='ltr'><strong><em>suooem</em></strong></span> <span class='ocrx_word' id='word_1_201' title='bbox 1436 1494 1573 1574; x_wconf 88' lang='lat' dir='ltr'><strong><em>odorem,</em></strong></span> <span class='ocrx_word' id='word_1_202' title='bbox 1598 1514 1688 1573; x_wconf 82' lang='lat' dir='ltr'><strong><em>quem</em></strong></span> <span class='ocrx_word' id='word_1_203' title='bbox 1710 1500 1805 1559; x_wconf 89' lang='lat' dir='ltr'><strong><em>antea</em></strong></span> <span class='ocrx_word' id='word_1_204' title='bbox 1826 1496 1957 1565; x_wconf 83' lang='lat' dir='ltr'><strong><em>docruon</em></strong></span> <span class='ocrx_word' id='word_1_205' title='bbox 1985 1517 2024 1561; x_wconf 84' lang='lat' dir='ltr'><strong><em>ea</em></strong></span> <span class='ocrx_word' id='word_1_206' title='bbox 2044 1499 2104 1561; x_wconf 89' lang='lat' dir='ltr'><strong><em>im-</em></strong></span> 
     </span>
     <span class='ocr_line' id='line_1_15' title="bbox 90 1577 2106 1661; baseline 0.001 -17"><span class='ocrx_word' id='word_1_207' title='bbox 90 1580 210 1657; x_wconf 90' lang='lat' dir='ltr'><strong><em>anima,</em></strong></span> <span class='ocrx_word' id='word_1_208' title='bbox 232 1584 260 1643; x_wconf 83' lang='lat' dir='ltr'><strong><em>et</em></strong></span> <span class='ocrx_word' id='word_1_209' title='bbox 281 1579 352 1643; x_wconf 86' lang='lat' dir='ltr'><strong><em>totis</em></strong></span> <span class='ocrx_word' id='word_1_210' title='bbox 374 1577 503 1642; x_wconf 74' lang='lat' dir='ltr'><strong><em>oirihes.</em></strong></span> <span class='ocrx_word' id='word_1_211' title='bbox 557 1578 596 1642; x_wconf 81' lang='lat' dir='ltr'><strong><em>Ut</em></strong></span> <span class='ocrx_word' id='word_1_212' title='bbox 618 1583 652 1641; x_wconf 91' lang='grc' dir='ltr'><strong><em>ιιι</em></strong></span> <span class='ocrx_word' id='word_1_213' title='bbox 674 1598 757 1658; x_wconf 79' lang='lat' dir='ltr'><strong><em>nunc</em></strong></span> <span class='ocrx_word' id='word_1_214' title='bbox 777 1597 846 1642; x_wconf 89' lang='lat' dir='ltr'><strong><em>cnm</em></strong></span> <span class='ocrx_word' id='word_1_215' title='bbox 864 1578 1001 1643; x_wconf 88' lang='lat' dir='ltr'><strong><em>Luthero</em></strong></span> <span class='ocrx_word' id='word_1_216' title='bbox 1022 1583 1074 1642; x_wconf 90' lang='lat' dir='ltr'><strong><em>tuo</em></strong></span> <span class='ocrx_word' id='word_1_217' title='bbox 1125 1579 1254 1642; x_wconf 87' lang='lat' dir='ltr'><strong><em>mundis</em></strong></span> <span class='ocrx_word' id='word_1_218' title='bbox 1275 1579 1461 1659; x_wconf 80' lang='lat' dir='ltr'><strong><em>quibusdam</em></strong></span> <span class='ocrx_word' id='word_1_219' title='bbox 1484 1578 1547 1643; x_wconf 89' lang='lat' dir='ltr'><strong><em>sibi</em></strong></span> <span class='ocrx_word' id='word_1_220' title='bbox 1575 1599 1703 1644; x_wconf 85' lang='lat' dir='ltr'><strong><em>suavem</em></strong></span> <span class='ocrx_word' id='word_1_221' title='bbox 1724 1586 1941 1661; x_wconf 88' lang='lat' dir='ltr'><strong><em>composuerat.</em></strong></span> <span class='ocrx_word' id='word_1_222' title='bbox 1987 1582 2106 1647; x_wconf 90' lang='lat' dir='ltr'><strong><em>Desine</em></strong></span> 
     </span>
     <span class='ocr_line' id='line_1_16' title="bbox 89 1661 2105 1749; baseline 0.001 -20"><span class='ocrx_word' id='word_1_223' title='bbox 89 1665 240 1743; x_wconf 89' lang='lat' dir='ltr'><strong><em>somnias,</em></strong></span> <span class='ocrx_word' id='word_1_224' title='bbox 262 1684 351 1728; x_wconf 91' lang='lat' dir='ltr'><strong><em>nemo</em></strong></span> <span class='ocrx_word' id='word_1_225' title='bbox 374 1667 446 1729; x_wconf 76' lang='lat' dir='ltr'><strong><em>hinc</em></strong></span> <span class='ocrx_word' id='word_1_226' title='bbox 468 1663 617 1743; x_wconf 83' lang='lat' dir='ltr'><strong><em>irupievit.</em></strong></span> <span class='ocrx_word' id='word_1_227' title='bbox 662 1663 708 1727; x_wconf 87' lang='lat' dir='ltr'><strong><em>At</em></strong></span> <span class='ocrx_word' id='word_1_228' title='bbox 736 1684 795 1728; x_wconf 81' lang='lat' dir='ltr'><strong><em>nori</em></strong></span> <span class='ocrx_word' id='word_1_229' title='bbox 827 1665 873 1727; x_wconf 89' lang='lat' dir='ltr'><strong><em>ita</em></strong></span> <span class='ocrx_word' id='word_1_230' title='bbox 895 1663 987 1728; x_wconf 81' lang='lat' dir='ltr'><strong><em>Iteus</em></strong></span> <span class='ocrx_word' id='word_1_231' title='bbox 1008 1664 1074 1728; x_wconf 85' lang='lat' dir='ltr'><strong><em>eai-</em></strong></span> <span class='ocrx_word' id='word_1_232' title='bbox 1125 1663 1239 1744; x_wconf 80' lang='lat' dir='ltr'><strong><em>ipitur,</em></strong></span> <span class='ocrx_word' id='word_1_233' title='bbox 1271 1661 1413 1745; x_wconf 82' lang='lat' dir='ltr'><strong><em>Calvino,</em></strong></span> <span class='ocrx_word' id='word_1_234' title='bbox 1435 1664 1531 1746; x_wconf 82' lang='lat' dir='ltr'><strong><em>tepem</em></strong></span> <span class='ocrx_word' id='word_1_235' title='bbox 1552 1664 1643 1730; x_wconf 83' lang='lat' dir='ltr'><strong><em>idam</em></strong></span> <span class='ocrx_word' id='word_1_236' title='bbox 1672 1667 1708 1730; x_wconf 91' lang='lat' dir='ltr'><strong><em>in</em></strong></span> <span class='ocrx_word' id='word_1_237' title='bbox 1729 1686 1786 1731; x_wconf 92' lang='lat' dir='ltr'><strong><em>nos</em></strong></span> <span class='ocrx_word' id='word_1_238' title='bbox 1807 1672 1963 1749; x_wconf 76' lang='lat' dir='ltr'><strong><em>torquere,</em></strong></span> <span class='ocrx_word' id='word_1_239' title='bbox 1989 1672 2046 1732; x_wconf 89' lang='lat' dir='ltr'><strong><em>aut</em></strong></span> <span class='ocrx_word' id='word_1_240' title='bbox 2067 1667 2105 1732; x_wconf 92' lang='lat' dir='ltr'><strong><em>de</em></strong></span> 
     </span>
     <span class='ocr_line' id='line_1_17' title="bbox 88 1747 2105 1835; baseline 0.001 -21"><span class='ocrx_word' id='word_1_241' title='bbox 88 1750 187 1829; x_wconf 79' lang='lat' dir='ltr'><strong><em>pebat,</em></strong></span> <span class='ocrx_word' id='word_1_242' title='bbox 209 1750 265 1814; x_wconf 85' lang='lat' dir='ltr'><strong><em>sed</em></strong></span> <span class='ocrx_word' id='word_1_243' title='bbox 286 1750 378 1813; x_wconf 84' lang='lat' dir='ltr'><strong><em>inata</em></strong></span> <span class='ocrx_word' id='word_1_244' title='bbox 400 1749 485 1814; x_wconf 86' lang='lat' dir='ltr'><strong><em>uires</em></strong></span> <span class='ocrx_word' id='word_1_245' title='bbox 506 1749 617 1830; x_wconf 79' lang='lat' dir='ltr'><strong><em>cuique</em></strong></span> <span class='ocrx_word' id='word_1_246' title='bbox 639 1750 739 1814; x_wconf 90' lang='lat' dir='ltr'><strong><em>datas.</em></strong></span> <span class='ocrx_word' id='word_1_247' title='bbox 774 1748 901 1813; x_wconf 75' lang='lat' dir='ltr'><strong><em>Maititi</em></strong></span> <span class='ocrx_word' id='word_1_248' title='bbox 922 1754 995 1813; x_wconf 88' lang='lat' dir='ltr'><strong><em>sunt</em></strong></span> <span class='ocrx_word' id='word_1_249' title='bbox 1017 1747 1073 1813; x_wconf 87' lang='lat' dir='ltr'><strong><em>tibi</em></strong></span> <span class='ocrx_word' id='word_1_250' title='bbox 1125 1749 1194 1811; x_wconf 89' lang='lat' dir='ltr'><strong><em>eins</em></strong></span> <span class='ocrx_word' id='word_1_251' title='bbox 1228 1748 1440 1816; x_wconf 84' lang='lat' dir='ltr'><strong><em>obseruatione</em></strong></span> <span class='ocrx_word' id='word_1_252' title='bbox 1473 1754 1538 1813; x_wconf 88' lang='lat' dir='ltr'><strong><em>tom</em></strong></span> <span class='ocrx_word' id='word_1_253' title='bbox 1566 1750 1712 1832; x_wconf 82' lang='lat' dir='ltr'><strong><em>uiolenter</em></strong></span> <span class='ocrx_word' id='word_1_254' title='bbox 1744 1773 1842 1835; x_wconf 83' lang='lat' dir='ltr'><strong><em>opere,</em></strong></span> <span class='ocrx_word' id='word_1_255' title='bbox 1877 1753 2002 1817; x_wconf 90' lang='lat' dir='ltr'><strong><em>etiamsi</em></strong></span> <span class='ocrx_word' id='word_1_256' title='bbox 2034 1773 2105 1818; x_wconf 88' lang='lat' dir='ltr'><strong><em>cum</em></strong></span> 
     </span>
     <span class='ocr_line' id='line_1_18' title="bbox 92 1831 2104 1919; baseline 0.001 -20"><span class='ocrx_word' id='word_1_257' title='bbox 92 1834 204 1900; x_wconf 87' lang='lat' dir='ltr'><strong><em>David</em></strong></span> <span class='ocrx_word' id='word_1_258' title='bbox 228 1840 256 1898; x_wconf 89' lang='lat' dir='ltr'><strong><em>ct</em></strong></span> <span class='ocrx_word' id='word_1_259' title='bbox 277 1835 347 1914; x_wconf 85' lang='lat' dir='ltr'><strong><em>alii,</em></strong></span> <span class='ocrx_word' id='word_1_260' title='bbox 371 1835 427 1916; x_wconf 83' lang='lat' dir='ltr'><strong><em>qui</em></strong></span> <span class='ocrx_word' id='word_1_261' title='bbox 450 1835 551 1912; x_wconf 87' lang='lat' dir='ltr'><strong><em>aiunt,</em></strong></span> <span class='ocrx_word' id='word_1_262' title='bbox 574 1854 608 1898; x_wconf 91' lang='lat' dir='ltr'><strong><em>se</em></strong></span> <span class='ocrx_word' id='word_1_263' title='bbox 627 1839 688 1899; x_wconf 88' lang='lat' dir='ltr'><strong><em>toto</em></strong></span> <span class='ocrx_word' id='word_1_264' title='bbox 708 1837 797 1900; x_wconf 89' lang='lat' dir='ltr'><strong><em>corde</em></strong></span> <span class='ocrx_word' id='word_1_265' title='bbox 807 1833 911 1898; x_wconf 89' lang='lat' dir='ltr'><strong><em>Deum</em></strong></span> <span class='ocrx_word' id='word_1_266' title='bbox 934 1835 1074 1917; x_wconf 81' lang='lat' dir='ltr'><strong><em>eaquisi-</em></strong></span> <span class='ocrx_word' id='word_1_267' title='bbox 1126 1831 1246 1898; x_wconf 88' lang='lat' dir='ltr'><strong><em>Iudaeo</em></strong></span> <span class='ocrx_word' id='word_1_268' title='bbox 1278 1833 1335 1898; x_wconf 89' lang='lat' dir='ltr'><strong><em>tibi</em></strong></span> <span class='ocrx_word' id='word_1_269' title='bbox 1362 1840 1439 1900; x_wconf 87' lang='lat' dir='ltr'><strong><em>esset</em></strong></span> <span class='ocrx_word' id='word_1_270' title='bbox 1467 1835 1637 1916; x_wconf 82' lang='lat' dir='ltr'><strong><em>apeudum,</em></strong></span> <span class='ocrx_word' id='word_1_271' title='bbox 1666 1841 1701 1899; x_wconf 90' lang='lat' dir='ltr'><strong><em>nt</em></strong></span> <span class='ocrx_word' id='word_1_272' title='bbox 1727 1839 1775 1901; x_wconf 89' lang='lat' dir='ltr'><strong><em>tui</em></strong></span> <span class='ocrx_word' id='word_1_273' title='bbox 1796 1840 1984 1903; x_wconf 86' lang='lat' dir='ltr'><strong><em>misercatur</em></strong></span> <span class='ocrx_word' id='word_1_274' title='bbox 2005 1837 2104 1919; x_wconf 87' lang='lat' dir='ltr'><strong><em>Deus,</em></strong></span> 
     </span>
     <span class='ocr_line' id='line_1_19' title="bbox 90 1919 2060 2002; baseline 0.003 -19"><span class='ocrx_word' id='word_1_275' title='bbox 90 1921 182 2000; x_wconf 86' lang='lat' dir='ltr'><strong><em>uisse,</em></strong></span> <span class='ocrx_word' id='word_1_276' title='bbox 214 1920 418 2000; x_wconf 88' lang='lat' dir='ltr'><strong><em>desiderasse,</em></strong></span> <span class='ocrx_word' id='word_1_277' title='bbox 453 1920 654 1984; x_wconf 89' lang='lat' dir='ltr'><strong><em>etmandata</em></strong></span> <span class='ocrx_word' id='word_1_278' title='bbox 674 1919 793 1999; x_wconf 77' lang='lat' dir='ltr'><strong><em>fecisse.</em></strong></span> <span class='ocrx_word' id='word_1_279' title='bbox 841 1919 879 1983; x_wconf 77' lang='lat' dir='ltr'><strong><em>Si</em></strong></span> <span class='ocrx_word' id='word_1_280' title='bbox 913 1940 967 1984; x_wconf 88' lang='lat' dir='ltr'><strong><em>noc</em></strong></span> <span class='ocrx_word' id='word_1_281' title='bbox 1000 1926 1073 1984; x_wconf 80' lang='lat' dir='ltr'><strong><em>trono</em></strong></span> <span class='ocrx_word' id='word_1_282' title='bbox 1124 1919 1179 1998; x_wconf 77' lang='lat' dir='ltr'><strong><em>aui</em></strong></span> <span class='ocrx_word' id='word_1_283' title='bbox 1202 1920 1237 1984; x_wconf 91' lang='lat' dir='ltr'><strong><em>in</em></strong></span> <span class='ocrx_word' id='word_1_284' title='bbox 1260 1919 1324 2002; x_wconf 73' lang='lat' dir='ltr'><strong><em>depe</em></strong></span> <span class='ocrx_word' id='word_1_285' title='bbox 1345 1925 1390 1985; x_wconf 84' lang='lat' dir='ltr'><strong><em>est</em></strong></span> <span class='ocrx_word' id='word_1_286' title='bbox 1404 1921 1535 2000; x_wconf 90' lang='lat' dir='ltr'><strong><em>passim</em></strong></span> <span class='ocrx_word' id='word_1_287' title='bbox 1557 1920 1749 1985; x_wconf 87' lang='lat' dir='ltr'><strong><em>Indaeorum</em></strong></span> <span class='ocrx_word' id='word_1_288' title='bbox 1768 1925 1923 1988; x_wconf 90' lang='lat' dir='ltr'><strong><em>misertus.</em></strong></span> <span class='ocrx_word' id='word_1_289' title='bbox 1948 1923 2060 1988; x_wconf 85' lang='lat' dir='ltr'><strong><em>Amen.</em></strong></span> 
     </span>
     <span class='ocr_line' id='line_1_20' title="bbox 89 2005 1072 2088; baseline -0.001 -19"><span class='ocrx_word' id='word_1_290' title='bbox 89 2005 225 2071; x_wconf 89' lang='lat' dir='ltr'><strong><em>dabatur</em></strong></span> <span class='ocrx_word' id='word_1_291' title='bbox 249 2010 306 2069; x_wconf 90' lang='lat' dir='ltr'><strong><em>toto</em></strong></span> <span class='ocrx_word' id='word_1_292' title='bbox 329 2006 418 2071; x_wconf 92' lang='lat' dir='ltr'><strong><em>corde</em></strong></span> <span class='ocrx_word' id='word_1_293' title='bbox 441 2009 514 2084; x_wconf 80' lang='lat' dir='ltr'><strong><em>[pag.</em></strong></span> <span class='ocrx_word' id='word_1_294' title='bbox 538 2010 614 2084; x_wconf 82' lang='lat'>652]</span> <span class='ocrx_word' id='word_1_295' title='bbox 637 2005 774 2088; x_wconf 81' lang='lat' dir='ltr'><strong><em>diiipere,</em></strong></span> <span class='ocrx_word' id='word_1_296' title='bbox 797 2025 852 2070; x_wconf 88' lang='lat' dir='ltr'><strong><em>nec</em></strong></span> <span class='ocrx_word' id='word_1_297' title='bbox 873 2026 956 2070; x_wconf 91' lang='lat' dir='ltr'><strong><em>nunc</em></strong></span> <span class='ocrx_word' id='word_1_298' title='bbox 975 2006 1072 2069; x_wconf 88' lang='lat' dir='ltr'><strong><em>datar</em></strong></span> 
     </span>
     <span class='ocr_line' id='line_1_21' title="bbox 90 2090 1611 2178; baseline 0 -24"><span class='ocrx_word' id='word_1_299' title='bbox 90 2095 149 2155; x_wconf 88' lang='lat' dir='ltr'><strong><em>toto</em></strong></span> <span class='ocrx_word' id='word_1_300' title='bbox 170 2092 259 2157; x_wconf 89' lang='lat' dir='ltr'><strong><em>corde</em></strong></span> <span class='ocrx_word' id='word_1_301' title='bbox 279 2092 423 2178; x_wconf 58' lang='lat' dir='ltr'><strong><em>credere,</em></strong></span> <span class='ocrx_word' id='word_1_302' title='bbox 445 2111 608 2172; x_wconf 76' lang='lat' dir='ltr'><strong><em>nunqnam</em></strong></span> <span class='ocrx_word' id='word_1_303' title='bbox 640 2092 703 2155; x_wconf 89' lang='lat' dir='ltr'><strong><em>eris</em></strong></span> <span class='ocrx_word' id='word_1_304' title='bbox 732 2097 767 2155; x_wconf 90' lang='lat' dir='ltr'><strong><em>tu</em></strong></span> <span class='ocrx_word' id='word_1_305' title='bbox 788 2090 984 2171; x_wconf 76' lang='lat' dir='ltr'><strong><em>iustificatus,</em></strong></span> <span class='ocrx_word' id='word_1_306' title='bbox 1016 2091 1071 2171; x_wconf 80' lang='lat' dir='ltr'><strong><em>qui</em></strong></span> <span class='ocrx_word' id='word_1_307' title='bbox 1601 2164 1611 2174; x_wconf 17' lang='grc' dir='ltr'><em>ὢ</em></span> 
     </span>
     <span class='ocr_line' id='line_1_22' title="bbox 91 2173 2080 2259; baseline 0.001 -19"><span class='ocrx_word' id='word_1_308' title='bbox 91 2197 124 2240; x_wconf 92' lang='lat' dir='ltr'><strong><em>es</em></strong></span> <span class='ocrx_word' id='word_1_309' title='bbox 147 2181 212 2240; x_wconf 90' lang='lat' dir='ltr'><strong><em>tam</em></strong></span> <span class='ocrx_word' id='word_1_310' title='bbox 232 2176 360 2258; x_wconf 81' lang='lat' dir='ltr'><strong><em>ripidus</em></strong></span> <span class='ocrx_word' id='word_1_311' title='bbox 381 2181 512 2240; x_wconf 77' lang='lat' dir='ltr'><strong><em>exactor.</em></strong></span> <span class='ocrx_word' id='word_1_312' title='bbox 568 2176 629 2256; x_wconf 74' lang='lat' dir='ltr'><strong><em>Qui</em></strong></span> <span class='ocrx_word' id='word_1_313' title='bbox 662 2197 723 2241; x_wconf 92' lang='lat' dir='ltr'><strong><em>uon</em></strong></span> <span class='ocrx_word' id='word_1_314' title='bbox 755 2177 868 2259; x_wconf 81' lang='lat' dir='ltr'><strong><em>dibipit,</em></strong></span> <span class='ocrx_word' id='word_1_315' title='bbox 901 2181 1004 2240; x_wconf 88' lang='lat' dir='ltr'><strong><em>manet</em></strong></span> <span class='ocrx_word' id='word_1_316' title='bbox 1034 2177 1070 2239; x_wconf 90' lang='lat' dir='ltr'><strong><em>in</em></strong></span> <span class='ocrx_word' id='word_1_317' title='bbox 1272 2173 1507 2241; x_wconf 73' lang='lat' dir='ltr'><strong>EPISTULA</strong></span> <span class='ocrx_word' id='word_1_318' title='bbox 1531 2175 1761 2242; x_wconf 84' lang='lat' dir='ltr'><strong><em>VICESIMA</em></strong></span> <span class='ocrx_word' id='word_1_319' title='bbox 1787 2176 1950 2242; x_wconf 73' lang='lat' dir='ltr'><strong>SEXTA.</strong></span> <span class='ocrx_word' id='word_1_320' title='bbox 2078 2182 2080 2190; x_wconf 89' lang='lat'>&#39;</span> 
     </span>
     <span class='ocr_line' id='line_1_23' title="bbox 88 2261 1070 2344; baseline -0.003 -17"><span class='ocrx_word' id='word_1_321' title='bbox 88 2267 200 2327; x_wconf 79' lang='lat' dir='ltr'><strong><em>nane:</em></strong></span> <span class='ocrx_word' id='word_1_322' title='bbox 223 2281 293 2344; x_wconf 82' lang='lat' dir='ltr'><strong><em>erpo</em></strong></span> <span class='ocrx_word' id='word_1_323' title='bbox 314 2282 368 2326; x_wconf 88' lang='lat' dir='ltr'><strong><em>uos</em></strong></span> <span class='ocrx_word' id='word_1_324' title='bbox 387 2261 424 2324; x_wconf 88' lang='lat' dir='ltr'><strong><em>in</em></strong></span> <span class='ocrx_word' id='word_1_325' title='bbox 445 2266 541 2325; x_wconf 86' lang='lat' dir='ltr'><strong><em>morte</em></strong></span> <span class='ocrx_word' id='word_1_326' title='bbox 557 2263 701 2340; x_wconf 86' lang='lat' dir='ltr'><strong><em>monetis,</em></strong></span> <span class='ocrx_word' id='word_1_327' title='bbox 724 2263 779 2343; x_wconf 76' lang='lat' dir='ltr'><strong><em>ani</em></strong></span> <span class='ocrx_word' id='word_1_328' title='bbox 796 2261 987 2325; x_wconf 85' lang='lat' dir='ltr'><strong><em>ditectionem</em></strong></span> <span class='ocrx_word' id='word_1_329' title='bbox 1004 2280 1070 2324; x_wconf 85' lang='lat' dir='ltr'><strong><em>esse</em></strong></span> 
     </span>
     <span class='ocr_line' id='line_1_24' title="bbox 83 2343 2103 2430; baseline 0.001 -18"><span class='ocrx_word' id='word_1_330' title='bbox 83 2346 267 2428; x_wconf 81' lang='lat' dir='ltr'><strong><em>possibilem</em></strong></span> <span class='ocrx_word' id='word_1_331' title='bbox 289 2347 417 2430; x_wconf 83' lang='lat' dir='ltr'><strong><em>nepotis.</em></strong></span> <span class='ocrx_word' id='word_1_332' title='bbox 463 2346 509 2409; x_wconf 81' lang='lat' dir='ltr'><strong><em>At</em></strong></span> <span class='ocrx_word' id='word_1_333' title='bbox 529 2367 600 2412; x_wconf 87' lang='lat' dir='ltr'><strong><em>uero</em></strong></span> <span class='ocrx_word' id='word_1_334' title='bbox 623 2346 865 2411; x_wconf 80' lang='lat' dir='ltr'><strong><em>liberalissimus</em></strong></span> <span class='ocrx_word' id='word_1_335' title='bbox 886 2346 984 2425; x_wconf 87' lang='lat' dir='ltr'><strong><em>Deus,</em></strong></span> <span class='ocrx_word' id='word_1_336' title='bbox 1006 2366 1069 2410; x_wconf 91' lang='lat' dir='ltr'><strong><em>om·</em></strong></span> <span class='ocrx_word' id='word_1_337' title='bbox 1208 2343 1260 2410; x_wconf 90' lang='lat' dir='ltr'><strong><em>De</em></strong></span> <span class='ocrx_word' id='word_1_338' title='bbox 1293 2345 1356 2430; x_wconf 79' lang='lat' dir='ltr'><strong><em>hope</em></strong></span> <span class='ocrx_word' id='word_1_339' title='bbox 1383 2346 1488 2411; x_wconf 87' lang='lat' dir='ltr'><strong><em>Masis</em></strong></span> <span class='ocrx_word' id='word_1_340' title='bbox 1515 2347 1605 2412; x_wconf 85' lang='lat' dir='ltr'><strong><em>aliud</em></strong></span> <span class='ocrx_word' id='word_1_341' title='bbox 1631 2354 1771 2428; x_wconf 85' lang='lat' dir='ltr'><strong><em>superest</em></strong></span> <span class='ocrx_word' id='word_1_342' title='bbox 1800 2349 2030 2429; x_wconf 78' lang='lat' dir='ltr'><strong><em>inquirendum,</em></strong></span> <span class='ocrx_word' id='word_1_343' title='bbox 2064 2371 2103 2415; x_wconf 92' lang='lat' dir='ltr'><strong><em>ne</em></strong></span> 
     </span>
     <span class='ocr_line' id='line_1_25' title="bbox 88 2431 2103 2518; baseline 0.002 -22"><span class='ocrx_word' id='word_1_344' title='bbox 88 2433 145 2497; x_wconf 88' lang='lat' dir='ltr'><strong><em>nio</em></strong></span> <span class='ocrx_word' id='word_1_345' title='bbox 167 2433 288 2497; x_wconf 79' lang='lat' dir='ltr'><strong><em>donans</em></strong></span> <span class='ocrx_word' id='word_1_346' title='bbox 309 2433 339 2497; x_wconf 90' lang='lat' dir='ltr'><strong><em>si</em></strong></span> <span class='ocrx_word' id='word_1_347' title='bbox 361 2451 431 2494; x_wconf 90' lang='lat' dir='ltr'><strong><em>eum</em></strong></span> <span class='ocrx_word' id='word_1_348' title='bbox 453 2433 602 2510; x_wconf 70' lang='lat' dir='ltr'><strong><em>moueris</em></strong></span> <span class='ocrx_word' id='word_1_349' title='bbox 632 2431 776 2511; x_wconf 73' lang='lat' dir='ltr'><strong><em>etJidem</em></strong></span> <span class='ocrx_word' id='word_1_350' title='bbox 797 2451 906 2495; x_wconf 86' lang='lat' dir='ltr'><strong><em>ueram</em></strong></span> <span class='ocrx_word' id='word_1_351' title='bbox 938 2433 1069 2497; x_wconf 81' lang='lat' dir='ltr'><strong><em>otcari-</em></strong></span> <span class='ocrx_word' id='word_1_352' title='bbox 1122 2431 1195 2511; x_wconf 68' lang='lat' dir='ltr'><strong><em>qun</em></strong></span> <span class='ocrx_word' id='word_1_353' title='bbox 1218 2431 1387 2495; x_wconf 89' lang='lat' dir='ltr'><strong><em>indiciaiia</em></strong></span> <span class='ocrx_word' id='word_1_354' title='bbox 1408 2432 1467 2496; x_wconf 83' lang='lat' dir='ltr'><strong><em>ibbo</em></strong></span> <span class='ocrx_word' id='word_1_355' title='bbox 1489 2431 1580 2497; x_wconf 89' lang='lat' dir='ltr'><strong><em>nobis</em></strong></span> <span class='ocrx_word' id='word_1_356' title='bbox 1599 2432 1752 2498; x_wconf 88' lang='lat' dir='ltr'><strong><em>obtrudat.</em></strong></span> <span class='ocrx_word' id='word_1_357' title='bbox 1805 2435 2002 2515; x_wconf 66' lang='lat' dir='ltr'><strong><em>Quanamns</em></strong></span> <span class='ocrx_word' id='word_1_358' title='bbox 2023 2457 2103 2518; x_wconf 85' lang='lat' dir='ltr'><strong><em>erpo.</em></strong></span> 
     </span>
     <span class='ocr_line' id='line_1_26' title="bbox 88 2515 2104 2598; baseline 0.002 -17"><span class='ocrx_word' id='word_1_359' title='bbox 88 2522 181 2582; x_wconf 87' lang='lat' dir='ltr'><strong><em>tatem</em></strong></span> <span class='ocrx_word' id='word_1_360' title='bbox 203 2537 310 2581; x_wconf 89' lang='lat' dir='ltr'><strong><em>ueram</em></strong></span> <span class='ocrx_word' id='word_1_361' title='bbox 339 2517 512 2598; x_wconf 73' lang='lat' dir='ltr'><strong><em>aliquando</em></strong></span> <span class='ocrx_word' id='word_1_362' title='bbox 534 2515 678 2580; x_wconf 59' lang='lat' dir='ltr'><strong><em>donant:</em></strong></span> <span class='ocrx_word' id='word_1_363' title='bbox 704 2518 876 2598; x_wconf 71' lang='lat' dir='ltr'><strong><em>perfectam</em></strong></span> <span class='ocrx_word' id='word_1_364' title='bbox 899 2517 1068 2594; x_wconf 74' lang='lat' dir='ltr'><strong><em>caritatem</em></strong></span> <span class='ocrx_word' id='word_1_365' title='bbox 1124 2515 1162 2580; x_wconf 82' lang='lat' dir='ltr'><strong><em>Si</em></strong></span> <span class='ocrx_word' id='word_1_366' title='bbox 1188 2516 1312 2582; x_wconf 90' lang='lat' dir='ltr'><strong><em>iudicia</em></strong></span> <span class='ocrx_word' id='word_1_367' title='bbox 1339 2517 1397 2582; x_wconf 84' lang='lat' dir='ltr'><strong><em>ibba</em></strong></span> <span class='ocrx_word' id='word_1_368' title='bbox 1427 2537 1448 2580; x_wconf 89' lang='lat' dir='ltr'><strong><em>a</em></strong></span> <span class='ocrx_word' id='word_1_369' title='bbox 1476 2516 1546 2583; x_wconf 89' lang='lat' dir='ltr'><strong><em>Deo</em></strong></span> <span class='ocrx_word' id='word_1_370' title='bbox 1568 2518 1638 2598; x_wconf 93' lang='lat' dir='ltr'><strong><em>ipso</em></strong></span> <span class='ocrx_word' id='word_1_371' title='bbox 1665 2519 1796 2598; x_wconf 79' lang='lat' dir='ltr'><strong><em>prolata</em></strong></span> <span class='ocrx_word' id='word_1_372' title='bbox 1824 2519 2013 2589; x_wconf 85' lang='lat' dir='ltr'><strong><em>dirimendis</em></strong></span> <span class='ocrx_word' id='word_1_373' title='bbox 2042 2521 2104 2585; x_wconf 89' lang='lat' dir='ltr'><strong><em>titi-</em></strong></span> 
     </span>
     <span class='ocr_line' id='line_1_27' title="bbox 89 2600 2103 2687; baseline 0.001 -19"><span class='ocrx_word' id='word_1_374' title='bbox 89 2607 125 2668; x_wconf 89' lang='lat' dir='ltr'><strong><em>ut</em></strong></span> <span class='ocrx_word' id='word_1_375' title='bbox 144 2604 191 2667; x_wconf 86' lang='lat' dir='ltr'><strong><em>ait</em></strong></span> <span class='ocrx_word' id='word_1_376' title='bbox 211 2602 356 2667; x_wconf 86' lang='lat' dir='ltr'><strong><em>Ioannes.</em></strong></span> <span class='ocrx_word' id='word_1_377' title='bbox 403 2601 442 2666; x_wconf 79' lang='lat' dir='ltr'><strong><em>Si</em></strong></span> <span class='ocrx_word' id='word_1_378' title='bbox 461 2601 568 2667; x_wconf 82' lang='lat' dir='ltr'><strong><em>ornriia</em></strong></span> <span class='ocrx_word' id='word_1_379' title='bbox 589 2606 664 2665; x_wconf 85' lang='lat' dir='ltr'><strong><em>sunt</em></strong></span> <span class='ocrx_word' id='word_1_380' title='bbox 679 2602 850 2682; x_wconf 79' lang='lat' dir='ltr'><strong><em>possibilia</em></strong></span> <span class='ocrx_word' id='word_1_381' title='bbox 871 2603 1013 2681; x_wconf 89' lang='lat' dir='ltr'><strong><em>credenti,</em></strong></span> <span class='ocrx_word' id='word_1_382' title='bbox 1042 2606 1070 2665; x_wconf 88' lang='lat' dir='ltr'><strong><em>et</em></strong></span> <span class='ocrx_word' id='word_1_383' title='bbox 1121 2600 1194 2680; x_wconf 91' lang='lat' dir='ltr'><strong><em>bus,</em></strong></span> <span class='ocrx_word' id='word_1_384' title='bbox 1236 2608 1304 2666; x_wconf 91' lang='lat' dir='ltr'><strong><em>erat</em></strong></span> <span class='ocrx_word' id='word_1_385' title='bbox 1341 2607 1406 2666; x_wconf 87' lang='lat' dir='ltr'><strong><em>tam</em></strong></span> <span class='ocrx_word' id='word_1_386' title='bbox 1440 2606 1625 2687; x_wconf 73' lang='lat' dir='ltr'><strong><em>cnosona,⁹)</em></strong></span> <span class='ocrx_word' id='word_1_387' title='bbox 1659 2624 1757 2684; x_wconf 76' lang='lat' dir='ltr'><strong><em>quare</em></strong></span> <span class='ocrx_word' id='word_1_388' title='bbox 1790 2625 1846 2669; x_wconf 88' lang='lat' dir='ltr'><strong><em>nos</em></strong></span> <span class='ocrx_word' id='word_1_389' title='bbox 1878 2626 1916 2671; x_wconf 91' lang='lat' dir='ltr'><strong><em>ea</em></strong></span> <span class='ocrx_word' id='word_1_390' title='bbox 1948 2626 2009 2669; x_wconf 91' lang='lat' dir='ltr'><strong><em>non</em></strong></span> <span class='ocrx_word' id='word_1_391' title='bbox 2037 2626 2103 2671; x_wconf 88' lang='lat' dir='ltr'><strong><em>ser·</em></strong></span> 
     </span>
     <span class='ocr_line' id='line_1_28' title="bbox 88 2686 2102 2772; baseline 0.002 -21"><span class='ocrx_word' id='word_1_392' title='bbox 88 2693 123 2752; x_wconf 91' lang='lat' dir='ltr'><strong><em>tu</em></strong></span> <span class='ocrx_word' id='word_1_393' title='bbox 145 2688 255 2767; x_wconf 86' lang='lat' dir='ltr'><strong><em>credis,</em></strong></span> <span class='ocrx_word' id='word_1_394' title='bbox 273 2687 440 2769; x_wconf 81' lang='lat' dir='ltr'><strong><em>possibilis</em></strong></span> <span class='ocrx_word' id='word_1_395' title='bbox 462 2686 519 2750; x_wconf 88' lang='lat' dir='ltr'><strong><em>tibi</em></strong></span> <span class='ocrx_word' id='word_1_396' title='bbox 540 2690 586 2750; x_wconf 92' lang='lat' dir='ltr'><strong><em>est</em></strong></span> <span class='ocrx_word' id='word_1_397' title='bbox 606 2687 737 2765; x_wconf 84' lang='lat' dir='ltr'><strong><em>ditectio,</em></strong></span> <span class='ocrx_word' id='word_1_398' title='bbox 770 2692 799 2752; x_wconf 88' lang='lat' dir='ltr'><strong><em>et</em></strong></span> <span class='ocrx_word' id='word_1_399' title='bbox 817 2688 984 2769; x_wconf 80' lang='lat' dir='ltr'><strong><em>possibilis</em></strong></span> <span class='ocrx_word' id='word_1_400' title='bbox 1011 2688 1069 2752; x_wconf 78' lang='lat' dir='ltr'><strong><em>tn</em></strong></span> <span class='ocrx_word' id='word_1_401' title='bbox 1119 2705 1244 2764; x_wconf 83' lang='lat' dir='ltr'><strong><em>namus,</em></strong></span> <span class='ocrx_word' id='word_1_402' title='bbox 1276 2693 1311 2751; x_wconf 86' lang='lat' dir='ltr'><strong><em>ut</em></strong></span> <span class='ocrx_word' id='word_1_403' title='bbox 1343 2689 1378 2751; x_wconf 91' lang='lat' dir='ltr'><strong><em>in</em></strong></span> <span class='ocrx_word' id='word_1_404' title='bbox 1404 2687 1534 2752; x_wconf 87' lang='lat' dir='ltr'><strong><em>iudiciis</em></strong></span> <span class='ocrx_word' id='word_1_405' title='bbox 1565 2691 1685 2754; x_wconf 88' lang='lat' dir='ltr'><strong><em>nostris</em></strong></span> <span class='ocrx_word' id='word_1_406' title='bbox 1707 2690 1859 2754; x_wconf 77' lang='lat' dir='ltr'><strong><em>utamur?</em></strong></span> <span class='ocrx_word' id='word_1_407' title='bbox 1903 2691 2102 2772; x_wconf 87' lang='lat' dir='ltr'><strong><em>Respondeo:</em></strong></span> 
     </span>
     <span class='ocr_line' id='line_1_29' title="bbox 81 2771 2103 2858; baseline 0.002 -20"><span class='ocrx_word' id='word_1_408' title='bbox 81 2773 179 2855; x_wconf 85' lang='lat' dir='ltr'><strong><em>phetia</em></strong></span> <span class='ocrx_word' id='word_1_409' title='bbox 195 2774 365 2854; x_wconf 83' lang='lat' dir='ltr'><strong><em>praecepti.</em></strong></span> <span class='ocrx_word' id='word_1_410' title='bbox 411 2773 629 2855; x_wconf 80' lang='lat' dir='ltr'><strong><em>Anpustinnni</em></strong></span> <span class='ocrx_word' id='word_1_411' title='bbox 655 2777 688 2836; x_wconf 91' lang='lat' dir='ltr'><strong><em>tu</em></strong></span> <span class='ocrx_word' id='word_1_412' title='bbox 716 2772 797 2837; x_wconf 86' lang='lat' dir='ltr'><strong><em>soles</em></strong></span> <span class='ocrx_word' id='word_1_413' title='bbox 823 2775 944 2852; x_wconf 88' lang='lat' dir='ltr'><strong><em>audire,</em></strong></span> <span class='ocrx_word' id='word_1_414' title='bbox 976 2772 1069 2838; x_wconf 90' lang='lat' dir='ltr'><strong><em>cuius</em></strong></span> <span class='ocrx_word' id='word_1_415' title='bbox 1120 2771 1213 2836; x_wconf 89' lang='lat' dir='ltr'><strong><em>Dura</em></strong></span> <span class='ocrx_word' id='word_1_416' title='bbox 1246 2774 1364 2854; x_wconf 75' lang='lat' dir='ltr'><strong><em>populo</em></strong></span> <span class='ocrx_word' id='word_1_417' title='bbox 1396 2773 1560 2855; x_wconf 83' lang='lat' dir='ltr'><strong><em>prolatum</em></strong></span> <span class='ocrx_word' id='word_1_418' title='bbox 1592 2781 1637 2838; x_wconf 88' lang='lat' dir='ltr'><strong><em>est</em></strong></span> <span class='ocrx_word' id='word_1_419' title='bbox 1668 2775 1784 2840; x_wconf 90' lang='lat' dir='ltr'><strong><em>durum</em></strong></span> <span class='ocrx_word' id='word_1_420' title='bbox 1817 2775 1981 2856; x_wconf 89' lang='lat' dir='ltr'><strong><em>iudicium,</em></strong></span> <span class='ocrx_word' id='word_1_421' title='bbox 2020 2778 2103 2858; x_wconf 80' lang='lat' dir='ltr'><strong><em>quod</em></strong></span> 
     </span>
     <span class='ocr_line' id='line_1_30' title="bbox 5 2856 2101 2940; baseline 0.003 -18"><span class='ocrx_word' id='word_1_422' title='bbox 5 2864 9 2880; x_wconf 72' lang='lat'><em>⁴</em></span> <span class='ocrx_word' id='word_1_423' title='bbox 86 2858 160 2926; x_wconf 89' lang='lat' dir='ltr'><strong><em>baec</em></strong></span> <span class='ocrx_word' id='word_1_424' title='bbox 200 2863 273 2925; x_wconf 85' lang='lat' dir='ltr'><strong><em>sunt</em></strong></span> <span class='ocrx_word' id='word_1_425' title='bbox 303 2857 397 2922; x_wconf 88' lang='lat' dir='ltr'><strong><em>uerba</em></strong></span> <span class='ocrx_word' id='word_1_426' title='bbox 429 2858 481 2924; x_wconf 84' lang='lat' dir='ltr'><strong><em>bib.</em></strong></span> <span class='ocrx_word' id='word_1_427' title='bbox 519 2863 546 2920; x_wconf 89' lang='lat'><strong><em>1.</em></strong></span> <span class='ocrx_word' id='word_1_428' title='bbox 599 2857 765 2922; x_wconf 82' lang='lat' dir='ltr'><strong><em>Retractat.</em></strong></span> <span class='ocrx_word' id='word_1_429' title='bbox 794 2878 861 2940; x_wconf 88' lang='lat' dir='ltr'><strong><em>cap.</em></strong></span> <span class='ocrx_word' id='word_1_430' title='bbox 891 2863 936 2923; x_wconf 85' lang='lat'><strong><em>15</em></strong></span> <span class='ocrx_word' id='word_1_431' title='bbox 963 2864 989 2923; x_wconf 91' lang='lat' dir='ltr'><strong><em>et</em></strong></span> <span class='ocrx_word' id='word_1_432' title='bbox 1017 2857 1066 2922; x_wconf 84' lang='lat' dir='ltr'><strong><em>bib.</em></strong></span> <span class='ocrx_word' id='word_1_433' title='bbox 1122 2856 1242 2923; x_wconf 88' lang='lat' dir='ltr'><strong><em>Christi</em></strong></span> <span class='ocrx_word' id='word_1_434' title='bbox 1263 2858 1425 2924; x_wconf 86' lang='lat' dir='ltr'><strong><em>dementia</em></strong></span> <span class='ocrx_word' id='word_1_435' title='bbox 1446 2858 1533 2923; x_wconf 85' lang='lat' dir='ltr'><strong><em>tabiit.</em></strong></span> <span class='ocrx_word' id='word_1_436' title='bbox 1576 2859 1658 2924; x_wconf 79' lang='lat' dir='ltr'><strong><em>Tolli</em></strong></span> <span class='ocrx_word' id='word_1_437' title='bbox 1681 2866 1782 2925; x_wconf 85' lang='lat' dir='ltr'><strong><em>autem</em></strong></span> <span class='ocrx_word' id='word_1_438' title='bbox 1803 2861 1890 2926; x_wconf 88' lang='lat' dir='ltr'><strong><em>vides</em></strong></span> <span class='ocrx_word' id='word_1_439' title='bbox 1912 2862 1946 2925; x_wconf 91' lang='lat' dir='ltr'><strong><em>in</em></strong></span> <span class='ocrx_word' id='word_1_440' title='bbox 1969 2863 2101 2929; x_wconf 85' lang='lat' dir='ltr'><strong><em>mutiero</em></strong></span> 
     </span>
     <span class='ocr_line' id='line_1_31' title="bbox 86 2942 2101 3031; baseline 0.002 -23"><span class='ocrx_word' id='word_1_441' title='bbox 86 2944 124 3010; x_wconf 87' lang='lat' dir='ltr'><strong><em>de</em></strong></span> <span class='ocrx_word' id='word_1_442' title='bbox 157 2943 296 3008; x_wconf 89' lang='lat' dir='ltr'><strong><em>Duabus</em></strong></span> <span class='ocrx_word' id='word_1_443' title='bbox 329 2942 497 3007; x_wconf 75' lang='lat' dir='ltr'><strong><em>animabus</em></strong></span> <span class='ocrx_word' id='word_1_444' title='bbox 529 2950 635 3009; x_wconf 89' lang='lat' dir='ltr'><strong><em>contra</em></strong></span> <span class='ocrx_word' id='word_1_445' title='bbox 667 2943 886 3010; x_wconf 82' lang='lat' dir='ltr'><strong><em>Manichacus:</em></strong></span> <span class='ocrx_word' id='word_1_446' title='bbox 944 2944 1068 3010; x_wconf 88' lang='lat' dir='ltr'><strong><em>Peccati</em></strong></span> <span class='ocrx_word' id='word_1_447' title='bbox 1121 2944 1265 3008; x_wconf 82' lang='lat' dir='ltr'><strong><em>adultera</em></strong></span> <span class='ocrx_word' id='word_1_448' title='bbox 1287 2943 1393 3025; x_wconf 88' lang='lat' dir='ltr'><strong><em>(Ioan.</em></strong></span> <span class='ocrx_word' id='word_1_449' title='bbox 1417 2944 1462 3030; x_wconf 79' lang='lat'><strong><em>8).</em></strong></span> <span class='ocrx_word' id='word_1_450' title='bbox 1499 2944 1706 3011; x_wconf 85' lang='lat' dir='ltr'><strong><em>Indiciabinm</em></strong></span> <span class='ocrx_word' id='word_1_451' title='bbox 1724 2946 1850 3012; x_wconf 79' lang='lat' dir='ltr'><strong><em>iliorum</em></strong></span> <span class='ocrx_word' id='word_1_452' title='bbox 1872 2947 2018 3031; x_wconf 81' lang='lat' dir='ltr'><strong><em>obbipatio</em></strong></span> <span class='ocrx_word' id='word_1_453' title='bbox 2039 2968 2101 3013; x_wconf 89' lang='lat' dir='ltr'><strong><em>ces-</em></strong></span> 
     </span>
     <span class='ocr_line' id='line_1_32' title="bbox 86 3029 2100 3112; baseline 0.002 -19"><span class='ocrx_word' id='word_1_454' title='bbox 86 3050 176 3095; x_wconf 91' lang='lat' dir='ltr'><strong><em>renm</em></strong></span> <span class='ocrx_word' id='word_1_455' title='bbox 197 3047 288 3110; x_wconf 78' lang='lat' dir='ltr'><strong><em>quem</em></strong></span> <span class='ocrx_word' id='word_1_456' title='bbox 315 3030 422 3108; x_wconf 83' lang='lat' dir='ltr'><strong><em>teneri,</em></strong></span> <span class='ocrx_word' id='word_1_457' title='bbox 458 3029 536 3109; x_wconf 76' lang='lat' dir='ltr'><strong><em>quia</em></strong></span> <span class='ocrx_word' id='word_1_458' title='bbox 563 3050 624 3094; x_wconf 92' lang='lat' dir='ltr'><strong><em>non</em></strong></span> <span class='ocrx_word' id='word_1_459' title='bbox 655 3030 729 3112; x_wconf 72' lang='lat' dir='ltr'><strong><em>fecit</em></strong></span> <span class='ocrx_word' id='word_1_460' title='bbox 757 3030 839 3112; x_wconf 77' lang='lat' dir='ltr'><strong><em>quod</em></strong></span> <span class='ocrx_word' id='word_1_461' title='bbox 871 3031 975 3112; x_wconf 80' lang='lat' dir='ltr'><strong><em>facere</em></strong></span> <span class='ocrx_word' id='word_1_462' title='bbox 1006 3050 1068 3094; x_wconf 89' lang='lat' dir='ltr'><strong><em>non</em></strong></span> <span class='ocrx_word' id='word_1_463' title='bbox 1119 3035 1178 3107; x_wconf 89' lang='lat' dir='ltr'><strong><em>sat,</em></strong></span> <span class='ocrx_word' id='word_1_464' title='bbox 1193 3050 1254 3110; x_wconf 87' lang='lat' dir='ltr'><strong><em>per</em></strong></span> <span class='ocrx_word' id='word_1_465' title='bbox 1270 3030 1465 3096; x_wconf 79' lang='lat' dir='ltr'><strong><em>liberatorem</em></strong></span> <span class='ocrx_word' id='word_1_466' title='bbox 1485 3030 1619 3095; x_wconf 82' lang='lat' dir='ltr'><strong><em>subbata.</em></strong></span> <span class='ocrx_word' id='word_1_467' title='bbox 1663 3031 1845 3099; x_wconf 87' lang='lat' dir='ltr'><strong><em>Poenarum</em></strong></span> <span class='ocrx_word' id='word_1_468' title='bbox 1865 3034 2020 3110; x_wconf 83' lang='lat' dir='ltr'><strong><em>acerbitas</em></strong></span> <span class='ocrx_word' id='word_1_469' title='bbox 2041 3033 2100 3098; x_wconf 83' lang='lat' dir='ltr'><strong><em>itta</em></strong></span> 
     </span>
     <span class='ocr_line' id='line_1_33' title="bbox 83 3114 2101 3284; baseline 0.002 -106"><span class='ocrx_word' id='word_1_470' title='bbox 83 3115 192 3265; x_wconf 50' lang='grc' dir='ltr'><strong><em>ρξιιιιιιι,</em></strong></span> <span class='ocrx_word' id='word_1_471' title='bbox 225 3132 367 3262; x_wconf 50' lang='lat' dir='ltr'><strong><em>saginae</em></strong></span> <span class='ocrx_word' id='word_1_472' title='bbox 393 3114 632 3263; x_wconf 33' lang='lat' dir='ltr'><strong><em>initquitatismet</em></strong></span> <span class='ocrx_word' id='word_1_473' title='bbox 663 3116 812 3266; x_wconf 46' lang='lat' dir='ltr'><strong><em>mauide</em></strong></span> <span class='ocrx_word' id='word_1_474' title='bbox 844 3120 898 3181; x_wconf 88' lang='lat' dir='ltr'><strong><em>cst.</em></strong></span> <span class='ocrx_word' id='word_1_475' title='bbox 922 3115 1067 3268; x_wconf 49' lang='lat' dir='ltr'><strong><em>Stlbiitetm</em></strong></span> <span class='ocrx_word' id='word_1_476' title='bbox 1120 3114 1289 3212; x_wconf 76' lang='lat' dir='ltr'><strong><em>indicabat,</em></strong></span> <span class='ocrx_word' id='word_1_477' title='bbox 1311 3116 1498 3267; x_wconf 43' lang='lat' dir='ltr'><strong><em>ingmiutnsam</em></strong></span> <span class='ocrx_word' id='word_1_478' title='bbox 1511 3136 1585 3266; x_wconf 58' lang='lat' dir='ltr'><strong><em>lesse</em></strong></span> <span class='ocrx_word' id='word_1_479' title='bbox 1595 3118 1905 3284; x_wconf 43' lang='lat' dir='ltr'><strong><em>,fiemptdfflme</em></strong></span> <span class='ocrx_word' id='word_1_480' title='bbox 1926 3119 2101 3267; x_wconf 57' lang='lat' dir='ltr'><strong><em>niciestattis</em></strong></span> 
     </span>
     <span class='ocr_line' id='line_1_34' title="bbox 87 3219 2099 3282; baseline 0.001 -17"><span class='ocrx_word' id='word_1_481' title='bbox 87 3221 141 3277; x_wconf 90' lang='lat' dir='ltr'><strong><em>o,</em></strong></span> <span class='ocrx_word' id='word_1_482' title='bbox 174 3219 236 3265; x_wconf 90' lang='lat' dir='ltr'><strong><em>non</em></strong></span> <span class='ocrx_word' id='word_1_483' title='bbox 279 3219 322 3265; x_wconf 83' lang='lat' dir='ltr'><strong><em>ico</em></strong></span> <span class='ocrx_word' id='word_1_484' title='bbox 372 3219 439 3265; x_wconf 92' lang='lat' dir='ltr'><strong><em>ccca</em></strong></span> <span class='ocrx_word' id='word_1_485' title='bbox 452 3220 506 3264; x_wconf 90' lang='lat' dir='ltr'><strong><em>nm</em></strong></span> <span class='ocrx_word' id='word_1_486' title='bbox 544 3220 609 3265; x_wconf 81' lang='lat' dir='ltr'><strong><em>nisi</em></strong></span> <span class='ocrx_word' id='word_1_487' title='bbox 631 3222 652 3265; x_wconf 91' lang='lat' dir='ltr'><strong><em>a</em></strong></span> <span class='ocrx_word' id='word_1_488' title='bbox 694 3222 734 3266; x_wconf 90' lang='lat' dir='ltr'><strong><em>uo</em></strong></span> <span class='ocrx_word' id='word_1_489' title='bbox 798 3222 923 3265; x_wconf 78' lang='lat' dir='ltr'><strong><em>nume</em></strong></span> <span class='ocrx_word' id='word_1_490' title='bbox 973 3222 1068 3266; x_wconf 84' lang='lat' dir='ltr'><strong><em>osi·</em></strong></span> <span class='ocrx_word' id='word_1_491' title='bbox 1119 3220 1297 3267; x_wconf 82' lang='lat' dir='ltr'><strong><em>immensae.</em></strong></span> <span class='ocrx_word' id='word_1_492' title='bbox 1463 3221 1563 3267; x_wconf 88' lang='lat' dir='ltr'><strong><em>scens</em></strong></span> <span class='ocrx_word' id='word_1_493' title='bbox 1653 3223 1690 3267; x_wconf 89' lang='lat' dir='ltr'><strong><em>ae</em></strong></span> <span class='ocrx_word' id='word_1_494' title='bbox 1736 3225 1771 3266; x_wconf 82' lang='lat' dir='ltr'><strong><em>ni</em></strong></span> <span class='ocrx_word' id='word_1_495' title='bbox 1816 3223 2012 3282; x_wconf 76' lang='lat' dir='ltr'><strong><em>ammomum,</em></strong></span> <span class='ocrx_word' id='word_1_496' title='bbox 2051 3225 2099 3268; x_wconf 86' lang='lat' dir='ltr'><strong><em>ia</em></strong></span> 
     </span>
     <span class='ocr_line' id='line_1_35' title="bbox 85 3215 2098 3369; baseline 0.002 -20"><span class='ocrx_word' id='word_1_497' title='bbox 85 3306 173 3351; x_wconf 89' lang='lat' dir='ltr'><strong><em>nere:</em></strong></span> <span class='ocrx_word' id='word_1_498' title='bbox 213 3220 587 3367; x_wconf 61' lang='lat' dir='ltr'><strong><em>libcrumpquoque&#39;esse</em></strong></span> <span class='ocrx_word' id='word_1_499' title='bbox 616 3215 692 3367; x_wconf 60' lang='lat' dir='ltr'><strong><em>aitq</em></strong></span> <span class='ocrx_word' id='word_1_500' title='bbox 705 3292 906 3369; x_wconf 90' lang='lat' dir='ltr'><strong><em>praeceptum</em></strong></span> <span class='ocrx_word' id='word_1_501' title='bbox 928 3288 1066 3369; x_wconf 86' lang='lat' dir='ltr'><strong><em>implere,</em></strong></span> <span class='ocrx_word' id='word_1_502' title='bbox 1116 3286 1183 3369; x_wconf 80' lang='lat' dir='ltr'><strong><em>fuit</em></strong></span> <span class='ocrx_word' id='word_1_503' title='bbox 1201 3306 1307 3367; x_wconf 87' lang='lat' dir='ltr'><strong><em>poena</em></strong></span> <span class='ocrx_word' id='word_1_504' title='bbox 1334 3287 1474 3352; x_wconf 75' lang='lat' dir='ltr'><strong><em>exitialis</em></strong></span> <span class='ocrx_word' id='word_1_505' title='bbox 1501 3288 1611 3353; x_wconf 85' lang='lat' dir='ltr'><strong><em>mortis</em></strong></span> <span class='ocrx_word' id='word_1_506' title='bbox 1637 3289 1799 3354; x_wconf 87' lang='lat' dir='ltr'><strong><em>immensa.</em></strong></span> <span class='ocrx_word' id='word_1_507' title='bbox 1847 3287 1915 3353; x_wconf 90' lang='lat' dir='ltr'><strong><em>Nos</em></strong></span> <span class='ocrx_word' id='word_1_508' title='bbox 1940 3309 2012 3353; x_wconf 85' lang='lat' dir='ltr'><strong><em>aero</em></strong></span> <span class='ocrx_word' id='word_1_509' title='bbox 2040 3289 2098 3353; x_wconf 90' lang='lat' dir='ltr'><strong><em>sci-</em></strong></span> 
     </span>
     <span class='ocr_line' id='line_1_36' title="bbox 85 3369 2098 3456; baseline 0.002 -21"><span class='ocrx_word' id='word_1_510' title='bbox 85 3371 213 3435; x_wconf 85' lang='lat' dir='ltr'><strong><em>iuouute</em></strong></span> <span class='ocrx_word' id='word_1_511' title='bbox 241 3369 318 3435; x_wconf 89' lang='lat' dir='ltr'><strong><em>Deo.</em></strong></span> <span class='ocrx_word' id='word_1_512' title='bbox 363 3370 465 3450; x_wconf 83' lang='lat' dir='ltr'><strong><em>Adde,</em></strong></span> <span class='ocrx_word' id='word_1_513' title='bbox 502 3371 584 3454; x_wconf 77' lang='lat' dir='ltr'><strong><em>quod</em></strong></span> <span class='ocrx_word' id='word_1_514' title='bbox 605 3379 807 3455; x_wconf 84' lang='lat' dir='ltr'><strong><em>praeceptum</em></strong></span> <span class='ocrx_word' id='word_1_515' title='bbox 840 3374 879 3439; x_wconf 93' lang='lat' dir='ltr'><strong><em>de</em></strong></span> <span class='ocrx_word' id='word_1_516' title='bbox 907 3373 1068 3439; x_wconf 68' lang='lat' dir='ltr'><strong><em>dilectione</em></strong></span> <span class='ocrx_word' id='word_1_517' title='bbox 1119 3391 1199 3451; x_wconf 89' lang='lat' dir='ltr'><strong><em>mus,</em></strong></span> <span class='ocrx_word' id='word_1_518' title='bbox 1225 3373 1371 3437; x_wconf 87' lang='lat' dir='ltr'><strong><em>immensi</em></strong></span> <span class='ocrx_word' id='word_1_519' title='bbox 1398 3373 1524 3438; x_wconf 84' lang='lat' dir='ltr'><strong><em>sederis</em></strong></span> <span class='ocrx_word' id='word_1_520' title='bbox 1547 3373 1651 3456; x_wconf 84' lang='lat' dir='ltr'><strong><em>fnisse</em></strong></span> <span class='ocrx_word' id='word_1_521' title='bbox 1673 3374 1856 3439; x_wconf 89' lang='lat' dir='ltr'><strong><em>immensam</em></strong></span> <span class='ocrx_word' id='word_1_522' title='bbox 1877 3375 2098 3455; x_wconf 87' lang='lat' dir='ltr'><strong><em>compensatio-</em></strong></span> 
     </span>
     <span class='ocr_line' id='line_1_37' title="bbox 88 3455 2188 3542; baseline -0.001 -21"><span class='ocrx_word' id='word_1_523' title='bbox 88 3455 145 3521; x_wconf 86' lang='lat' dir='ltr'><strong><em>iiia</em></strong></span> <span class='ocrx_word' id='word_1_524' title='bbox 177 3474 239 3520; x_wconf 89' lang='lat' dir='ltr'><strong><em>non</em></strong></span> <span class='ocrx_word' id='word_1_525' title='bbox 260 3461 327 3520; x_wconf 84' lang='lat' dir='ltr'><strong><em>erat</em></strong></span> <span class='ocrx_word' id='word_1_526' title='bbox 353 3457 387 3520; x_wconf 90' lang='lat' dir='ltr'><strong><em>in</em></strong></span> <span class='ocrx_word' id='word_1_527' title='bbox 420 3456 542 3539; x_wconf 73' lang='lat' dir='ltr'><strong><em>foedere</em></strong></span> <span class='ocrx_word' id='word_1_528' title='bbox 568 3457 714 3542; x_wconf 85' lang='lat' dir='ltr'><strong><em>decalopi,</em></strong></span> <span class='ocrx_word' id='word_1_529' title='bbox 746 3479 800 3524; x_wconf 87' lang='lat' dir='ltr'><strong><em>nec</em></strong></span> <span class='ocrx_word' id='word_1_530' title='bbox 821 3464 867 3523; x_wconf 87' lang='lat' dir='ltr'><strong><em>est</em></strong></span> <span class='ocrx_word' id='word_1_531' title='bbox 888 3478 908 3522; x_wconf 88' lang='lat' dir='ltr'><strong><em>a</em></strong></span> <span class='ocrx_word' id='word_1_532' title='bbox 931 3458 999 3523; x_wconf 86' lang='lat' dir='ltr'><strong><em>Deo</em></strong></span> <span class='ocrx_word' id='word_1_533' title='bbox 1020 3459 1066 3522; x_wconf 91' lang='lat' dir='ltr'><strong><em>ita</em></strong></span> <span class='ocrx_word' id='word_1_534' title='bbox 1118 3477 1197 3537; x_wconf 77' lang='lat' dir='ltr'><strong><em>nem</em></strong></span> <span class='ocrx_word' id='word_1_535' title='bbox 1229 3462 1360 3532; x_wconf 85' lang='lat' dir='ltr'><strong><em>mortem</em></strong></span> <span class='ocrx_word' id='word_1_536' title='bbox 1386 3459 1654 3541; x_wconf 86' lang='lat' dir='ltr'><strong><em>pretiosissimam</em></strong></span> <span class='ocrx_word' id='word_1_537' title='bbox 1683 3457 1748 3538; x_wconf 74' lang='lat' dir='ltr'><strong><em>acre</em></strong></span> <span class='ocrx_word' id='word_1_538' title='bbox 1775 3457 1847 3524; x_wconf 87' lang='lat' dir='ltr'><strong><em>Dei.</em></strong></span> <span class='ocrx_word' id='word_1_539' title='bbox 1902 3459 1947 3525; x_wconf 89' lang='lat' dir='ltr'><strong><em>Ob</em></strong></span> <span class='ocrx_word' id='word_1_540' title='bbox 1972 3460 2008 3525; x_wconf 90' lang='lat' dir='ltr'><strong><em>id</em></strong></span> <span class='ocrx_word' id='word_1_541' title='bbox 2032 3480 2099 3540; x_wconf 90' lang='lat' dir='ltr'><strong><em>nos,</em></strong></span> <span class='ocrx_word' id='word_1_542' title='bbox 2182 3512 2188 3519; x_wconf 88' lang='lat'><em>.</em></span> 
     </span>
     <span class='ocr_line' id='line_1_38' title="bbox 85 3542 2100 3627; baseline 0.001 -20"><span class='ocrx_word' id='word_1_543' title='bbox 85 3542 209 3620; x_wconf 85' lang='lat' dir='ltr'><strong><em>dotum,</em></strong></span> <span class='ocrx_word' id='word_1_544' title='bbox 237 3543 362 3623; x_wconf 67' lang='lat' dir='ltr'><strong><em>mando</em></strong></span> <span class='ocrx_word' id='word_1_545' title='bbox 384 3543 460 3608; x_wconf 89' lang='lat' dir='ltr'><strong><em>data</em></strong></span> <span class='ocrx_word' id='word_1_546' title='bbox 482 3548 527 3606; x_wconf 91' lang='lat' dir='ltr'><strong><em>est</em></strong></span> <span class='ocrx_word' id='word_1_547' title='bbox 548 3543 607 3607; x_wconf 81' lang='lat' dir='ltr'><strong><em>ica.</em></strong></span> <span class='ocrx_word' id='word_1_548' title='bbox 655 3543 717 3610; x_wconf 82' lang='lat' dir='ltr'><strong><em>Sed</em></strong></span> <span class='ocrx_word' id='word_1_549' title='bbox 739 3565 761 3608; x_wconf 93' lang='lat' dir='ltr'><strong><em>a</em></strong></span> <span class='ocrx_word' id='word_1_550' title='bbox 782 3543 875 3608; x_wconf 88' lang='lat' dir='ltr'><strong><em>Mose</em></strong></span> <span class='ocrx_word' id='word_1_551' title='bbox 896 3544 930 3607; x_wconf 90' lang='lat' dir='ltr'><strong><em>in</em></strong></span> <span class='ocrx_word' id='word_1_552' title='bbox 952 3544 1066 3609; x_wconf 77' lang='lat' dir='ltr'><strong><em>Docte</em></strong></span> <span class='ocrx_word' id='word_1_553' title='bbox 1119 3564 1214 3625; x_wconf 77' lang='lat' dir='ltr'><strong><em>quun</em></strong></span> <span class='ocrx_word' id='word_1_554' title='bbox 1236 3543 1431 3625; x_wconf 79' lang='lat' dir='ltr'><strong><em>offendimus,</em></strong></span> <span class='ocrx_word' id='word_1_555' title='bbox 1465 3564 1527 3608; x_wconf 90' lang='lat' dir='ltr'><strong><em>non</em></strong></span> <span class='ocrx_word' id='word_1_556' title='bbox 1549 3548 1614 3609; x_wconf 86' lang='lat' dir='ltr'><strong><em>tam</em></strong></span> <span class='ocrx_word' id='word_1_557' title='bbox 1647 3543 1749 3627; x_wconf 78' lang='lat' dir='ltr'><strong><em>ripide</em></strong></span> <span class='ocrx_word' id='word_1_558' title='bbox 1770 3546 1951 3625; x_wconf 89' lang='lat' dir='ltr'><strong><em>occidimur,</em></strong></span> <span class='ocrx_word' id='word_1_559' title='bbox 1985 3544 2100 3610; x_wconf 89' lang='lat' dir='ltr'><strong><em>obiecta</em></strong></span> 
     </span>
     <span class='ocr_line' id='line_1_39' title="bbox 85 3624 2099 3715; baseline 0.002 -24"><span class='ocrx_word' id='word_1_560' title='bbox 85 3628 225 3692; x_wconf 83' lang='lat' dir='ltr'><strong><em>rmoomio</em></strong></span> <span class='ocrx_word' id='word_1_561' title='bbox 257 3632 303 3691; x_wconf 86' lang='lat' dir='ltr'><strong><em>est</em></strong></span> <span class='ocrx_word' id='word_1_562' title='bbox 327 3634 440 3708; x_wconf 90' lang='lat' dir='ltr'><strong><em>postea</em></strong></span> <span class='ocrx_word' id='word_1_563' title='bbox 473 3627 682 3693; x_wconf 74' lang='lat' dir='ltr'><strong><em>exhortatione</em></strong></span> <span class='ocrx_word' id='word_1_564' title='bbox 708 3630 847 3711; x_wconf 80' lang='lat' dir='ltr'><strong><em>quadam</em></strong></span> <span class='ocrx_word' id='word_1_565' title='bbox 875 3629 1066 3694; x_wconf 89' lang='lat' dir='ltr'><strong><em>adiunctum.</em></strong></span> <span class='ocrx_word' id='word_1_566' title='bbox 1112 3649 1175 3711; x_wconf 90' lang='lat' dir='ltr'><strong><em>pro</em></strong></span> <span class='ocrx_word' id='word_1_567' title='bbox 1196 3628 1285 3694; x_wconf 82' lang='lat' dir='ltr'><strong><em>nobis</em></strong></span> <span class='ocrx_word' id='word_1_568' title='bbox 1306 3631 1380 3710; x_wconf 89' lang='lat' dir='ltr'><strong><em>ipsa</em></strong></span> <span class='ocrx_word' id='word_1_569' title='bbox 1401 3635 1498 3695; x_wconf 88' lang='lat' dir='ltr'><strong><em>morte</em></strong></span> <span class='ocrx_word' id='word_1_570' title='bbox 1514 3624 1646 3708; x_wconf 88' lang='lat' dir='ltr'><strong><em>Christi,</em></strong></span> <span class='ocrx_word' id='word_1_571' title='bbox 1668 3630 1818 3695; x_wconf 86' lang='lat' dir='ltr'><strong><em>immenso</em></strong></span> <span class='ocrx_word' id='word_1_572' title='bbox 1839 3631 2061 3715; x_wconf 88' lang='lat' dir='ltr'><strong><em>redemptionis</em></strong></span> <span class='ocrx_word' id='word_1_573' title='bbox 2070 3631 2099 3715; x_wconf 80' lang='lat'><strong><em>³)</em></strong></span> 
     </span>
     <span class='ocr_line' id='line_1_40' title="bbox 86 3711 2100 3798; baseline 0.002 -21"><span class='ocrx_word' id='word_1_574' title='bbox 86 3711 155 3778; x_wconf 85' lang='lat' dir='ltr'><strong><em>Inro</em></strong></span> <span class='ocrx_word' id='word_1_575' title='bbox 177 3713 239 3778; x_wconf 88' lang='lat' dir='ltr'><strong><em>ait:</em></strong></span> <span class='ocrx_word' id='word_1_576' title='bbox 273 3711 511 3796; x_wconf 77' lang='lat' dir='ltr'><strong><em>th&#39;rcnniddd&#39;)</em></strong></span> <span class='ocrx_word' id='word_1_577' title='bbox 533 3714 681 3780; x_wconf 86' lang='lat' dir='ltr'><strong><em>dorninns</em></strong></span> <span class='ocrx_word' id='word_1_578' title='bbox 702 3734 754 3780; x_wconf 92' lang='lat' dir='ltr'><strong><em>cor</em></strong></span> <span class='ocrx_word' id='word_1_579' title='bbox 775 3719 872 3794; x_wconf 90' lang='lat' dir='ltr'><strong><em>tunm,</em></strong></span> <span class='ocrx_word' id='word_1_580' title='bbox 894 3719 928 3779; x_wconf 85' lang='lat' dir='ltr'><strong><em>ut</em></strong></span> <span class='ocrx_word' id='word_1_581' title='bbox 947 3716 1066 3798; x_wconf 80' lang='lat' dir='ltr'><strong><em>dibipas</em></strong></span> <span class='ocrx_word' id='word_1_582' title='bbox 1113 3715 1224 3795; x_wconf 89' lang='lat' dir='ltr'><strong><em>pretio.</em></strong></span> <span class='ocrx_word' id='word_1_583' title='bbox 1269 3714 1354 3779; x_wconf 85' lang='lat' dir='ltr'><strong><em>Eius</em></strong></span> <span class='ocrx_word' id='word_1_584' title='bbox 1386 3715 1495 3780; x_wconf 88' lang='lat' dir='ltr'><strong><em>nidore</em></strong></span> <span class='ocrx_word' id='word_1_585' title='bbox 1527 3713 1641 3796; x_wconf 79' lang='lat' dir='ltr'><strong><em>ubique</em></strong></span> <span class='ocrx_word' id='word_1_586' title='bbox 1673 3715 1823 3781; x_wconf 85' lang='lat' dir='ltr'><strong><em>delinitus</em></strong></span> <span class='ocrx_word' id='word_1_587' title='bbox 1850 3721 1953 3797; x_wconf 91' lang='lat' dir='ltr'><strong><em>pater,</em></strong></span> <span class='ocrx_word' id='word_1_588' title='bbox 1986 3717 2100 3798; x_wconf 77' lang='lat' dir='ltr'><strong><em>ubique</em></strong></span> 
     </span>
     <span class='ocr_line' id='line_1_41' title="bbox 83 3797 2100 3884; baseline 0.001 -19"><span class='ocrx_word' id='word_1_589' title='bbox 83 3819 154 3866; x_wconf 91' lang='lat' dir='ltr'><strong><em>eum</em></strong></span> <span class='ocrx_word' id='word_1_590' title='bbox 183 3818 221 3864; x_wconf 83' lang='lat' dir='ltr'><strong><em>ea</em></strong></span> <span class='ocrx_word' id='word_1_591' title='bbox 247 3803 305 3864; x_wconf 92' lang='lat' dir='ltr'><strong><em>toto</em></strong></span> <span class='ocrx_word' id='word_1_592' title='bbox 332 3800 422 3863; x_wconf 89' lang='lat' dir='ltr'><strong><em>corde</em></strong></span> <span class='ocrx_word' id='word_1_593' title='bbox 448 3798 554 3880; x_wconf 86' lang='lat' dir='ltr'><strong><em>(Dent.</em></strong></span> <span class='ocrx_word' id='word_1_594' title='bbox 577 3802 646 3881; x_wconf 82' lang='lat'><strong><em>30).</em></strong></span> <span class='ocrx_word' id='word_1_595' title='bbox 690 3797 814 3880; x_wconf 74' lang='lat' dir='ltr'><strong><em>Quibus</em></strong></span> <span class='ocrx_word' id='word_1_596' title='bbox 841 3799 942 3865; x_wconf 89' lang='lat' dir='ltr'><strong><em>uerbis</em></strong></span> <span class='ocrx_word' id='word_1_597' title='bbox 962 3801 1066 3882; x_wconf 84' lang='lat' dir='ltr'><strong><em>possi·</em></strong></span> <span class='ocrx_word' id='word_1_598' title='bbox 1117 3801 1204 3864; x_wconf 84' lang='lat' dir='ltr'><strong><em>iram</em></strong></span> <span class='ocrx_word' id='word_1_599' title='bbox 1226 3802 1360 3879; x_wconf 87' lang='lat' dir='ltr'><strong><em>remittit,</em></strong></span> <span class='ocrx_word' id='word_1_600' title='bbox 1394 3801 1449 3866; x_wconf 93' lang='lat' dir='ltr'><strong><em>ubi</em></strong></span> <span class='ocrx_word' id='word_1_601' title='bbox 1480 3819 1537 3864; x_wconf 89' lang='lat' dir='ltr'><strong><em>nos</em></strong></span> <span class='ocrx_word' id='word_1_602' title='bbox 1567 3801 1595 3863; x_wconf 92' lang='lat' dir='ltr'><strong><em>ei</em></strong></span> <span class='ocrx_word' id='word_1_603' title='bbox 1625 3800 1679 3865; x_wconf 92' lang='lat' dir='ltr'><strong><em>hac</em></strong></span> <span class='ocrx_word' id='word_1_604' title='bbox 1694 3802 1914 3883; x_wconf 89' lang='lat' dir='ltr'><strong><em>proponimus,</em></strong></span> <span class='ocrx_word' id='word_1_605' title='bbox 1944 3801 2008 3882; x_wconf 72' lang='lat' dir='ltr'><strong><em>fide</em></strong></span> <span class='ocrx_word' id='word_1_606' title='bbox 2023 3822 2100 3884; x_wconf 92' lang='lat' dir='ltr'><strong><em>pro·</em></strong></span> 
     </span>
     <span class='ocr_line' id='line_1_42' title="bbox 82 3883 2097 3968; baseline 0 -16"><span class='ocrx_word' id='word_1_607' title='bbox 82 3885 174 3952; x_wconf 74' lang='lat' dir='ltr'><strong><em>utin</em></strong></span> <span class='ocrx_word' id='word_1_608' title='bbox 195 3904 262 3951; x_wconf 86' lang='lat' dir='ltr'><strong><em>esse</em></strong></span> <span class='ocrx_word' id='word_1_609' title='bbox 282 3884 366 3950; x_wconf 89' lang='lat' dir='ltr'><strong><em>docet</em></strong></span> <span class='ocrx_word' id='word_1_610' title='bbox 383 3883 573 3949; x_wconf 85' lang='lat' dir='ltr'><strong><em>ditectionem</em></strong></span> <span class='ocrx_word' id='word_1_611' title='bbox 594 3884 695 3964; x_wconf 83' lang='lat' dir='ltr'><strong><em>itiam,</em></strong></span> <span class='ocrx_word' id='word_1_612' title='bbox 717 3884 867 3967; x_wconf 70' lang='lat' dir='ltr'><strong><em>efficiendo</em></strong></span> <span class='ocrx_word' id='word_1_613' title='bbox 887 3888 921 3949; x_wconf 89' lang='lat' dir='ltr'><strong><em>in</em></strong></span> <span class='ocrx_word' id='word_1_614' title='bbox 943 3891 971 3951; x_wconf 89' lang='lat' dir='ltr'><strong><em>te</em></strong></span> <span class='ocrx_word' id='word_1_615' title='bbox 985 3886 1064 3966; x_wconf 88' lang='lat' dir='ltr'><strong><em>Deo,</em></strong></span> <span class='ocrx_word' id='word_1_616' title='bbox 1112 3885 1280 3964; x_wconf 78' lang='lat' dir='ltr'><strong><em>pitiatoris</em></strong></span> <span class='ocrx_word' id='word_1_617' title='bbox 1307 3887 1387 3951; x_wconf 84' lang='lat' dir='ltr'><strong><em>uiua.</em></strong></span> <span class='ocrx_word' id='word_1_618' title='bbox 1433 3885 1476 3950; x_wconf 92' lang='lat' dir='ltr'><strong><em>Id</em></strong></span> <span class='ocrx_word' id='word_1_619' title='bbox 1508 3886 1593 3968; x_wconf 77' lang='lat' dir='ltr'><strong><em>qnod</em></strong></span> <span class='ocrx_word' id='word_1_620' title='bbox 1624 3885 1757 3952; x_wconf 80' lang='lat' dir='ltr'><strong><em>hedaeis</em></strong></span> <span class='ocrx_word' id='word_1_621' title='bbox 1789 3888 1928 3955; x_wconf 72' lang='lat' dir='ltr'><strong><em>nudum</em></strong></span> <span class='ocrx_word' id='word_1_622' title='bbox 1956 3888 2097 3962; x_wconf 78' lang='lat' dir='ltr'><strong><em>dabatur.</em></strong></span> 
     </span>
     <span class='ocr_line' id='line_1_43' title="bbox 82 3967 2098 4054; baseline 0.001 -18"><span class='ocrx_word' id='word_1_623' title='bbox 82 3977 118 4036; x_wconf 87' lang='lat' dir='ltr'><strong><em>ut</em></strong></span> <span class='ocrx_word' id='word_1_624' title='bbox 150 3973 195 4037; x_wconf 87' lang='lat' dir='ltr'><strong><em>ito</em></strong></span> <span class='ocrx_word' id='word_1_625' title='bbox 228 3970 356 4053; x_wconf 80' lang='lat' dir='ltr'><strong><em>ddipas.</em></strong></span> <span class='ocrx_word' id='word_1_626' title='bbox 408 3967 565 4052; x_wconf 82' lang='lat' dir='ltr'><strong><em>Mapnum</em></strong></span> <span class='ocrx_word' id='word_1_627' title='bbox 596 3971 782 4035; x_wconf 85' lang='lat' dir='ltr'><strong><em>mandatum</em></strong></span> <span class='ocrx_word' id='word_1_628' title='bbox 814 3970 932 4036; x_wconf 89' lang='lat' dir='ltr'><strong><em>dicitnr</em></strong></span> <span class='ocrx_word' id='word_1_629' title='bbox 963 3972 1018 4037; x_wconf 92' lang='lat' dir='ltr'><strong><em>hoc</em></strong></span> <span class='ocrx_word' id='word_1_630' title='bbox 1043 3994 1064 4036; x_wconf 91' lang='lat' dir='ltr'><strong><em>a</em></strong></span> <span class='ocrx_word' id='word_1_631' title='bbox 1120 3971 1194 4035; x_wconf 89' lang='lat' dir='ltr'><strong><em>Non</em></strong></span> <span class='ocrx_word' id='word_1_632' title='bbox 1207 3971 1324 4036; x_wconf 83' lang='lat' dir='ltr'><strong><em>seruili</em></strong></span> <span class='ocrx_word' id='word_1_633' title='bbox 1344 3991 1523 4053; x_wconf 85' lang='lat' dir='ltr'><strong><em>poenarum</em></strong></span> <span class='ocrx_word' id='word_1_634' title='bbox 1549 3976 1633 4036; x_wconf 87' lang='lat' dir='ltr'><strong><em>metu</em></strong></span> <span class='ocrx_word' id='word_1_635' title='bbox 1660 3992 1718 4037; x_wconf 89' lang='lat' dir='ltr'><strong><em>nos</em></strong></span> <span class='ocrx_word' id='word_1_636' title='bbox 1738 3976 1813 4052; x_wconf 75' lang='lat' dir='ltr'><strong><em>[pag.</em></strong></span> <span class='ocrx_word' id='word_1_637' title='bbox 1837 3978 1913 4053; x_wconf 79' lang='lat'>654]</span> <span class='ocrx_word' id='word_1_638' title='bbox 1935 3979 2098 4054; x_wconf 86' lang='lat' dir='ltr'><strong><em>terremur,</em></strong></span> 
     </span>
     <span class='ocr_line' id='line_1_44' title="bbox 84 4055 2099 4140; baseline 0 -17"><span class='ocrx_word' id='word_1_639' title='bbox 84 4055 221 4138; x_wconf 87' lang='lat' dir='ltr'><strong><em>Christo,</em></strong></span> <span class='ocrx_word' id='word_1_640' title='bbox 248 4055 326 4138; x_wconf 78' lang='lat' dir='ltr'><strong><em>qnia</em></strong></span> <span class='ocrx_word' id='word_1_641' title='bbox 342 4057 490 4138; x_wconf 73' lang='lat' dir='ltr'><strong><em>prosim</em></strong></span> <span class='ocrx_word' id='word_1_642' title='bbox 511 4055 628 4120; x_wconf 89' lang='lat' dir='ltr'><strong><em>accedit</em></strong></span> <span class='ocrx_word' id='word_1_643' title='bbox 654 4057 698 4120; x_wconf 90' lang='lat' dir='ltr'><strong><em>od</em></strong></span> <span class='ocrx_word' id='word_1_644' title='bbox 718 4057 926 4140; x_wconf 82' lang='lat' dir='ltr'><strong><em>eoanpebioam</em></strong></span> <span class='ocrx_word' id='word_1_645' title='bbox 941 4059 1064 4140; x_wconf 66' lang='lat' dir='ltr'><strong><em>perfec·</em></strong></span> <span class='ocrx_word' id='word_1_646' title='bbox 1117 4061 1153 4121; x_wconf 88' lang='lat' dir='ltr'><strong><em>ut</em></strong></span> <span class='ocrx_word' id='word_1_647' title='bbox 1174 4056 1241 4121; x_wconf 83' lang='lat' dir='ltr'><strong><em>itti:</em></strong></span> <span class='ocrx_word' id='word_1_648' title='bbox 1273 4058 1350 4139; x_wconf 80' lang='lat' dir='ltr'><strong><em>quia</em></strong></span> <span class='ocrx_word' id='word_1_649' title='bbox 1372 4058 1515 4140; x_wconf 80' lang='lat' dir='ltr'><strong><em>perfecta</em></strong></span> <span class='ocrx_word' id='word_1_650' title='bbox 1537 4062 1583 4122; x_wconf 85' lang='lat' dir='ltr'><strong><em>est</em></strong></span> <span class='ocrx_word' id='word_1_651' title='bbox 1603 4059 1723 4123; x_wconf 87' lang='lat' dir='ltr'><strong><em>caritas</em></strong></span> <span class='ocrx_word' id='word_1_652' title='bbox 1744 4057 1809 4123; x_wconf 88' lang='lat' dir='ltr'><strong><em>Dei</em></strong></span> <span class='ocrx_word' id='word_1_653' title='bbox 1835 4060 1871 4124; x_wconf 89' lang='lat' dir='ltr'><strong><em>in</em></strong></span> <span class='ocrx_word' id='word_1_654' title='bbox 1892 4060 1994 4139; x_wconf 87' lang='lat' dir='ltr'><strong><em>nobis,</em></strong></span> <span class='ocrx_word' id='word_1_655' title='bbox 2018 4080 2099 4140; x_wconf 78' lang='lat' dir='ltr'><strong><em>quoe</em></strong></span> 
     </span>
     <span class='ocr_line' id='line_1_45' title="bbox 81 4141 2098 4227; baseline 0.002 -23"><span class='ocrx_word' id='word_1_656' title='bbox 81 4143 202 4207; x_wconf 73' lang='lat' dir='ltr'><strong><em>thuein.</em></strong></span> <span class='ocrx_word' id='word_1_657' title='bbox 257 4141 333 4207; x_wconf 91' lang='lat' dir='ltr'><strong><em>Non</em></strong></span> <span class='ocrx_word' id='word_1_658' title='bbox 364 4146 469 4206; x_wconf 87' lang='lat' dir='ltr'><strong><em>tamen</em></strong></span> <span class='ocrx_word' id='word_1_659' title='bbox 503 4145 570 4205; x_wconf 87' lang='lat' dir='ltr'><strong><em>erat</em></strong></span> <span class='ocrx_word' id='word_1_660' title='bbox 606 4142 791 4207; x_wconf 90' lang='lat' dir='ltr'><strong><em>mandatum</em></strong></span> <span class='ocrx_word' id='word_1_661' title='bbox 825 4142 971 4227; x_wconf 78' lang='lat' dir='ltr'><strong><em>decaiopi,</em></strong></span> <span class='ocrx_word' id='word_1_662' title='bbox 1011 4163 1064 4208; x_wconf 93' lang='lat' dir='ltr'><strong><em>nec</em></strong></span> <span class='ocrx_word' id='word_1_663' title='bbox 1113 4142 1204 4224; x_wconf 71' lang='lat' dir='ltr'><strong><em>(oras</em></strong></span> <span class='ocrx_word' id='word_1_664' title='bbox 1225 4143 1360 4208; x_wconf 82' lang='lat' dir='ltr'><strong><em>occludit</em></strong></span> <span class='ocrx_word' id='word_1_665' title='bbox 1381 4144 1532 4207; x_wconf 85' lang='lat' dir='ltr'><strong><em>timorem.</em></strong></span> <span class='ocrx_word' id='word_1_666' title='bbox 1579 4141 1619 4208; x_wconf 89' lang='lat' dir='ltr'><strong><em>Ut</em></strong></span> <span class='ocrx_word' id='word_1_667' title='bbox 1638 4143 1787 4227; x_wconf 78' lang='lat' dir='ltr'><strong><em>fipurabis</em></strong></span> <span class='ocrx_word' id='word_1_668' title='bbox 1808 4149 1878 4210; x_wconf 85' lang='lat' dir='ltr'><strong><em>erat</em></strong></span> <span class='ocrx_word' id='word_1_669' title='bbox 1898 4144 2098 4224; x_wconf 78' lang='lat' dir='ltr'><strong><em>imperfectus</em></strong></span> 
     </span>
     <span class='ocr_line' id='line_1_46' title="bbox 82 4226 2099 4312; baseline 0.001 -21"><span class='ocrx_word' id='word_1_670' title='bbox 82 4226 281 4293; x_wconf 82' lang='lat' dir='ltr'><strong><em>maledicebat</em></strong></span> <span class='ocrx_word' id='word_1_671' title='bbox 307 4248 393 4308; x_wconf 89' lang='lat' dir='ltr'><strong><em>eum,</em></strong></span> <span class='ocrx_word' id='word_1_672' title='bbox 421 4228 478 4309; x_wconf 77' lang='lat' dir='ltr'><strong><em>qui</em></strong></span> <span class='ocrx_word' id='word_1_673' title='bbox 505 4246 566 4290; x_wconf 91' lang='lat' dir='ltr'><strong><em>uon</em></strong></span> <span class='ocrx_word' id='word_1_674' title='bbox 593 4227 711 4310; x_wconf 80' lang='lat' dir='ltr'><strong><em>intepre</em></strong></span> <span class='ocrx_word' id='word_1_675' title='bbox 732 4227 923 4310; x_wconf 68' lang='lat' dir='ltr'><strong><em>perficiebat.</em></strong></span> <span class='ocrx_word' id='word_1_676' title='bbox 970 4227 1008 4294; x_wconf 76' lang='lat' dir='ltr'><strong><em>st</em></strong></span> <span class='ocrx_word' id='word_1_677' title='bbox 1029 4233 1063 4294; x_wconf 91' lang='grc' dir='ltr'><strong><em>ιιι</em></strong></span> <span class='ocrx_word' id='word_1_678' title='bbox 1109 4229 1260 4311; x_wconf 79' lang='lat' dir='ltr'><strong><em>populus,</em></strong></span> <span class='ocrx_word' id='word_1_679' title='bbox 1293 4229 1340 4292; x_wconf 86' lang='lat' dir='ltr'><strong><em>ita</em></strong></span> <span class='ocrx_word' id='word_1_680' title='bbox 1374 4248 1481 4294; x_wconf 86' lang='lat' dir='ltr'><strong><em>comm</em></strong></span> <span class='ocrx_word' id='word_1_681' title='bbox 1502 4228 1622 4294; x_wconf 89' lang='lat' dir='ltr'><strong><em>indicia</em></strong></span> <span class='ocrx_word' id='word_1_682' title='bbox 1654 4233 1744 4294; x_wconf 84' lang='lat' dir='ltr'><strong><em>erord</em></strong></span> <span class='ocrx_word' id='word_1_683' title='bbox 1767 4235 1824 4293; x_wconf 88' lang='lat' dir='ltr'><strong><em>out</em></strong></span> <span class='ocrx_word' id='word_1_684' title='bbox 1846 4228 2009 4312; x_wconf 75' lang='lat' dir='ltr'><strong><em>fipruohia,</em></strong></span> <span class='ocrx_word' id='word_1_685' title='bbox 2042 4234 2099 4294; x_wconf 86' lang='lat' dir='ltr'><strong><em>aut</em></strong></span> 
     </span>
     <span class='ocr_line' id='line_1_47' title="bbox 81 4311 2097 4398; baseline 0.001 -22"><span class='ocrx_word' id='word_1_686' title='bbox 81 4312 210 4394; x_wconf 78' lang='lat' dir='ltr'><strong><em>simpuio</em></strong></span> <span class='ocrx_word' id='word_1_687' title='bbox 231 4311 302 4377; x_wconf 77' lang='lat' dir='ltr'><strong><em>bon</em></strong></span> <span class='ocrx_word' id='word_1_688' title='bbox 322 4314 497 4389; x_wconf 70' lang='lat' dir='ltr'><strong><em>damna,</em></strong></span> <span class='ocrx_word' id='word_1_689' title='bbox 520 4311 641 4377; x_wconf 87' lang='lat' dir='ltr'><strong><em>videbis</em></strong></span> <span class='ocrx_word' id='word_1_690' title='bbox 655 4313 769 4395; x_wconf 87' lang='lat' dir='ltr'><strong><em>plane,</em></strong></span> <span class='ocrx_word' id='word_1_691' title='bbox 796 4313 878 4378; x_wconf 87' lang='lat' dir='ltr'><strong><em>nihil</em></strong></span> <span class='ocrx_word' id='word_1_692' title='bbox 899 4316 1062 4380; x_wconf 88' lang='lat' dir='ltr'><strong><em>incommo·</em></strong></span> <span class='ocrx_word' id='word_1_693' title='bbox 1111 4315 1224 4398; x_wconf 86' lang='lat' dir='ltr'><strong><em>populi</em></strong></span> <span class='ocrx_word' id='word_1_694' title='bbox 1255 4314 1517 4396; x_wconf 83' lang='lat' dir='ltr'><strong><em>imperfectionem</em></strong></span> <span class='ocrx_word' id='word_1_695' title='bbox 1549 4314 1770 4398; x_wconf 75' lang='lat' dir='ltr'><strong><em>sipnificautio.</em></strong></span> <span class='ocrx_word' id='word_1_696' title='bbox 1822 4312 1864 4377; x_wconf 91' lang='lat' dir='ltr'><strong><em>In</em></strong></span> <span class='ocrx_word' id='word_1_697' title='bbox 1891 4315 2097 4380; x_wconf 20' lang='lat' dir='ltr'><strong><em>carantanas</em></strong></span> 
     </span>
     <span class='ocr_line' id='line_1_48' title="bbox 81 4395 2098 4483; baseline 0.002 -22"><span class='ocrx_word' id='word_1_698' title='bbox 81 4396 166 4475; x_wconf 91' lang='lat' dir='ltr'><strong><em>dum,</em></strong></span> <span class='ocrx_word' id='word_1_699' title='bbox 189 4395 272 4461; x_wconf 85' lang='lat' dir='ltr'><strong><em>nihii</em></strong></span> <span class='ocrx_word' id='word_1_700' title='bbox 293 4399 493 4465; x_wconf 87' lang='lat' dir='ltr'><strong><em>inconsonum</em></strong></span> <span class='ocrx_word' id='word_1_701' title='bbox 514 4400 550 4464; x_wconf 88' lang='lat' dir='ltr'><strong><em>in</em></strong></span> <span class='ocrx_word' id='word_1_702' title='bbox 572 4399 635 4482; x_wconf 82' lang='lat' dir='ltr'><strong><em>hepo</em></strong></span> <span class='ocrx_word' id='word_1_703' title='bbox 645 4398 709 4463; x_wconf 91' lang='lat' dir='ltr'><strong><em>Dei</em></strong></span> <span class='ocrx_word' id='word_1_704' title='bbox 730 4399 832 4480; x_wconf 86' lang='lat' dir='ltr'><strong><em>fuisse</em></strong></span> <span class='ocrx_word' id='word_1_705' title='bbox 845 4405 1060 4481; x_wconf 89' lang='lat' dir='ltr'><strong><em>praeceptum.</em></strong></span> <span class='ocrx_word' id='word_1_706' title='bbox 1114 4420 1232 4482; x_wconf 77' lang='lat' dir='ltr'><strong><em>qnoque</em></strong></span> <span class='ocrx_word' id='word_1_707' title='bbox 1259 4420 1326 4466; x_wconf 87' lang='lat' dir='ltr'><strong><em>esse</em></strong></span> <span class='ocrx_word' id='word_1_708' title='bbox 1346 4400 1479 4467; x_wconf 83' lang='lat' dir='ltr'><strong><em>atterius</em></strong></span> <span class='ocrx_word' id='word_1_709' title='bbox 1497 4400 1546 4465; x_wconf 89' lang='lat' dir='ltr'><strong><em>rei</em></strong></span> <span class='ocrx_word' id='word_1_710' title='bbox 1565 4399 1719 4483; x_wconf 68' lang='lat' dir='ltr'><strong><em>fipuram</em></strong></span> <span class='ocrx_word' id='word_1_711' title='bbox 1751 4404 1779 4463; x_wconf 86' lang='lat' dir='ltr'><strong><em>et</em></strong></span> <span class='ocrx_word' id='word_1_712' title='bbox 1800 4399 1969 4481; x_wconf 88' lang='lat' dir='ltr'><strong><em>propriam</em></strong></span> <span class='ocrx_word' id='word_1_713' title='bbox 1990 4420 2098 4465; x_wconf 87' lang='lat' dir='ltr'><strong><em>earum</em></strong></span> 
     </span>
     <span class='ocr_line' id='line_1_49' title="bbox 85 4481 2093 4570; baseline 0.001 -22"><span class='ocrx_word' id='word_1_714' title='bbox 85 4481 201 4548; x_wconf 88' lang='lat' dir='ltr'><strong><em>Omnia</em></strong></span> <span class='ocrx_word' id='word_1_715' title='bbox 218 4487 307 4546; x_wconf 75' lang='lat' dir='ltr'><strong><em>munt</em></strong></span> <span class='ocrx_word' id='word_1_716' title='bbox 318 4487 483 4564; x_wconf 89' lang='lat' dir='ltr'><strong><em>commoda,</em></strong></span> <span class='ocrx_word' id='word_1_717' title='bbox 502 4484 626 4550; x_wconf 89' lang='lat' dir='ltr'><strong><em>uiribus</em></strong></span> <span class='ocrx_word' id='word_1_718' title='bbox 640 4483 902 4566; x_wconf 71' lang='lat' dir='ltr'><strong><em>tacudatibuspne</em></strong></span> <span class='ocrx_word' id='word_1_719' title='bbox 918 4506 1060 4566; x_wconf 77' lang='lat' dir='ltr'><strong><em>masona</em></strong></span> <span class='ocrx_word' id='word_1_720' title='bbox 1113 4486 1377 4568; x_wconf 70' lang='lat' dir='ltr'><strong><em>inperfectionem</em></strong></span> <span class='ocrx_word' id='word_1_721' title='bbox 1405 4485 1597 4568; x_wconf 76' lang='lat' dir='ltr'><strong><em>sipnificari,</em></strong></span> <span class='ocrx_word' id='word_1_722' title='bbox 1627 4484 1711 4549; x_wconf 87' lang='lat' dir='ltr'><strong><em>docet</em></strong></span> <span class='ocrx_word' id='word_1_723' title='bbox 1739 4484 1899 4566; x_wconf 84' lang='lat' dir='ltr'><strong><em>apostotus</em></strong></span> <span class='ocrx_word' id='word_1_724' title='bbox 1929 4484 2023 4569; x_wconf 87' lang='lat' dir='ltr'><strong><em>(ch.</em></strong></span> <span class='ocrx_word' id='word_1_725' title='bbox 2050 4491 2093 4570; x_wconf 82' lang='lat'><strong><em>9).</em></strong></span> 
     </span>
     <span class='ocr_line' id='line_1_50' title="bbox 81 4567 2097 4654; baseline 0.001 -21"><span class='ocrx_word' id='word_1_726' title='bbox 81 4567 126 4633; x_wconf 87' lang='lat' dir='ltr'><strong><em>ad</em></strong></span> <span class='ocrx_word' id='word_1_727' title='bbox 146 4571 289 4632; x_wconf 86' lang='lat' dir='ltr'><strong><em>sanctam</em></strong></span> <span class='ocrx_word' id='word_1_728' title='bbox 309 4571 397 4634; x_wconf 89' lang='lat' dir='ltr'><strong><em>uiam</em></strong></span> <span class='ocrx_word' id='word_1_729' title='bbox 419 4570 606 4635; x_wconf 84' lang='lat' dir='ltr'><strong><em>inducentia.</em></strong></span> <span class='ocrx_word' id='word_1_730' title='bbox 641 4569 712 4635; x_wconf 90' lang='lat' dir='ltr'><strong><em>Imo</em></strong></span> <span class='ocrx_word' id='word_1_731' title='bbox 734 4574 762 4635; x_wconf 89' lang='grc' dir='ltr'><strong><em>ιι</em></strong></span> <span class='ocrx_word' id='word_1_732' title='bbox 781 4571 952 4638; x_wconf 84' lang='lat' dir='ltr'><strong><em>iudiciatia</em></strong></span> <span class='ocrx_word' id='word_1_733' title='bbox 966 4592 1060 4654; x_wconf 81' lang='lat' dir='ltr'><strong><em>prae</em></strong></span> <span class='ocrx_word' id='word_1_734' title='bbox 1115 4571 1191 4635; x_wconf 90' lang='lat' dir='ltr'><strong><em>Non</em></strong></span> <span class='ocrx_word' id='word_1_735' title='bbox 1207 4575 1309 4653; x_wconf 87' lang='lat' dir='ltr'><strong><em>potest</em></strong></span> <span class='ocrx_word' id='word_1_736' title='bbox 1327 4572 1400 4653; x_wconf 77' lang='lat' dir='ltr'><strong><em>puis</em></strong></span> <span class='ocrx_word' id='word_1_737' title='bbox 1423 4572 1533 4650; x_wconf 87' lang='lat' dir='ltr'><strong><em>dicere,</em></strong></span> <span class='ocrx_word' id='word_1_738' title='bbox 1565 4573 1683 4635; x_wconf 87' lang='lat' dir='ltr'><strong><em>statuta</em></strong></span> <span class='ocrx_word' id='word_1_739' title='bbox 1709 4571 1804 4636; x_wconf 87' lang='lat' dir='ltr'><strong><em>veteri</em></strong></span> <span class='ocrx_word' id='word_1_740' title='bbox 1825 4570 1946 4652; x_wconf 82' lang='lat' dir='ltr'><strong><em>populo</em></strong></span> <span class='ocrx_word' id='word_1_741' title='bbox 1973 4571 2097 4637; x_wconf 79' lang='lat' dir='ltr'><strong><em>similia</em></strong></span> 
     </span>
     <span class='ocr_line' id='line_1_51' title="bbox 80 4651 2096 4825; baseline 0.001 -22"><span class='ocrx_word' id='word_1_742' title='bbox 80 4651 1061 4824; x_wconf 57' lang='lat' dir='ltr'><strong><em>thethidtathhthtdtttttahh</em></strong></span> <span class='ocrx_word' id='word_1_743' title='bbox 1107 4656 1856 4825; x_wconf 54' lang='lat' dir='ltr'><strong><em>thithhdthhhdtttbah</em></strong></span> <span class='ocrx_word' id='word_1_744' title='bbox 1878 4676 1977 4808; x_wconf 72' lang='lat' dir='ltr'><strong><em>th</em></strong></span> <span class='ocrx_word' id='word_1_745' title='bbox 1994 4661 2096 4806; x_wconf 40' lang='lat' dir='ltr'><strong><em>hwa?</em></strong></span> 
     </span>
     <span class='ocr_line' id='line_1_52' title="bbox 286 4776 2095 4823; baseline 0.003 -6"><span class='ocrx_word' id='word_1_746' title='bbox 286 4787 294 4818; x_wconf 79' lang='lat' dir='ltr'><strong><em>r</em></strong></span> <span class='ocrx_word' id='word_1_747' title='bbox 562 4788 570 4817; x_wconf 78' lang='grc' dir='ltr'><strong><em>ι</em></strong></span> <span class='ocrx_word' id='word_1_748' title='bbox 765 4791 773 4821; x_wconf 81' lang='grc' dir='ltr'><strong><em>ι</em></strong></span> <span class='ocrx_word' id='word_1_749' title='bbox 1052 4793 1060 4823; x_wconf 81' lang='lat' dir='ltr'><strong><em>r</em></strong></span> <span class='ocrx_word' id='word_1_750' title='bbox 1317 4786 1318 4790; x_wconf 78' lang='grc'>’</span> <span class='ocrx_word' id='word_1_751' title='bbox 1363 4792 1369 4806; x_wconf 94' lang='grc'>·</span> <span class='ocrx_word' id='word_1_752' title='bbox 2081 4776 2095 4788; x_wconf 88' lang='grc'><em>“</em></span> 
     </span>
     <span class='ocr_line' id='line_1_53' title="bbox 79 4823 1316 4906; baseline 0.003 -17"><span class='ocrx_word' id='word_1_753' title='bbox 79 4824 159 4889; x_wconf 82' lang='lat' dir='ltr'><strong><em>talia</em></strong></span> <span class='ocrx_word' id='word_1_754' title='bbox 170 4823 327 4905; x_wconf 89' lang='lat' dir='ltr'><strong><em>potuisset</em></strong></span> <span class='ocrx_word' id='word_1_755' title='bbox 348 4831 420 4889; x_wconf 86' lang='lat' dir='ltr'><strong><em>tuno</em></strong></span> <span class='ocrx_word' id='word_1_756' title='bbox 447 4825 628 4906; x_wconf 72' lang='lat' dir='ltr'><strong><em>recapitare.</em></strong></span> <span class='ocrx_word' id='word_1_757' title='bbox 673 4825 712 4890; x_wconf 83' lang='lat' dir='ltr'><strong><em>Si</em></strong></span> <span class='ocrx_word' id='word_1_758' title='bbox 734 4827 772 4891; x_wconf 90' lang='lat' dir='ltr'><strong><em>de</em></strong></span> <span class='ocrx_word' id='word_1_759' title='bbox 793 4829 1061 4893; x_wconf 85' lang='lat' dir='ltr'><strong><em>caeremoniarum</em></strong></span> <span class='ocrx_word' id='word_1_760' title='bbox 1113 4901 1232 4906; x_wconf 33' lang='lat' dir='ltr'><strong><em>w„</em></strong></span> <span class='ocrx_word' id='word_1_761' title='bbox 1245 4901 1316 4906; x_wconf 43' lang='lat' dir='ltr'><em>Q</em></span> 
     </span>
    </p>
   </div>
   <div class='ocr_carea' id='block_1_3' title="bbox 78 4910 2093 5050">
    <p class='ocr_par' dir='ltr' id='par_1_3' title="bbox 78 4910 2093 5050">
     <span class='ocr_line' id='line_1_54' title="bbox 78 4910 2093 5050; baseline 0.032 -62"><span class='ocrx_word' id='word_1_762' title='bbox 78 4929 243 4975; x_wconf 71' lang='lat' dir='ltr'><strong><em>nunonis</em></strong></span> <span class='ocrx_word' id='word_1_763' title='bbox 264 4910 446 4996; x_wconf 57' lang='lat' dir='ltr'><strong><em>animaris</em></strong></span> <span class='ocrx_word' id='word_1_764' title='bbox 467 4928 684 4990; x_wconf 72' lang='lat' dir='ltr'><strong><em>empnam,</em></strong></span> <span class='ocrx_word' id='word_1_765' title='bbox 706 4911 816 4978; x_wconf 51' lang='lat' dir='ltr'><strong><em>mm</em></strong></span> <span class='ocrx_word' id='word_1_766' title='bbox 836 4912 928 4979; x_wconf 62' lang='lat' dir='ltr'><strong><em>ohan</em></strong></span> <span class='ocrx_word' id='word_1_767' title='bbox 949 4933 1061 4999; x_wconf 52' lang='grc' dir='ltr'><strong><em>ΜΨ</em></strong></span> <span class='ocrx_word' id='word_1_768' title='bbox 1182 4978 1211 5047; x_wconf 90' lang='lat'><strong><em>1)</em></strong></span> <span class='ocrx_word' id='word_1_769' title='bbox 1243 4978 1349 5036; x_wconf 65' lang='lat' dir='ltr'><strong><em>saeos</em></strong></span> <span class='ocrx_word' id='word_1_770' title='bbox 1374 4980 1480 5050; x_wconf 61' lang='lat' dir='ltr'><strong><em>onais</em></strong></span> <span class='ocrx_word' id='word_1_771' title='bbox 1506 4979 1543 5034; x_wconf 84' lang='lat'><strong><em>11</em></strong></span> <span class='ocrx_word' id='word_1_772' title='bbox 1569 4979 1604 5034; x_wconf 72' lang='lat' dir='ltr'><strong><em>oe</em></strong></span> <span class='ocrx_word' id='word_1_773' title='bbox 1634 4977 1771 5035; x_wconf 65' lang='lat' dir='ltr'><strong><em>masan</em></strong></span> <span class='ocrx_word' id='word_1_774' title='bbox 1789 4978 1900 5035; x_wconf 70' lang='lat' dir='ltr'><strong><em>aaa</em></strong></span> <span class='ocrx_word' id='word_1_775' title='bbox 1931 4979 1948 5034; x_wconf 78' lang='grc' dir='ltr'><strong><em>ι</em></strong></span> <span class='ocrx_word' id='word_1_776' title='bbox 1978 4995 2000 5035; x_wconf 76' lang='lat' dir='ltr'><strong><em>e.</em></strong></span> <span class='ocrx_word' id='word_1_777' title='bbox 2027 4994 2093 5050; x_wconf 77' lang='lat' dir='ltr'><strong><em>rac·</em></strong></span> 
     </span>
    </p>
   </div>
   <div class='ocr_carea' id='block_1_4' title="bbox 78 5047 1454 5256">
    <p class='ocr_par' dir='ltr' id='par_1_4' title="bbox 78 5047 1454 5256">
     <span class='ocr_line' id='line_1_55' title="bbox 78 5047 1238 5119; baseline 0.011 -28"><span class='ocrx_word' id='word_1_778' title='bbox 78 5082 284 5092; x_wconf 67' lang='grc'><strong><em>-..-</em></strong></span> <span class='ocrx_word' id='word_1_779' title='bbox 1113 5047 1163 5104; x_wconf 78' lang='grc'><strong><em>199</em></strong></span> <span class='ocrx_word' id='word_1_780' title='bbox 1181 5063 1238 5119; x_wconf 77' lang='lat' dir='ltr'><strong><em>sqq.</em></strong></span> 
     </span>
     <span class='ocr_line' id='line_1_56' title="bbox 1181 5115 1454 5184; baseline 0.011 -16"><span class='ocrx_word' id='word_1_781' title='bbox 1181 5115 1212 5184; x_wconf 83' lang='lat'><strong><em>2)</em></strong></span> <span class='ocrx_word' id='word_1_782' title='bbox 1232 5124 1310 5173; x_wconf 82' lang='lat' dir='ltr'><strong><em>erant</em></strong></span> <span class='ocrx_word' id='word_1_783' title='bbox 1326 5132 1454 5172; x_wconf 75' lang='lat' dir='ltr'><strong><em>musone.</em></strong></span> 
     </span>
     <span class='ocr_line' id='line_1_57' title="bbox 148 5182 1417 5256; baseline 0.002 -21"><span class='ocrx_word' id='word_1_784' title='bbox 148 5182 178 5250; x_wconf 84' lang='lat'><strong><em>1)</em></strong></span> <span class='ocrx_word' id='word_1_785' title='bbox 197 5183 377 5240; x_wconf 83' lang='lat' dir='ltr'><strong><em>circumcidet.</em></strong></span> <span class='ocrx_word' id='word_1_786' title='bbox 791 5188 799 5197; x_wconf 79' lang='grc'><em>”</em></span> <span class='ocrx_word' id='word_1_787' title='bbox 1180 5183 1211 5254; x_wconf 79' lang='grc'><strong><em>8)</em></strong></span> <span class='ocrx_word' id='word_1_788' title='bbox 1229 5185 1417 5256; x_wconf 83' lang='lat' dir='ltr'><strong><em>redemptoris.</em></strong></span> 
     </span>
    </p>
   </div>
   <div class='ocr_carea' id='block_1_5' title="bbox 184 5266 1886 5342">
    <p class='ocr_par' dir='ltr' id='par_1_5' title="bbox 184 5266 1886 5342">
     <span class='ocr_line' id='line_1_58' title="bbox 184 5266 1886 5342; baseline -0.001 -16"><span class='ocrx_word' id='word_1_789' title='bbox 184 5269 299 5328; x_wconf 73' lang='lat' dir='ltr'><strong><em>caan</em></strong></span> <span class='ocrx_word' id='word_1_790' title='bbox 313 5284 407 5342; x_wconf 65' lang='lat' dir='ltr'><strong><em>opera</em></strong></span> <span class='ocrx_word' id='word_1_791' title='bbox 445 5268 504 5327; x_wconf 78' lang='lat' dir='ltr'><strong><em>ra.</em></strong></span> <span class='ocrx_word' id='word_1_792' title='bbox 527 5266 615 5326; x_wconf 80' lang='lat' dir='ltr'><strong><em>rm.</em></strong></span> <span class='ocrx_word' id='word_1_793' title='bbox 1851 5268 1886 5324; x_wconf 75' lang='grc' dir='ltr'><strong><em>ιι</em></strong></span> 
     </span>
    </p>
   </div>
   <div class='ocr_carea' id='block_1_6' title="bbox 0 0 2306 5896">
    <p class='ocr_par' dir='ltr' id='par_1_6' title="bbox 0 0 2306 5896">
     <span class='ocr_line' id='line_1_59' title="bbox 0 0 2306 5896; baseline 0 2"><span class='ocrx_word' id='word_1_794' title='bbox 0 0 2306 5896; x_wconf 95' lang='lat' dir='ltr'><strong><em> </em></strong></span> 
     </span>
    </p>
   </div>
  </div>
 </body>
</html>
