4800 5902
195 560 259 621 219
955 534 1440 617 Psoobsumousuo.
2144 551 2226 612 rac*

195 743 329 820 habere,
349 762 386 806 ac
408 741 436 806 si
495 761 513 803 r
531 759 566 803 sc
584 737 694 821 aliqua
713 757 755 802 ex
773 744 866 820 parte
884 737 926 803 ad
942 739 1068 805 bonum
1088 737 1175 820 aspi·
1228 755 1288 802 nos
1309 736 1425 802 dilexit
1441 738 1544 817 Deus,
1567 757 1630 821 quo
1652 743 1799 819 tempore
1821 737 1893 803 eius
1915 736 2039 802 inimici
2063 756 2207 815 eramus,

194 848 271 894 rare
291 834 397 912 queat
441 760 516 890 ἐξα
538 824 627 889 enim
645 822 741 888 modo
758 824 900 889 liberum
917 822 1091 889 arbitrium
1108 824 1176 905 spi·
1227 822 1312 888 nihil
1334 830 1465 907 praeter
1486 825 1557 888 irae
1577 823 1753 888 mateu'am
1774 823 1809 886 in
1832 822 1924 889 nobis
1946 821 2107 887 cernens?

195 916 279 979 ritus
301 912 408 978 sancti
435 911 560 976 socium
581 909 669 975 facit.
714 910 819 992 Atqui
841 910 1005 992 scriptura
1028 928 1176 991 pronun·

195 1000 275 1076 ciat,
316 999 512 1081 figmentum
552 1015 648 1059 omne
688 994 796 1060 cordis
828 995 967 1060 humani
1000 1013 1069 1058 nou
1111 994 1176 1058 nisi
1423 1010 1656 1091 Respondit
1676 1009 2012 1096 Hieronymus:¹)

194 1103 336 1168 pravum
354 1102 426 1147 esse
448 1080 550 1165 (Gen.
573 1083 609 1157 8,
634 1079 701 1162 21).
744 1079 847 1158 Item,
875 1101 989 1144 omnes
1011 1100 1083 1144 esse
1104 1100 1176 1144 ccr-

195 1178 320 1252 ruptos,
344 1167 505 1232 alienatos
527 1188 547 1231 a
568 1165 776 1244 rectitudine,
800 1187 860 1231 nec
882 1185 1082 1248 quemquam
1104 1185 1176 1229 essa
1315 1162 1420 1227 Deera
1442 1163 1529 1228 actis
1544 1162 1639 1244 fidem
1655 1165 1778 1229 dedum
1795 1164 1945 1245 quiores
1962 1162 2089 1228 amabat
2101 1162 2213 1242 prites-

195 1254 253 1337 qui
281 1253 393 1318 Deum
421 1252 570 1335 requirat
597 1252 709 1334 (Rom.
735 1254 770 1330 3,
800 1256 834 1314 ll
869 1252 942 1334 sq).
987 1251 1089 1330 Item,
1120 1270 1176 1315 cor
1229 1268 1325 1330 qaam
1346 1270 1368 1312 c
1384 1247 1473 1314 cobis
1494 1254 1620 1314 amam
1637 1250 1750 1330 suerit:
1770 1271 1868 1331 aeque
1885 1249 1967 1314 enim
1984 1250 2159 1332 quidquam
2175 1249 2213 1312 ire

195 1338 338 1405 hominis
371 1336 560 1422 ignorantia
593 1335 844 1401 obtenebratum
871 1356 959 1413 esse,
995 1344 1034 1399 ut
1062 1356 1175 1400 omnes
1229 1334 1319 1400 nobis
1343 1335 1518 1416 reperiebat
1543 1355 1650 1400 emere
1677 1355 1735 1400 sac
1762 1335 1900 1419 dmum.
1954 1333 2017 1401 Sed
2042 1335 2094 1399 bic
2120 1352 2213 1400 emer

195 1423 411 1508 spiritualiter
431 1424 556 1487 mortui
579 1422 658 1486 sint:
681 1443 724 1485 ne
747 1421 789 1486 ad
811 1421 1022 1506 cogitandum
1044 1420 1176 1504 quidem
1226 1419 1293 1500 suit
1313 1441 1352 1486 aa
1367 1424 1506 1502 potem
1527 1421 1751 1487 misericordia.

196 1509 321 1594 aliquid
342 1508 419 1574 boni
443 1528 515 1574 esse
530 1507 670 1591 ¹idoneos
692 1507 791 1589 (Eph.
812 1512 842 1586 2,
869 1512 902 1587 1;
925 1512 955 1586 4,
982 1512 1029 1570 18.
1061 1506 1175 1571 auor.
1960 1574 1962 1577 v

196 1598 232 1675 3,
258 1596 302 1679 5).
347 1594 448 1672 Item,
477 1614 593 1658 omnes
622 1593 731 1657 carnis
760 1593 977 1676 cogitationes
1005 1591 1077 1656 Deo
1104 1612 1177 1657 esse
1495 1608 1720 1692 Excipiunt
1740 1609 1939 1675 ministri:

195 1681 348 1746 inimicas
371 1679 480 1762 (Rom.
504 1683 534 1757 8,
559 1678 603 1761 7).
648 1675 745 1758 Quod
763 1678 931 1743 hominem
953 1679 1022 1743 fore
1044 1678 1177 1742 brutum

196 1765 321 1831 animal
341 1775 510 1841 causatur,
540 1765 603 1828 nisi
625 1762 727 1828 libero
749 1764 886 1828 arbitrio
915 1764 959 1828 sit
985 1765 1177 1840 instructus,
1314 1763 1558 1846 Hieronymum
1576 1784 1643 1827 non
1660 1762 1803 1845 ingenue
1817 1762 2016 1845 respondere
2034 1761 2076 1828 ad
2093 1782 2212 1845 quaes-

196 1851 307 1934 potius
330 1872 405 1916 cum
426 1850 532 1915 Paulo
545 1870 652 1931 'quam
674 1849 847 1915 nobiscum
867 1849 984 1933 litiget
1013 1848 1100 1913 Nam
1121 1847 1177 1912 illc
1229 1850 1354 1914 donem
1371 1848 1580 1930 propositam,
1600 1869 1684 1930 quae
1702 1848 1767 1913 huc
1786 1847 1962 1932 spectabat,
1981 1846 2067 1932 quod
2084 1848 2213 1932 gratui-

196 1936 381 2014 hominem,
409 1944 571 2018 quatenus
593 1936 743 2016 inpuris
764 1933 971 2000 naturalibus
992 1935 1176 2017 respicitur,
1230 1945 1283 2000 tus
1292 1934 1358 1998 Dei
1380 1953 1481 2011 amor,
1505 1953 1568 2015 quo
1591 1954 1651 1997 nos
1673 1934 1845 2016 amplexus
1866 1934 1927 1999 sibi
1949 1935 1985 1998 in
2007 1934 2091 1998 lilios
2110 1931 2212 2016 adop·

196 2022 399 2104 mancipium
416 2021 541 2103 peccati
559 2040 630 2085 esse
648 2020 793 2084 affirmat
804 2021 914 2104 (Rom.
928 2024 957 2098 7,
978 2021 1043 2103 25).
1064 2021 1178 2085 Litem
1230 2021 1323 2098 tavit,
1344 2019 1421 2084 fidei
1442 2026 1574 2083 nostrae
1596 2039 1694 2083 carisa
1716 2019 1761 2083 sit
1780 2020 1932 2104 arengo.
1962 2020 2016 2085 Ab
2034 2019 2096 2085 hoc
2113 2037 2212 2101 scopo

197 2107 296 2171 adam
319 2107 388 2188 ipse
401 2107 425 2187 ¹)
455 2106 588 2171 Christo
609 2106 765 2184 intentet,
795 2107 851 2188 qui
873 2124 986 2171 servos
1006 2126 1078 2171 esse
1100 2105 1179 2170 dicit
1230 2112 1337 2172 astute
1357 2103 1508 2169 declinat
1553 2103 1686 2169 Interea
1706 2104 1842 2170 dissidet
1869 2107 1939 2188 ipse
1961 2125 2086 2171 secum:
2117 2105 2212 2188 prius

197 2212 409 2276 quoscunque
432 2213 500 2256 non
520 2192 711 2256 liberaverit
733 2192 862 2275 (Ioann.
883 2197 912 2269 8,
937 2195 977 2255 34
999 2191 1072 2275 sq).
1231 2192 1321 2257 enim
1358 2189 1589 2272 responderat,
1628 2191 1795 2255 neminem
1833 2191 1926 2273 diligi
1966 2213 1986 2256 a
2020 2193 2106 2269 Dec,
2145 2191 2213 2255 nisi

1231 2278 1288 2360 qui
1315 2275 1414 2341 fidem
1447 2276 1482 2339 in
1510 2274 1682 2340 Christum
1709 2275 1817 2340 habet.
1869 2278 1967 2342 Nunc
1999 2277 2123 2343 fatetur
2150 2295 2213 2342 nos

1231 2363 1367 2428 dilectos
1389 2361 1490 2426 fuisse
1512 2382 1576 2445 quo
1598 2370 1744 2444 tempore
1768 2363 1894 2427 inimici
1915 2383 2054 2427 eramus.
2100 2363 2214 2444 Atque

1231 2448 1311 2513 hinc
1333 2447 1490 2530 sequitur,
1514 2446 1600 2529 quod
1618 2447 1711 2529 prius
1729 2449 1872 2530 negavit,
1895 2448 1931 2511 in
1949 2446 2105 2531 gradibus
2122 2447 2213 2512 sulu-

439 2548 715 2631 Quaegierunt
738 2548 937 2614 ministri:
1231 2535 1274 2597 fis
1295 2540 1427 2597 HOStl'aO
1449 2539 1483 2598 et
1505 2532 1672 2598 Olesstlfflllfl
1695 2530 1810 2598 ordin&
1831 2554 1903 2599 0880
1924 2535 2015 2617 prius
2042 2553 2081 2597 80
2101 2540 2214 2617 poste·

387 2616 390 2625 “
1231 2619 1301 2684 rius
1323 2619 1361 2682 in
1382 2617 1463 2683 Deo.
1508 2618 1596 2683 Nam
1619 2619 1811 2702 priusquam
1837 2640 1898 2685 nos
1921 2627 2066 2698 vocaret,
2095 2617 2215 2684 dilexit

283 2703 406 2768 Annon
425 2702 501 2768 talis
518 2703 707 2769 reformatio
721 2703 786 2768 Dei
804 2703 848 2767 sit
865 2703 1030 2787 peculiare
1045 2703 1179 2784 donum,
1233 2711 1391 2787 tanquam
1413 2725 1492 2769 suas
1514 2711 1681 2770 creaturas
1703 2705 1740 2768 in
1760 2704 1870 2770 Adam
1891 2705 2037 2788 perditas
2057 2713 2092 2770 at
2111 2705 2213 2770 exitio

197 2810 262 2871 quo
285 2809 340 2853 eos
362 2788 519 2873 dignatur
540 2789 596 2870 qui
617 2789 711 2871 prius
733 2787 831 2854 corda
851 2788 981 2872 lapidea
1003 2789 1179 2870 habebant,
1232 2789 1395 2855 addictas:
1425 2798 1597 2873 postquam
1624 2796 1737 2855 autem
1757 2791 1904 2868 vocant,
1926 2789 2033 2874 diligit
2053 2799 2214 2874 tanquam

197 2873 283 2939 nihil
304 2873 410 2939 bonae
432 2873 692 2957 praeparationis
714 2873 750 2939 in
771 2874 850 2956 ipsis
873 2874 1062 2958 reperiens?
1234 2875 1361 2942 Christi
1389 2874 1540 2940 membra
1568 2883 1602 2941 st
1628 2897 1731 2942 novas
1753 2884 1934 2955 creaturas,
1968 2876 2010 2942 ad
2031 2877 2214 2962 imaginem

1233 2981 1329 3027 suam
1349 2959 1390 3026 de
1410 2961 1541 3046 integro
1563 2961 1720 3028 conditas.
1731 2962 1760 3044 ²)

392 3060 622 3144 Respondit
649 3061 986 3147 Hieronymusfl)

278 3212 564 3312 9403961431)θῖ
588 3213 750 3280 Christum
770 3214 960 3315 'efmvile
982 3236 1033 3283 0⁰⁸
1053 3215 1182 3297 wall
1320 3232 1618 3318 Superioribus
1644 3234 2126 3322 addidit'Hieronymus:

198 3302 306 3384 pretio
334 3298 521 3380 reformatos
548 3320 627 3378 esse,
660 3306 689 3365 et
716 3301 825 3366 datm
852 3300 921 3367 erc
947 3321 1001 3368 eor
1025 3321 1181 3383 eamcam,

200 3385 289 3451 eorde
310 3384 433 3466 lapideo
450 3384 560 3463 obtato,
583 3386 678 3467 idque
694 3388 775 3453 citra
791 3388 938 3453 meeum
955 3388 1105 3470 ipsorum,
1127 3389 1183 3455 sed
1322 3387 1445 3453 Sciatis
1477 3407 1582 3452 eorum
1613 3391 1670 3470 qui
1701 3390 1784 3455 sctci
1812 3388 1908 3470 fiam,
1941 3394 1970 3454 et
1998 3391 2217 3457 carnaeae

197 3470 339 3556 gratuito
361 3470 503 3552 temtirio
523 3470 596 3537 Dei.
1234 3492 1342 3540 eorum
1363 3474 1419 3554 qai
1434 3479 1577 3554 pereum,
1600 3494 1730 3541 eausam
1751 3476 1962 3540 meessaricm
1982 3482 2046 3543 rica
2067 3497 2134 3542 esse
2151 3476 2218 3543 Dei

1234 3561 1436 3638 araeden,
1464 3578 1519 3624 aec
1545 3561 1701 3626 Marem
1728 3561 1929 3627 immutabile.
1975 3562 2161 3648 eriaqtiam
2181 3564 2219 3628 ia

465 3658 693 3741 Excipiunt
713 3659 915 3733 ministri:
1235 3643 1543 3797 wltawam
1564 3647 2127 3801 smffiffiermmasssfflwmg
2148 3654 2219 3751 Μ·

288 3811 366 3876 Non
398 3812 563 3878 sincerum
597 3834 657 3879 nec
698 3812 840 3879 solidum
877 3836 949 3881 esse
985 3815 1183 3901 Hieronymi
1240 3817 1328 3899 Quod
1351 3816 1473 3899 satam
1501 3752 1664 3901 mire
1690 3784 1870 3884 alardum.
1915 3785 2090 3887 mamas
2114 3756 2220 3888 (dcciiii

202 3917 413 3978 responsum,
442 3896 500 3962 sed
521 3918 598 3963 eum
624 3920 684 3964 suo
712 3921 803 3965 more
825 3900 970 3967 latebras
1000 3909 1035 3968 et
1056 3901 1185 3968 subter·
1236 3923 1314 3968 aum
1341 3904 1379 3968 de
1407 3923 1445 3967 ec
1471 3924 1506 3968 re
1534 3906 1700 3986 scripsisse
1728 3910 1757 3970 et
1777 3904 1893 3987 absque
1918 3908 2101 3972 amoreis
2116 3927 2219 3990 pera·

201 3982 293 4065 fugia
314 4002 488 4065 quaerere,
516 3984 578 4048 sub
597 3985 716 4066 quibus
737 4006 836 4051 suum
859 3986 900 4051 de
921 3987 1024 4053 libero
1047 3987 1184 4053 arbitrio
1236 3990 1344 4068 deae,
1376 3989 1568 4055 barnatabdi
1595 3996 1779 4074 memeque
1802 3990 1867 4056 Dei
1894 3993 2009 4059 deeras
2034 3994 2219 4059 amam

202 4087 347 4131 errorem
365 4068 514 4132 occultet
559 4067 676 4150 Neque
697 4071 786 4134 enim
808 4072 998 4155 respondet,
1021 4094 1064 4139 an
1086 4096 1184 4158 pecu·
1236 4074 1391 4139 bominem
1413 4074 1457 4139 cd
1478 4076 1686 4156 posmodum,
1715 4077 1770 4142 sed
1791 4077 1871 4143 banc
1892 4098 2011 4160 quoque
2031 4081 2219 4147 secretam

201 4151 318 4217 liarem
336 4152 428 4216 Deus
452 4153 594 4236 gratiam
613 4153 810 4235 quibusdam
832 4159 995 4238 conferat,
1017 4181 1082 4242 qua
1103 4160 1184 4226 alios
1236 4181 1270 4226 se
1290 4160 1492 4244 damnumst)

201 4255 272 4301 nen
292 4236 457 4320 dignatur,
481 4257 545 4320 quo
563 4244 710 4323 tempore
731 4262 792 4324 par
810 4249 845 4306 at
861 4244 1007 4327 aequalis
1025 4244 1062 4311 iu
1079 4246 1184 4310 omni-

202 4321 263 4386 bus
285 4330 337 4387 est
356 4321 463 4388 cordis
486 4323 633 4389 durities.

1306 4397 1335 4463 1)
1354 4398 1442 4452 Deum
1460 4398 1568 4454 dedisse
1586 4401 1665 4454 nobis
1683 4399 1765 4455 fidem
1789 4402 1824 4456 cb
1843 4417 1961 4458 amorem
1980 4419 2033 4471 quo
2051 4419 2103 4457 nos
2121 4419 2218 4472 prose·

1236 4466 1372 4603 &optatur
1389 4472 1535 4535 antequam
1552 4485 1603 4522 nos
1621 4471 1710 4537 ipsum
1725 4469 1904 4538 diligeremus.
1927 4472 1997 4526 Nam
2008 4472 2075 4525 nihil
2092 4473 2119 4525 in
2136 4474 2217 4528 nobis

1300 4553 1345 4589 um
1362 4537 1465 4603 reperit
1483 4535 1517 4589 ob
1536 4535 1608 4604 quod
1626 4538 1661 4592 ab
1679 4538 1740 4607 ipso
1759 4537 1930 4606 diligeremur
1948 4541 2057 4595 ethaeo
2070 4539 2217 4596 Deidilee·

1237 4605 1276 4658 tio
1295 4602 1462 4672 procedebat
1479 4620 1514 4658 ex
1532 4605 1592 4659 sola
1608 4607 1693 4674 ipsius
1712 4607 1897 4662 misericordia
1913 4615 2037 4676 paterna

438 4679 721 4762 Quaesierunt
749 4687 949 4753 ministri:
1306 4687 1337 4754 2)
1356 4688 1413 4743 He
1429 4689 1554 4744 arare
1571 4691 1752 4760 “marasim
1767 4692 1797 4748 V·
1809 4691 1837 4746 0·
1859 4691 2219 4764 mmmmm

1238 4759 1269 4811 ia
1287 4761 1402 4812 aarum
1418 4758 1496 4813 codd.
1514 4764 1541 4813 et
1557 4774 1626 4828 sper.
1644 4761 1676 4813 ia
1687 4760 1814 4815 Arabicis
1826 4761 1925 4817 Germ.
1944 4763 1961 4817 t
1979 4780 2002 4818 e.
2030 4764 2123 4818 Ρίὲοω
2141 4760 2219 4818 de'ta·

290 4831 405 4914 Quum
432 4837 596 4919 scriptura
623 4837 730 4918 docet,
762 4860 821 4904 nos
850 4840 916 4905 fide
946 4840 1087 4905 salutem
1109 4861 1186 4906 ccu-
1238 4824 1315 4881 Μ
1333 4827 1372 4880 Ν·
1390 4825 1406 4878 ⁷
1424 4827 1498 4896 quoe
1514 4833 1556 4927 ⁶⁸³.
1570 4829 1762 4928 “marathos
1781 4830 1898 4929 Calvisi·

204 4919 313 5004 sequi,
341 4942 452 4986 annon
480 4922 580 4988 fidem
602 4922 688 4990 hanc
718 4924 813 4990 uobis
835 4924 951 4991 donari
976 4926 1088 4993 credat
1109 4928 1187 5010 quia
1239 4981 1288 5034 aa
1305 4910 2220 5054 ffgggffissffist(fflffssssmsswffffiwp;mdpdfflpgx

1239 5049 1354 5103 eranam
1375 5050 1483 5129 gtbeiae
1499 5052 1654 5119 exceptione
1671 5025 1879 5108 minutorum..
1906 5054 1995 5123 ριιαηι
2012 5071 2047 5110 ne
2063 5055 2131 5126 qaid
2148 5055 2221 5113 aaa

273 5158 303 5224 1)
322 5161 406 5229 ,9552
1238 5117 1298 5171 tel.
1317 5117 1492 5171 aberamus.-
1518 5119 1635 5174 Praeter
1657 5137 1691 5176 ea
1713 5138 1783 5190 quac
1806 5124 1860 5177 iam
1882 5123 1955 5178 dicte
1978 5131 2042 5179 sunt
2058 5122 2219 5193 respondet,

430 5244 437 5256 ‚
620 5249 626 5260 ¹
753 5250 759 5261 ι
1239 5185 1336 5240 salutis
1362 5188 1485 5240 nimirum
1511 5203 1604 5242 eorum
1631 5189 1677 5258 qui
1700 5192 1841 5245 salvantur
1867 5200 1895 5246 et
1920 5192 2100 5248 damnationis
2123 5207 2220 5248 eorum

273 5242 304 5309 2)
323 5244 381 5300 Eos
398 5244 483 5299 fmsse
496 5261 547 5314 per
557 5254 673 5316 grauem
684 5248 832 5316 specialem
843 5249 1015 5321 reformatos,
1052 5251 1186 5308 uosDeus
1239 5255 1284 5322 qui
1305 5262 1421 5322 pereunt
1438 5270 1549 5310 causam
1567 5259 1749 5313 necessariam
1765 5276 1822 5314 non
1839 5277 1900 5315 esee
1917 5262 2034 5317 divinam
2050 5263 2221 5317 voluntatem

205 5312 340 5431 peric.
365 5317 542 5392 restaurarit,
567 5322 595 5369 et
618 5318 645 5396 iu
668 5316 849 5396 ipsisuposita
872 5318 955 5375 fuisse
980 5337 1013 5375 co
1047 5337 1064 5375 a
1088 5336 1187 5377 carnea
1239 5338 1326 5404 neque
1349 5323 1489 5404 decretum
1515 5325 1572 5406 eius
1598 5326 1772 5383 immutabile.
1806 5329 1950 5398 zwinglius
1966 5331 2041 5412 inl.
2066 5331 2101 5385 de
2124 5330 2221 5413 Prom-

233 5380 320 5447 prdeis
347 5382 460 5449 ablatis,
487 5382 559 5438 dono
586 5382 638 5439 Der
663 5391 800 5453 gratuito,
831 5386 932 5457 absque
959 5389 1186 5458 praecedentius
1240 5390 1332 5446 deutra
1349 5390 1470 5448 divinas
1530 5400 1574 5463 art,
1591 5394 1680 5449 neum
1697 5398 1859 5452 nouaclum
1877 5399 1947 5453 velle
1964 5406 2077 5454 mertare
2096 5405 2124 5454 et
2140 5399 2219 5454 mdu-

205 5449 309 5503 meritis
326 5451 539 5520 quibuscunque.
1240 5473 1300 5514 cere
1318 5460 1455 5516 hominem
1472 5410 1711 5533 ίῗιῗὶρρεοοειιιᾰιιιιι,
1734 5480 1828 5521 verum
1851 5467 1934 5523 etiam
1951 5481 2050 5537 cogere
2068 5468 2104 5524 ad
2120 5483 2221 5537 pecca·
