4702 5926
141 341 205 407 sse
898 336 1160 405 mounnms
1183 335 1396 405 suarum.
1610 292 1614 297 ’
2087 345 2152 417 ιιι

141 526 235 606 addo,
265 526 367 591 alium
394 527 495 592 fuisse
524 532 674 608 apatre:
690 527 714 603 ¹)
741 524 829 607 quod
859 525 917 591 abs
946 532 979 589 te
1005 526 1120 608 negari
1172 524 1266 590 vulos
1294 522 1475 607 detorques,
1509 525 1595 608 quod
1624 525 1664 592 de
1697 526 1819 593 adultis
1846 526 1992 594 disserui.
2043 530 2152 595 Aliter

140 613 217 692 scio,
239 610 299 678 sed
315 632 432 694 parum
452 609 644 676 verecunde.
668 610 769 691 Λόγον
787 612 885 689 enim,
906 632 1003 694 quem
1021 609 1119 675 Ioan-
1172 610 1261 673 enim
1284 608 1325 674 de
1347 609 1408 688 his,
1442 630 1543 692 quam
1571 608 1611 675 de
1644 612 1709 677 illis
1738 613 1825 696 loqui
1853 613 1950 679 soleo:
1985 614 2051 679 imo
2085 636 2151 680 non

140 718 200 763 nes
221 699 332 764 Deum
353 695 528 780 praedicat,
555 702 696 761 testatur
716 696 804 780 apud
825 698 935 762 Deum
957 696 1056 760 luisse
1078 693 1120 759 ab
1172 715 1242 778 ego,
1265 703 1323 760 aut
1365 695 1508 844 uispiam
1531 700 1605 775 [pag.
1628 703 1681 776 49]
1701 697 1882 778 hominum,
1913 698 1971 764 sed
1990 697 2064 783 ipse
2085 699 2152 766 Dei

140 785 245 849 initio.
288 784 335 848 Et
355 781 508 847 Christus
530 783 609 864 ipse,
640 782 754 848 eadem
776 802 812 846 se
834 782 939 866 gloria
957 781 1119 846 illustrari
1171 781 1315 862 spiritus.
1338 715 1413 861 ὃιιο
1453 779 1496 845 ad
1512 801 1566 845 me
1583 791 1718 865 spectat,
1737 784 1961 850 testimonium
1978 785 2061 850 mihi
2078 785 2151 850 ubi·

139 870 175 934 in
197 891 296 936 sarno
317 868 462 952 postulat
489 887 587 950 quam
620 867 782 933 habuerat
804 888 933 951 semper
953 865 1041 950 apud
1061 887 1119 948 pa·
1171 885 1234 948 que
1256 864 1400 930 reddunt
1421 887 1495 932 mea
1517 867 1646 950 scripta,
1679 870 1832 952 parrulos
1865 871 2034 953 agratiae
2062 892 2150 936 conr·

140 961 234 1020 trem.
279 954 396 1037 Neque
431 953 484 1019 hic
517 952 707 1017 testimonia
735 953 888 1037 colligere
915 952 1119 1036 propositum
1171 950 1394 1017 manicatione
1426 971 1633 1035 naquaquam
1667 973 1687 1017 a
1715 975 1768 1019 me
1796 956 1909 1020 arceri.
1955 956 2001 1019 Et
2022 977 2081 1021 our
2102 957 2150 1021 ita

140 1047 200 1116 est,
222 1039 384 1188 sedlhaea
407 1046 539 1103 tantum
561 1037 758 1104 admonendi
776 1058 876 1104 causa
893 1037 999 1103 obiter
1017 1038 1118 1102 attin·
1170 1037 1320 1116 sentiam,
1355 1037 1556 1102 luculentam
1584 1039 1745 1104 rationem
1773 1040 1873 1105 reddo
1895 1040 1930 1103 in
1952 1062 2026 1106 mea
2047 1041 2149 1107 Insti-

182 1146 218 1190 re
241 1148 281 1191 vo
294 1125 338 1190 ui.
1170 1122 1305 1186 tutione.

140 1147 181 1209 ge
226 1210 404 1292 Nunquam
426 1216 514 1275 certe
537 1209 657 1275 efficies
675 1211 754 1292 quin
776 1230 883 1275 sermo
902 1208 965 1274 Dei
989 1228 1118 1292 semper
1236 1208 1329 1272 ·'l¹ua
1346 1206 1386 1271 de
1403 1207 1468 1273 fide
1486 1215 1520 1272 et
1538 1229 1596 1291 spe
1614 1207 1764 1275 doctrina
1779 1218 1920 1294 vagatur
1938 1218 2033 1276 extra
2051 1212 2148 1292 oleas,

138 1297 239 1362 luerit
260 1295 449 1381 hypostasis
472 1293 637 1372 distincta,
668 1302 703 1359 et
723 1301 843 1359 natura
864 1296 900 1359 in
921 1296 986 1359 Dei
1008 1315 1117 1359 essen·
1170 1291 1306 1375 perinde
1328 1293 1418 1358 enim
1438 1292 1580 1375 loqueris
1602 1314 1641 1359 ao
1662 1296 1690 1360 si
1712 1295 1793 1360 fides
1810 1296 2037 1362 includeretur
2054 1318 2149 1380 prae·

139 1383 187 1446 tia
208 1382 400 1459 subsistens,
424 1402 482 1445 seu
505 1400 698 1463 quocunque
716 1380 780 1445 alio
798 1380 930 1445 nomine
951 1379 1118 1463 appellare
1169 1379 1255 1444 senti
1277 1380 1354 1456 vita,
1378 1398 1452 1461 spes
1474 1378 1577 1443 futuri
1600 1388 1730 1445 tantum
1752 1388 1855 1446 status
1878 1390 2066 1464 respectum
2088 1383 2149 1448 ha·

139 1466 282 1532 libuerit.
327 1466 413 1530 Nam
436 1466 477 1530 de
498 1466 665 1531 vocabulis
686 1465 779 1530 litem
801 1486 868 1531 non
890 1487 1015 1531 moveo.
1039 1464 1117 1531 Ser·
1170 1463 1269 1528 beret.
1298 1465 1432 1612 ΙΙιοιιὲἓι
1454 1463 1550 1528 aliter
1571 1464 1707 1545 Paulus,
1730 1468 1785 1548 qui
1807 1487 1867 1532 nos
1889 1474 2022 1550 aspectu
2035 1471 2059 1544 ¹)
2082 1469 2148 1533 frui

140 1572 270 1617 monem
294 1552 388 1617 illum
416 1573 458 1616 ex
480 1552 553 1616 Deo
582 1560 658 1616 ante
687 1558 817 1633 tempus
852 1551 1009 1635 genitum,
1045 1549 1117 1616 dico
1169 1557 1270 1633 negat
1291 1570 1389 1631 quam
1415 1549 1446 1612 ἰι
1468 1551 1720 1633 peregrinamur
1752 1553 1787 1615 in
1822 1551 1883 1617 hoo
1905 1551 2038 1631 mundo,
2072 1554 2149 1636 quia

141 1656 273 1703 carnem
296 1635 450 1715 induisse,
475 1645 513 1701 ut
534 1658 634 1703 verus
656 1638 699 1701 sit
720 1636 813 1702 Deus
835 1646 868 1701 et
884 1659 983 1703 verus
1005 1636 1115 1701 homo:
1170 1655 1229 1717 per
1258 1633 1357 1699 iidem
1390 1634 1598 1700 ambulamus
1631 1637 1676 1719 (2.
1700 1636 1775 1702 Cor.
1800 1643 1828 1714 5,
1854 1639 1896 1717 6).
1941 1637 2057 1720 ltaque
2079 1647 2148 1702 tam

140 1744 178 1788 ao
200 1730 338 1789 naturae
359 1723 449 1787 illius
471 1721 604 1787 divinae
626 1730 778 1805 respectu
807 1722 964 1806 appellari
987 1723 1051 1787 Dei
1078 1722 1117 1785 fi·
1169 1719 1251 1786 fides
1272 1741 1370 1802 quam
1392 1741 1467 1802 spes
1488 1720 1682 1786 relationem
1704 1722 1826 1788 habent
1847 1721 1889 1787 ad
1911 1723 2055 1787 futuram
2078 1722 2149 1808 glo·

139 1807 230 1873 lium.
250 1809 323 1873 Hoo
341 1829 535 1891 responsum
553 1829 628 1874 oum
646 1809 747 1891 priori
767 1810 794 1874 si
813 1807 1003 1892 diligentius
1020 1806 1118 1890 paulo
1170 1804 1254 1870 riam
1277 1813 1310 1870 et
1331 1807 1461 1870 beatam
1482 1806 1772 1872 immortalitatem.
1802 1807 1999 1890 Quanquam
2022 1808 2149 1874 interea

140 1892 347 1977 expenderis,
368 1892 470 1958 habes
490 1895 568 1972 (nisi
590 1892 700 1976 fallor)
723 1915 786 1976 quo
808 1893 867 1957 tibi
889 1895 1035 1958 satisfiat.
1170 1911 1238 1955 non
1271 1911 1356 1974 nego
1387 1891 1466 1972 quin
1498 1911 1559 1974 per
1591 1889 1690 1957 fidem
1722 1894 1888 1975 potiamur
1918 1895 2148 1978 praesentibus

1171 1973 1237 2039 Dei
1258 1976 1438 2040 benefieiis:
1473 1976 1579 2058 qualis
1611 1986 1663 2042 est
1694 1979 1908 2062 regeneratio.
1958 1979 2033 2044 Non
2062 1999 2147 2063 nego

1171 2059 1323 2125 similiter
1344 2063 1423 2143 quin
1445 2069 1582 2126 eatenus
1604 2062 1828 2146 ingrediamur
1851 2064 1886 2127 in
1907 2062 1972 2127 Dei
1994 2084 2145 2146 regnum,

226 2149 523 2232 Regenerationem
545 2169 647 2233 negas
667 2150 824 2226 inchoari,
847 2149 911 2214 nisi
931 2149 969 2212 in
986 2147 1119 2212 homine
1171 2145 1315 2228 adeoque
1337 2148 1403 2210 iam
1425 2148 1654 2212 transierimus
1687 2169 1707 2212 a
1734 2156 1840 2212 morte
1861 2149 1898 2212 in
1920 2149 2032 2226 vitam,
2066 2169 2146 2230 qua·

142 2238 218 2312 [pag.
238 2240 293 2313 48]
313 2232 479 2299 doctrinae
497 2255 625 2318 capace.
648 2235 721 2318 Ego
739 2244 847 2299 autem
864 2255 930 2298 non
942 2233 1040 2316 alligo
1052 2232 1118 2315 spi·
1169 2241 1265 2295 tenus
1287 2232 1405 2314 spiritu
1427 2231 1553 2298 Christi
1573 2233 1726 2297 renovati
1748 2235 1909 2311 sumus.²)

140 2319 243 2383 ritum
265 2316 340 2396 Dei,
373 2320 451 2402 quin
479 2341 573 2384 suam
594 2321 773 2403 potentiam
797 2318 838 2383 ad
861 2318 1016 2400 parvulos
1039 2338 1117 2399 quo-
1256 2315 1355 2396 Quod
1377 2324 1487 2381 autem
1508 2338 1561 2381 me
1582 2318 1685 2382 solam
1707 2320 1775 2384 fere
1797 2339 1889 2402 spem
1911 2317 2032 2382 habore
2054 2317 2146 2395 diois,

139 2425 203 2486 que
225 2403 391 2468 extendat.
414 2403 520 2470 Video
540 2405 575 2469 in
599 2405 725 2470 Ioanne
745 2404 898 2486 Baptista
918 2403 1118 2487 peculiarem
1170 2400 1269 2466 nimis
1296 2402 1445 2484 improba
1471 2409 1522 2467 est
1549 2403 1722 2469 calumnia
1768 2403 1835 2469 Sed
1857 2404 2021 2485 quianon
2044 2402 2147 2467 deliro

138 2489 274 2572 spiritus
307 2489 459 2556 effectum
492 2499 667 2572 antequam
696 2509 756 2572 per
788 2497 928 2553 aetatem
951 2487 1118 2554 doctrinae
1170 2506 1245 2551 eum
1266 2486 1448 2552 Libertinis
1471 2486 1512 2552 de
1533 2488 1648 2553 fictitia
1670 2488 1957 2572 resurrectionel)
1985 2488 2058 2553 ideo
2086 2487 2147 2552 tibi

139 2593 244 2656 capax
265 2583 359 2640 esset.
404 2575 517 2640 Unum
540 2574 601 2640 hoo
623 2575 788 2656 specimen
811 2594 871 2639 nos
890 2573 955 2639 Dei
976 2573 1118 2657 gratiam
1169 2592 1235 2635 non
1257 2573 1429 2638 satisfacio.
1475 2571 1624 2655 Opponis
1647 2583 1757 2638 autem
1779 2575 1917 2638 mihim
1962 2572 2147 2639 nitudinem

140 2658 182 2724 ad
214 2666 337 2725 aetates
371 2661 571 2742 restringere
604 2659 785 2742 prohibeat.
830 2659 903 2743 Ego
934 2669 1043 2724 autem
1077 2657 1117 2723 de
1169 2656 1292 2740 gloriae
1314 2657 1527 2724 haereditatis
1548 2658 1675 2724 Christi
1697 2660 1731 2723 in
1754 2660 1885 2725 sanctis.
1919 2594 2042 2739 06υωί
2069 2679 2147 2724 vero

137 2744 287 2827 parvulis
316 2744 402 2809 nihil
431 2745 656 2824 memineram,
691 2745 856 2827 quianon
879 2744 1062 2810 arbitrabar
1082 2743 1117 2809 id
1170 2743 1241 2808 eius
1267 2743 1504 2825 possessionem
1536 2744 1605 2809 iam
1633 2746 1798 2810 creverint
1806 2751 1833 2823 ⁴)
1861 2745 1975 2810 sancti.
2020 2744 2147 2809 Paulus

138 2840 172 2894 te
194 2850 360 2913 quaerere.
405 2829 502 2895 Nunc
525 2829 657 2895 demum
690 2830 841 2895 intellexi
861 2851 1015 2914 quorsum
1044 2838 1116 2895 ten-
1169 2828 1258 2894 enirn
1282 2828 1322 2893 ds
1344 2829 1457 2894 lutura
1479 2829 1583 2914 gloria
1605 2829 1762 2914 loquitur:
1796 2851 1893 2914 quam
1921 2829 1985 2894 fide
2015 2830 2146 2913 quidem

138 2912 241 2980 deres.
1169 2913 1422 2996 apprehendunt
1442 2914 1548 2982 sancti
1570 2915 1605 2979 in
1627 2915 1690 2983 hoo
1707 2914 1840 2993 mundo,
1863 2914 1921 2981 sed
1938 2936 1975 2980 re
1992 2916 2064 2998 ipsa
2080 2936 2148 2980 non

223 2999 422 3082 Respondeo
455 3000 567 3079 iitur,
610 3001 717 3067 locum
761 3000 856 3065 illum
886 3000 1117 3083 intempestive
1169 2998 1396 3082 adipiscuntur
1415 2999 1582 3083 usquead
1606 2999 1693 3065 diem
1715 3001 1851 3066 ultimae
1872 3000 2090 3066 revelationis.

138 3085 196 3151 abs
218 3091 251 3150 te
274 3085 378 3164 citari,
401 3021 489 3167 quod
510 3107 569 3152 nos
592 3088 719 3152 renasci
743 3094 893 3168 oporteat
914 3108 955 3150 ex
978 3105 1063 3169 aqua
1082 3091 1117 3150 et
1255 3084 1331 3165 Ubi,
1365 3105 1494 3169 quaeso,
1529 3085 1623 3152 docet
1643 3086 1796 3165 Ioannes,
1832 3087 1913 3151 tales
1935 3107 1997 3151 nos
2019 3106 2090 3152 esse
2111 3087 2147 3150 in

138 3171 257 3254 spiritu
279 3170 409 3256 (Ioann.
436 3174 464 3248 3,
490 3177 534 3255 5).
579 3171 669 3237 Nihil
705 3173 793 3237 enim
827 3172 888 3237 hoo
919 3171 962 3236 ad
993 3171 1115 3254 baptis-
1167 3170 1300 3249 mundo,
1334 3172 1439 3255 qualis
1461 3180 1511 3236 est
1533 3171 1687 3238 Christus
1708 3175 1743 3236 in
1765 3172 1882 3238 coelis?
1927 3171 2018 3251 Quin
2039 3173 2147 3254 potius

136 3277 243 3320 mum:
278 3254 335 3321 sed
368 3262 457 3321 meta
480 3256 591 3323 horiee
623 3279 742 3322 nomen
775 3278 877 3340 aquae
906 3258 1037 3341 spiritui
1058 3256 1116 3320 ad·
1168 3254 1224 3320 ubi
1246 3255 1332 3321 dixit
1353 3276 1413 3321 nos
1435 3261 1632 3322 esse'oertos
1654 3256 1740 3340 quod
1761 3257 1822 3322 filii
1840 3258 1903 3321 Dei
1925 3258 2038 3334 simus,
2068 3277 2146 3321 con·

138 3342 302 3419 scribitur,
325 3362 444 3424 querna
501 3342 601 3407 odum
624 3343 701 3407 alibi
722 3344 818 3427 ignis.
863 3341 954 3426 Quid
977 3352 1040 3408 est:
1073 3342 1115 3406 In
1169 3342 1262 3406 tinuo
1284 3341 1422 3420 subiicit,
1445 3340 1592 3407 nondum
1614 3344 1817 3426 apparuisse:
1852 3350 1931 3408 tuno
1952 3361 2033 3406 vero
2056 3341 2146 3406 simi-

137 3427 253 3507 spiritu
272 3434 385 3493 sancto
407 3435 440 3492 et
461 3428 532 3511 igni
549 3428 683 3505 (Matth.
698 3432 726 3506 3,
749 3429 802 3511 ll)
825 3430 903 3494 nisi:
926 3428 968 3493 In
987 3428 1114 3511 spiritu,
1167 3426 1215 3492 les
1245 3427 1276 3491 ei
1307 3428 1444 3507 futuros,
1484 3426 1615 3509 quando
1649 3426 1831 3493 videbimus
1860 3447 1936 3491 eum
1965 3427 2061 3491 sicuti
2094 3432 2146 3490 est

138 3511 195 3592 qui
224 3509 311 3575 idem
345 3512 431 3595 ignis
457 3513 530 3578 est?
575 3514 666 3598 Ergo
688 3514 854 3579 similiter:
899 3514 954 3578 Ex
977 3534 1061 3596 aqua
1083 3520 1117 3576 et
1169 3516 1215 3587 (l.
1238 3511 1354 3577 Ioann.
1378 3515 1407 3590 3,
1431 3511 1475 3596 2).
1498 3512 1624 3576 Fateor
1645 3533 1724 3577 sane
1744 3517 1818 3592 [pag.
1841 3517 1894 3591 60]
1917 3532 1977 3576 nos
1999 3511 2046 3576 ita
2067 3530 2146 3576 oon·

138 3594 267 3678 spiritu,
297 3596 601 3679 interpretabimur:
645 3599 700 3662 Ex
732 3619 818 3682 aqua
849 3599 998 3684 mystica,
1032 3617 1116 3681 quae
1167 3597 1321 3680 templati
1348 3615 1436 3662 nuno
1456 3596 1568 3661 Deum
1594 3597 1629 3661 in
1657 3598 1737 3662 riacie
1759 3597 1892 3676 Christi,
1902 3597 1930 3675 θ)
1966 3603 2005 3660 ut
2037 3603 2145 3662 trans·

138 3679 222 3746 nihil
246 3680 334 3745 aliud
357 3688 408 3745 est
429 3703 528 3764 quam
551 3684 734 3766 spiritus.²)
1167 3683 1348 3766 figuremur
1381 3683 1416 3746 in
1445 3683 1516 3746 sius
1535 3682 1723 3766 imaginem.
1768 3682 1834 3748 Hic
1866 3683 1954 3746 enim
1986 3683 2063 3747 finis
2095 3690 2145 3747 est

224 3766 271 3830 Et
298 3771 409 3830 tamen
434 3788 503 3831 non
524 3767 628 3848 video,
661 3768 739 3850 quid
771 3787 831 3832 vos
858 3766 1115 3850 paedobaptismi
1168 3768 1256 3832 vitae
1277 3767 1476 3834 christianae
1499 3768 1589 3831 utin
1607 3767 1702 3832 nobis
1720 3769 1926 3833 instauretur
1943 3768 2007 3833 Dei
2024 3767 2143 3851 imago.

137 3851 248 3917 hostes
279 3853 372 3916 iuvet
404 3850 494 3917 loeus
524 3852 588 3918 ille.
639 3854 725 3918 Nam
756 3855 783 3919 si
805 3852 906 3918 verba
927 3873 969 3917 ur
992 3873 1114 3929 eamus,
1168 3850 1236 3917 Sed
1258 3853 1418 3934 quidhoc
1451 3861 1558 3918 totum
1586 3853 1641 3918 vel
1663 3853 1723 3918 tibi
1744 3855 1953 3937 suffragatur,
1985 3852 2040 3919 rel
2060 3853 2143 3917 mihi

136 3937 320 4022 baptismus
358 3936 555 4020 praeoedere
593 3939 727 4021 spiritus
766 3939 906 4023 gratiam
938 3875 1115 4022 deirebitss)
1167 3938 1351 4022 repugnat?

137 4023 210 4088 Hoo
232 4031 343 4087 tamen
366 4022 489 4100 omitto,
512 4024 589 4106 quia
608 4023 734 4089 cavillis
756 4046 822 4088 non
844 4023 993 4089 delector.
1028 4024 1115 4089 Tan·
1252 4023 1390 4090 ludaeos
1412 4024 1556 4089 causaris
1577 4045 1748 4107 perperam
1772 4045 1791 4088 a
1812 4045 1866 4089 me
1886 4023 2066 4089 identidem
2087 4024 2144 4089 ob·
2171 4026 2191 4056 ⁰

137 4118 208 4173 tum
230 4108 375 4175 indicare
397 4108 530 4192 placuit,
563 4131 616 4174 me
644 4109 702 4174 illa
722 4110 994 4193 interpretatione
1016 4129 1115 4191 quam
1167 4107 1264 4187 trudi,
1288 4111 1364 4191 quia
1385 4115 1547 4176 vocentur
1568 4109 1715 4175 carnales
1738 4119 1771 4174 et
1791 4110 1850 4173 filii
1874 4110 1991 4187 carnis,
2015 4119 2047 4173 et
2065 4109 2143 4173 hae-

137 4196 233 4276 posui
265 4193 407 4260 noluisse
430 4193 606 4277 quidquam
640 4196 785 4279 effugere
807 4195 893 4279 quod
914 4194 998 4258 mihi
1019 4196 1113 4260 obsit.
1167 4194 1262 4259 redes
1283 4195 1425 4261 carnalis
1445 4194 1666 4260 haereditatis.
1697 4193 1864 4278 Obstupeo
1887 4201 1974 4260 corte
1992 4193 2033 4258 ad
2052 4202 2143 4257 tuam

137 4279 223 4343 Nam
250 4281 277 4344 si
305 4281 364 4346 tibi
386 4301 586 4358 conoessero,
620 4302 662 4345 ex
682 4280 844 4364 baptismo
866 4288 902 4344 et
923 4281 1041 4361 spiritu
1062 4302 1114 4344 re-
1168 4282 1400 4364 arrogantiam.
1444 4279 1533 4362 Quid
1566 4281 1654 4346 enim
1689 4283 1835 4347 continet
1857 4280 1946 4344 locus
1968 4278 2024 4342 ille
2045 4277 2143 4343 Pauli

138 4366 289 4511 generari
312 4365 475 4431 homines:
509 4388 593 4451 nego
627 4375 660 4430 te
681 4366 829 4431 obtinere
851 4366 937 4449 quod
959 4366 1113 4443 intendis,
1167 4385 1264 4447 quem
1286 4367 1486 4432 citaveram?
1519 4387 1629 4430 nonne
1658 4376 1754 4431 ornat
1786 4387 1841 4431 eos
1872 4364 1966 4429 titulo
1998 4364 2143 4429 filiorum

161 4448 337 4529 aptismum
376 4451 588 4532 parvulorum
627 4453 813 4536 improbari.
875 4450 988 4516 Verba
1026 4453 1113 4515 enim
1166 4449 1254 4515 Dei?
1277 4472 1385 4516 nonne
1404 4450 1540 4517 eandem
1559 4451 1728 4517 nobiscum
1746 4450 1991 4528 haereditatem,
2011 4459 2044 4514 et
2061 4472 2143 4514 eun-

139 4540 316 4630 senqutuo
338 4544 470 4617 accepta
491 4545 619 4615 sonant,
647 4536 811 4621 baptismo
838 4537 984 4604 inchoari
1006 4537 1113 4620 palin·
1167 4534 1242 4601 dem
1263 4536 1425 4603 libertatis
1448 4539 1600 4621 spiritum
1622 4537 1687 4601 illis
1708 4536 1876 4621 assignat?
1929 4537 1979 4599 Tu
2001 4556 2079 4600 vero
2100 4556 2143 4602 ex

139 4636 317 4699 genesram,
339 4620 455 4700 spiritu
478 4625 597 4703 perfici.
643 4621 711 4688 Sed
740 4623 838 4688 aliam
865 4623 966 4688 fuisse
988 4621 1113 4688 Christi
1168 4696 1182 4700 ⁴

138 4708 283 4765 mentem
306 4724 440 4785 prorsus
463 4726 615 4790 agnosco:
649 4708 723 4773 ideo
751 4710 873 4773 frustra
899 4729 1028 4773 menum
1052 4708 1114 4773 hoo
1236 4757 1264 4822 1)
1284 4759 1395 4813 laveno
1414 4760 1558 4814 denostre
1577 4759 1656 4813 salua

139 4784 205 4849 telo
226 4808 361 4870 pugnas.
407 4788 518 4855 Samis
551 4794 787 4858 confessionem
820 4814 938 4873 meam,
971 4814 1040 4858 non
1062 4815 1114 4858 re-
1234 4826 1264 4891 2)
1283 4827 1311 4882 1e
1329 4844 1363 4881 n,
1381 4829 1424 4882 ni,
1443 4845 1493 4896 pas
1511 4845 1564 4882 non
1582 4828 1643 4896 plus
1662 4842 1713 4894 que
1728 4824 2140 4893 „011sn20nm0nsauroyaume

139 4874 291 4955 generari
313 4874 467 4955 parvulos
489 4877 615 4957 spirim.
660 4878 763 4960 Atqui
785 4901 955 4963 perperam
979 4878 1020 4944 ad
1038 4900 1113 4963 par·
1166 4895 1200 4950 de
1218 4896 1287 4949 Dieu
1305 4897 1382 4951 salon
1399 4892 1454 4964 que'
1469 4912 1539 4950 nous
1552 4911 1667 4950 sommas
1679 4894 1864 4950 reneuvellea:
1884 4908 1999 4947 mesmes
2010 4908 2062 4960 que
2071 4907 2141 4947 nous

1166 4978 1200 5017 ne
1226 4980 1327 5034 soyons
1352 4965 1428 5020 <lesia
1450 4980 1548 5031 passez
1572 4964 1605 5017 de
1623 4970 1694 5017 mort
1717 4965 1733 5018 a
1755 4963 1805 5030 vie,
1831 4962 1907 5018 aelon
1927 4961 1953 5015 la
1976 4975 2082 5014 mesura
2106 4959 2140 5014 de

1165 5048 1246 5102 grace
1264 5034 1309 5101 qui
1327 5040 1370 5088 est
1387 5049 1421 5088 en
1438 5049 1515 5087 nous.

208 5091 237 5158 1)
255 5094 274 5146 il
293 5110 311 5148 a
328 5095 387 5148 este
405 5111 473 5163 pour
491 5096 547 5150 lors
565 5096 698 5166 distingue
717 5096 809 5152 d’avec
827 5114 876 5153 son
893 5100 971 5155 Pers.
1234 5100 1265 5168 3)
1282 5100 1355 5155 Ado.
1374 5116 1408 5156 en
1426 5117 1456 5155 ce
1474 5100 1579 5155 monde.

206 5161 236 5224 2)
254 5161 294 5215 Er
313 5178 329 5216 o
348 5202 355 5214 ,
374 5203 380 5214 .
401 5203 407 5217 .
425 5204 431 5216 .
450 5166 568 5234 spiritus,
587 5180 637 5218 om.
659 5164 763 5219 Gallus
1234 5166 1266 5232 4)
1285 5176 1343 5223 esto
1362 5176 1409 5223 ent
1426 5176 1518 5224 antron
1537 5184 1571 5223 en
1588 5170 1753 5237 possession.

205 5228 236 5295 3)
254 5180 328 5285 Adi.
352 5231 388 5285 Ge
406 5250 457 5301 que
476 5249 544 5288 vous
561 5235 630 5288 nien.
1235 5237 1265 5301 b)
1284 5185 1360 5290 aad
1374 5236 1424 5292 des
1442 5238 1469 5291 la
1487 5239 1528 5291 vie
1547 5243 1681 5306 presente.

409 2028 462 2095 De
485 2029 627 2095 secunda
648 2032 846 2113 quaestione.
