4604 5896
86 268 146 330 701
775 260 1040 331 EPISTOLAE
1062 264 1128 330 AD
1147 262 1406 337 OALVINUM.
2035 209 2096 344 702

85 474 151 520 esse
171 473 250 518 onus
271 453 402 518 durmn:
435 454 505 535 ipse
538 455 644 516 contra
677 451 788 534 iupum
823 452 870 515 ait
899 470 1005 530 mace,
1039 455 1068 515 et
1121 451 1231 519 Paula.
1279 456 1352 521 Non
1375 462 1455 524 recte
1476 478 1511 524 er
1531 478 1548 522 a
1569 460 1697 539 dicitur,
1720 480 1786 525 esse
1807 460 1857 526 bic
1878 465 2099 546 transpressic-

85 538 255 636 mosten.
281 536 455 619 Praecepta
476 537 536 602 dia
549 556 596 635 ,σῳ
614 535 773 601 Mattiaco
795 536 900 614 citata,
921 541 1067 600 nonsunt
1119 559 1189 603 nem
1209 540 1361 620 similem,
1388 548 1424 606 nt
1451 545 1487 607 in
1507 479 1587 626 depe,
1620 564 1718 625 quum
1743 565 1797 610 nec
1818 551 2025 630 transqressic
2045 552 2096 630 sit,

83 623 200 708 leqalca
215 627 393 705 praecepta,
426 642 497 689 cum
523 623 631 706 ripule
657 621 717 686 illa
747 621 790 686 ad
818 627 945 685 mortem
971 621 1066 684 mabs-
1118 643 1172 689 nec
1199 626 1354 691 mortalis
1406 626 1445 692 Ut
1480 634 1584 694 cuum
1622 629 1737 694 melius
1767 631 1937 715 intelliqcs,
1976 635 2011 697 in
2039 634 2097 700 bec

84 711 218 776 dictione
251 714 280 773 et
314 710 529 785 exsecratione,
565 709 595 772 si
628 708 701 788 quis
733 705 864 786 defluat.
912 705 974 770 Sed
994 711 1067 769 sunt
1116 710 1283 789 spirituali
1303 710 1421 777 Gbristi
1442 713 1586 780 doctrine
1606 735 1669 779 ncn
1688 735 1754 780 esse
1775 716 1871 799 lepale
1891 717 1974 783 illud
1991 720 2098 784 cinen-

78 798 250 876 praecepta
270 794 439 872 doctrinae,
467 798 540 859 snmt
561 792 603 856 ad
619 792 838 874 perfectionem
858 790 1008 868 cubicula,
1031 796 1067 854 ut
1116 793 1191 873 lum,
1213 815 1267 860 nec
1286 798 1449 863 servitutis
1459 804 1670 882 praeceptum,
1691 801 1746 866 sed
1768 801 1939 867 liberaliter
1961 802 2096 868 oblatum

84 881 130 945 ibi
150 879 233 945 dccet
246 877 400 958 Obristus,
421 878 525 942 calens
545 897 602 943 nos
621 877 667 942 ita
685 896 751 942 esse
761 877 924 957 perfectos.
948 875 1066 940 Libera
1114 880 1269 960 qratiam,
1297 887 1325 946 et
1345 883 1468 949 mdeste
1489 885 1621 950 danum:
1643 886 1804 966 perpende
1830 892 1925 952 totum
1946 888 2096 954 adceretus

84 969 157 1031 sunt
172 968 356 1045 praecepta,
385 964 417 1027 si
436 964 487 1027 cis
503 962 663 1044 perfectus
684 982 763 1040 esse,
791 967 827 1025 ut
850 960 993 1027 Obristus
1015 981 1066 1025 ec·
1119 961 1239 1029 Obristi
1267 968 1478 1050 ecanqelicnm
1503 971 1661 1053 pendium
1688 976 1716 1034 et
1744 971 1880 1037 laetitiae
1904 974 2054 1038 nuncium
2075 996 2097 1038 c

79 1052 179 1133 ponit.
225 1049 343 1115 Libera
365 1053 440 1114 sunt
454 1053 630 1130 praecepta,
659 1047 818 1129 aquibus
837 1047 983 1124 delicieris
1003 1066 1066 1110 nan
1115 1048 1178 1130 leqe
1192 1051 1305 1130 procul
1326 1053 1516 1121 distinctum.
1570 1056 1674 1137 Qum
1695 1076 1831 1121 essemus
1850 1063 1976 1139 peccato
2003 1059 2096 1124 Adae

84 1155 158 1200 nean
176 1136 374 1200 constituitur
387 1133 636 1217 pebenncereus,
653 1133 724 1198 licet
738 1133 843 1197 minor
858 1131 923 1196 olio
940 1131 1065 1195 dicatur
1116 1138 1145 1197 et
1172 1134 1248 1217 lepis
1275 1139 1421 1202 sucdnte
1453 1140 1621 1206 admodum
1648 1142 1780 1223 captivi,
1815 1144 1898 1207 venit
1922 1144 2096 1225 piissimus

84 1221 120 1285 in
135 1239 230 1304 reqna
247 1220 407 1299 coelorum,
430 1224 466 1284 ut
486 1218 601 1284 ibidem
620 1217 787 1299 manifeste
807 1217 891 1282 dccet
910 1215 1063 1281 Christus.
1119 1216 1275 1301 Oloristus,
1311 1224 1467 1305 pendium
1493 1227 1686 1302 credentibus
1708 1229 1907 1292 annuncians
1927 1233 1955 1292 et
1982 1227 2095 1293 liberu-

87 1305 149 1386 Qui
169 1305 304 1383 sclcerit,
327 1306 440 1386 inquit,
461 1324 561 1368 unum
578 1323 617 1368 ece
633 1303 793 1368 mundatis
810 1301 894 1366 bisce
910 1302 1064 1378 minimis,
1115 1304 1236 1369 tionem.
1282 1306 1392 1386 Docet,
1419 1315 1456 1374 ut
1483 1312 1661 1390 amamus,
1690 1317 1719 1376 et
1744 1314 1849 1396 protis
1871 1314 1973 1378 donat.
2020 1314 2095 1378 Non

82 1390 234 1455 minimus
254 1390 415 1455 uocabitur
436 1390 473 1454 in
493 1409 587 1471 reqno
608 1390 766 1453 coelorum.
789 1388 864 1451 Nan
886 1387 1065 1452 excludetur
1117 1389 1181 1471 leqe
1209 1391 1300 1473 sopit,
1333 1395 1387 1458 sed
1415 1394 1591 1477 benaicium
1629 1397 1716 1477 offert
1753 1398 1875 1463 credere
1915 1398 2094 1464 calentibus.

81 1475 188 1557 faras,
211 1475 346 1540 sederit
367 1476 445 1541 aliis
462 1474 637 1556 posterior:
659 1479 688 1538 et
708 1472 810 1538 adbuc
824 1477 1011 1553 postremus,
1033 1471 1065 1534 si
1118 1474 1232 1540 Postea
1253 1496 1372 1558 quoque
1393 1481 1449 1559 qui
1471 1481 1681 1560 crediderant,
1709 1483 1788 1547 citro
1813 1482 1890 1565 lepis
1911 1485 2095 1548 coactionem

80 1560 189 1642 fecerit
210 1565 239 1624 et
259 1561 405 1626 docuerit.
451 1559 594 1640 Spiritus
618 1557 738 1623 Obristi
762 1578 819 1622 nas
847 1557 932 1622 dccet
959 1559 1064 1640 sponde
1114 1559 1261 1625 doceretur
1288 1565 1439 1628 coelestia.
1483 1564 1641 1630 Ducentur
1673 1568 1854 1650 recenerari
1887 1588 1926 1632 eu
1957 1589 2042 1648 aqua
2066 1574 2095 1633 et

76 1646 237 1729 propredi,
264 1666 329 1710 nan
350 1646 520 1711 secundum
541 1664 673 1722 carnem,
702 1644 756 1708 sed
776 1644 945 1708 secundum
966 1642 1064 1722 spiri·
1114 1647 1234 1724 spiritu
1255 1653 1373 1715 sancto:
1393 1649 1515 1730 alioqui
1536 1655 1626 1715 entra
1647 1672 1778 1733 reqnum
1799 1672 1932 1717 manere.
1975 1653 2094 1718 Decen-

81 1736 156 1809 tum,
178 1731 234 1812 qui
256 1736 301 1796 est
322 1733 457 1813 spiritus
479 1730 565 1810 liber,
588 1750 646 1793 nos
667 1729 761 1794 libere
782 1749 872 1811 aqere
893 1729 1063 1805 dacens,et
1114 1735 1167 1793 tur
1187 1750 1313 1796 carnem
1333 1735 1398 1817 ιιι)
1420 1736 1569 1816 spiritum
1597 1736 1793 1817 mortificare.
1844 1737 2002 1802 Dcceutur
2021 1737 2095 1804 diti-

82 1816 207 1880 iuvans.
259 1815 444 1882 Plurimum
476 1836 546 1880 erc
577 1816 682 1896 differt
713 1815 851 1879 doctrina
879 1813 1014 1892 spiritus
1041 1832 1063 1874 c
1111 1836 1190 1898 pere,
1213 1818 1294 1881 etin
1315 1838 1410 1884 coeno
1433 1818 1553 1885 Gtcristi
1574 1822 1808 1901 communicare,
1830 1826 1865 1887 nt
1886 1823 1951 1887 cibo
1973 1821 2094 1887 coelesti

71 1901 146 1983 'leqe
173 1901 288 1984 riqida.
333 1837 568 1985 (lbircqrapssus
600 1920 663 1965 non
695 1903 746 1965 est¹
765 1899 854 1964 nobis
881 1896 1060 1993 spiritnsf)
1112 1906 1232 1965 sercent
1253 1903 1352 1967 citam
1373 1903 1535 1969 coelestem.
1581 1905 1661 1969 Ecce
1682 1912 1779 1971 totum
1802 1909 1995 1991 econqelinm
2017 1913 2092 1986 [pag.

82 1991 117 2049 nt
138 1987 174 2050 in
195 1986 273 2069 leqe,
306 2006 403 2067 quum
430 2006 485 2052 nec
516 1986 591 2052 talis
620 1985 781 2050 adstrictio
806 2003 889 2048 nunc
915 1986 1061 2064 supersit,
1114 1989 1190 2063 648]
1213 1989 1311 2070 requi,
1333 1988 1541 2054 laetissimum
1562 1992 1721 2071 nuncium,
1743 2011 1813 2056 cum
1834 1992 1926 2057 danis
1942 2013 2091 2073 praesen·

82 2090 136 2135 nec
154 2071 234 2153 fides
255 2072 395 2155 indipeat
415 2073 585 2153 scriptura,
607 2071 664 2136 sed
684 2071 721 2135 in
741 2069 859 2134 tabulis
879 2069 982 2133 cordis
1002 2068 1060 2131 im·
1111 2070 1202 2135 tibus.
1246 2071 1346 2138 Estne
1367 2074 1528 2139 seruitutis
1549 2077 1658 2159 iuqnm
1677 2076 1843 2156 imponere,
1865 2082 1929 2141 tam
1950 2077 2091 2143 eoelestia

75 2158 251 2237 pressione.
298 2155 443 2221 Christus
469 2157 552 2223 nibil
585 2158 701 2237 scripto
731 2156 820 2220 nobis
836 2152 1059 2236 promulqacit,
1111 2156 1194 2220 dona
1212 2159 1315 2239 qratis
1336 2160 1477 2226 donare?

80 2246 116 2305 ut
151 2246 195 2306 est
227 2242 303 2306 clim
333 2242 410 2307 data
441 2244 603 2323 scriptura
641 2245 676 2306 in
710 2239 835 2305 tabulis.
880 2238 1060 2318 Antequam

81 2327 215 2407 apostoli
236 2333 265 2391 et
284 2329 487 2411 econqelistae
508 2329 683 2410 quidquam
705 2325 883 2402 scriberent,
905 2325 972 2387 iam
993 2326 1060 2386 erat

80 2411 129 2476 lec
153 2411 280 2491 Christi,
304 2413 354 2478 lec
375 2414 518 2495 spiritus,
540 2414 592 2477 lece
606 2412 692 2494 fidei,
715 2411 751 2474 in
772 2409 914 2474 cordibus
935 2408 1059 2472 creden
1252 2412 1490 2481 EPIS'POLA
1511 2413 1741 2481 VIOESIMA
1762 2414 1948 2496 QUINTA.

79 2498 166 2561 tium.
202 2497 385 2578 Scripturae
404 2498 627 2582 superadditae
647 2501 734 2574 sunt,
757 2495 800 2559 ad
820 2494 1058 2559 eebcrtationem

80 2587 109 2646 et
137 2584 394 2663 recordationem,
435 2605 474 2649 ne
494 2604 555 2665 per
585 2581 818 2647 Areticbristum
844 2580 964 2660 periret
995 2582 1059 2642 tcta
1197 2581 1343 2649 Moscica
1359 2584 1418 2662 lec,
1440 2588 1476 2649 ut
1492 2590 1526 2649 tu
1543 2604 1656 2665 censes,
1675 2591 1742 2650 erat
1760 2587 1811 2650 lec
1828 2584 1981 2651 inertibus
1997 2585 2090 2650 souis

82 2665 200 2733 Obristi
220 2670 378 2735 doctrina:
417 2688 497 2751 quae
518 2688 588 2734 cere
609 2668 749 2733 doctrina
770 2666 902 2744 dicitur,
923 2684 985 2728 ncn
1005 2662 1058 2727 lec
1108 2668 1194 2748 data,
1206 2667 1257 2732 lec
1266 2669 1477 2750 irrationalis,
1489 2671 1540 2735 lec
1550 2670 1761 2751 impossibilis,
1773 2672 1944 2754 tyrannica.
1964 2669 2020 2737 Ita
2029 2671 2090 2735 mi·

77 2753 202 2835 riporis.
260 2754 346 2819 Hinc
370 2755 532 2836 Paulus²)
560 2755 623 2819 cit:
662 2773 719 2817 ncs
740 2774 762 2816 c
783 2751 845 2835 leqe
866 2769 932 2815 esse
953 2754 1057 2813 trans·
1108 2754 1654 2836 sercsctrudespopulcs,teiudice‚
1667 2755 1836 2836 inequulea
1852 2755 2090 2822 enucebattunc

76 2836 155 2902 lotas
176 2840 211 2903 in
229 2839 366 2921 immam
387 2841 546 2908 doctrinae
567 2839 672 2919 (Ram.
694 2838 738 2921 6).
767 2836 821 2902 Ita
842 2837 925 2901 cenit
947 2832 1056 2900 etms-
1107 2837 1207 2918 Dens,
1227 2841 1473 2922 sicuttqrcnnns
1484 2840 1654 2906 Diomedes
1673 2839 1794 2906 inlecto
1813 2839 1924 2921 terreo,
1945 2845 1981 2904 ut
2001 2841 2091 2922 equis

75 2927 127 2986 tus
145 2923 248 3005 (mere
274 2929 302 2989 et
322 2927 442 3005 docere,
471 2931 498 2990 et
524 2925 678 3008 apostolas
703 2924 791 2987 misit
811 2924 855 2988 ad
874 2920 1054 2987 docendum.
1108 2930 1208 2990 essent
1227 2925 1263 2989 in
1278 2923 1444 3006 pabulum.
1489 2925 1558 2990 Lec
1573 2925 1633 2991 ilia
1648 2927 1782 3007 perinde
1802 2925 1860 2990 tibi
1880 2931 1977 3004 sonat,
2000 2945 2037 2990 cc
2059 2926 2090 2991 si

78 3007 190 3092 Ooqita
211 3010 421 3091 differentiam
441 3013 522 3076 inter
537 3011 672 3093 farreum
694 3010 773 3092 lepis
790 3013 818 3073 et
833 3008 969 3090 fcrrnam
985 3007 1055 3073 dcc·
1112 3010 1363 3076 Gebennercsibus
1390 3013 1456 3076 tuis
1483 3017 1639 3095 tqrannus
1660 3012 1732 3092 quis
1753 3011 1855 3077 duct:
1888 3010 2010 3076 Montes
2032 3031 2090 3076 an·

77 3097 195 3175 trinae,
230 3100 304 3174 [pag.
328 3101 405 3175 647]
430 3117 546 3179 nosque
578 3097 618 3163 ab
644 3096 703 3161 illa
730 3113 795 3160 csse
821 3094 991 3161 translatos
1013 3092 1056 3158 ad
1108 3115 1176 3161 reos
1191 3096 1364 3178 producite,
1385 3101 1414 3162 et
1434 3103 1524 3163 astra
1545 3097 1623 3162 coelo
1644 3096 1809 3162 detrabite:
1830 3097 1950 3178 alioqui
1966 3115 2089 3175 poenas

75 3183 180 3248 istam.
225 3180 350 3264 Maqnu
378 3188 424 3246 est
448 3183 629 3266 iqncrantia
655 3187 726 3260 tua,
756 3185 792 3245 ut
812 3181 892 3247 banc
913 3179 1056 3260 differen-
1107 3181 1231 3248 dabitis.
1279 3180 1425 3248 Christus
1446 3183 1561 3261 dicem,
1578 3181 1634 3247 boc
1653 3182 1720 3263 fac,
1749 3186 1776 3246 et
1802 3182 1902 3260 uices,
1930 3180 1988 3246 tibi
2008 3200 2088 3245 saca

75 3268 169 3346 tium,
209 3271 238 3331 et
262 3268 499 3333 translationem
535 3273 677 3333 nostram
714 3267 886 3352 intelliqere
912 3284 1054 3347 nequeas.
1108 3268 1206 3333 dicit:
1238 3266 1281 3331 In
1308 3274 1413 3332 utrem
1439 3268 1525 3346 cola,
1552 3271 1582 3332 et
1607 3266 1701 3333 cives.
1750 3265 1796 3331 Et
1816 3267 1860 3331 ad
1879 3265 1974 3348 leqem
1995 3265 2089 3330 illam

80 3352 258 3418 Obsercctio
280 3353 331 3418 bic
351 3374 414 3418 nen
446 3359 491 3418 est
512 3355 560 3418 ita
581 3351 801 3434 impossibilis,
835 3359 872 3418 ut
893 3353 959 3430 cis,
993 3351 1055 3415 imo
1108 3373 1166 3419 nas
1184 3353 1235 3418 cis
1255 3357 1290 3417 tu
1307 3351 1397 3418 bodie
1411 3354 1537 3434 pariter
1559 3352 1666 3431 teneri,
1688 3351 1732 3417 ad
1749 3349 1959 3434 impossibilia
1980 3350 2088 3416 omnia

75 3457 138 3503 nen
159 3439 260 3502 salum
275 3438 449 3520 passibilis,
472 3440 527 3505 sed
549 3439 719 3521 aliquanda
734 3438 843 3519 facilis
860 3443 889 3503 et
906 3437 1054 3515 iucunda,
1107 3438 1280 3505 adstrictas.
1326 3437 1399 3502 Non
1422 3443 1450 3502 te
1467 3438 1627 3503 seruitutis
1639 3437 1762 3519 pudet?
1782 3441 1848 3501 tcm
1868 3435 2020 3500 violentae
2041 3439 2089 3517 tq·

69 3543 133 3606 pro
155 3528 288 3606 tempore
309 3525 456 3590 uidelicet.
502 3524 625 3609 Iupiter
653 3529 681 3588 et
706 3527 848 3589 continuo
869 3523 927 3587 illc
949 3523 1054 3587 omnia
1107 3522 1282 3589 renuidis?
1312 3522 1419 3590 Deum
1440 3524 1493 3587 ais
1513 3523 1550 3586 in
1568 3523 1632 3606 leqe
1648 3521 1703 3588 boc
1720 3522 1821 3588 solum
1837 3519 2088 3587 uduisseutim-

75 3630 97 3674 a
118 3609 206 3674 nobis
226 3609 398 3688 obseruari,
431 3615 562 3677 etnnnc
584 3615 629 3675 est
649 3610 854 3692 impossibile,
888 3609 972 3673 etin
994 3606 1056 3688 ieqe
1102 3608 1324 3691 passibilitatis
1352 3609 1600 3674 admonerentur.
1657 3608 1709 3672 Tu
1735 3608 1782 3672 ita
1807 3607 1910 3690 stupis.
1962 3605 2009 3669 At
2035 3625 2087 3688 eqo

71 3695 137 3778 snit
175 3695 374 3778 impossibile.
421 3696 509 3762 Nam
537 3717 635 3779 quum
663 3715 736 3762 cara
769 3699 878 3760 nostra
917 3694 956 3759 ab
985 3693 1055 3773 ipsa
1108 3715 1178 3760 cum
1199 3693 1354 3776 propbeta
1375 3695 1459 3773 dioc,
1493 3712 1564 3757 eum
1597 3698 1668 3758 tunc
1693 3692 1826 3757 coluisse
1852 3691 2004 3756 mandata
2025 3710 2088 3756 uia

76 3780 199 3847 Satana
227 3783 270 3848 sit
301 3802 466 3863 oppressa,
508 3803 571 3848 sua
609 3783 652 3848 ad
690 3800 747 3846 nas
773 3780 956 3846 mouendum
982 3797 1055 3845 carc
1107 3780 1275 3858 custodiri,
1309 3799 1406 3860 eaque
1437 3778 1638 3845 custodientes
1670 3797 1735 3843 esse
1766 3778 1876 3843 beatos.
1932 3775 2088 3842 Facerem

72 3865 164 3933 babet
189 3872 350 3946 cementa,
386 3888 508 3949 semper
541 3868 584 3932 ad
612 3868 805 3950 perniciem:
841 3886 903 3931 sua
936 3883 1054 3947 quoque
1107 3885 1202 3931 suum
1228 3863 1416 3947 facientibus
1444 3865 1539 3948 leqem
1553 3861 1724 3946 praebebat
1745 3863 1849 3941 Deus,
1877 3860 2088 3942 deficuntibus

72 3952 817 4121 {bntdltbltllll’tbtl
843 3951 1055 4102 ttt‘bn
1106 3951 1439 4102 lldltdltc
1461 3948 1538 4099 ili
1565 3969 1746 4099 ituit
1761 3949 1922 4113 ittm‘ffi
1941 3947 2087 4097 assumit

73 4124 248 4189 coelestium
269 4061 425 4190 succqitate
446 4125 560 4202 teneri,
586 4123 715 4188 etnibii
743 4122 870 4188 carnale
891 4126 964 4186 tunc
984 4141 1054 4187 con·
1111 4122 1218 4206 119²)
1245 4122 1320 4187 item
1345 4126 1370 4184 2
1398 4118 1508 4185 Paral.
1535 4123 1589 4199 15,
1628 4118 1721 4185 Dent.
1744 4124 1792 4185 29
1819 4124 1846 4184 et
1874 4116 1986 4182 Eeccb.
2017 4114 2085 4200 16).

72 4211 240 4289 cupiscere.
289 4210 341 4275 De
367 4210 446 4276 coelo
473 4210 563 4275 nabis
597 4209 768 4291 aliquando
795 4208 903 4287 datur,
935 4207 1055 4272 sineere
1111 4208 1190 4289 Quis
1210 4213 1278 4272 tam
1299 4225 1406 4271 amens
1430 4208 1527 4283 iuret,
1556 4210 1613 4269 aut
1641 4206 1714 4287 quis
1734 4205 1826 4271 Deus
1851 4204 1961 4267 iurare
1985 4201 2087 4282 faciat

73 4293 161 4357 intus
178 4294 316 4378 dilipere,
335 4302 396 4362 toto
418 4297 523 4362 cordis
544 4297 663 4377 affectu,
684 4299 776 4375 atquc
798 4294 845 4358 ita
865 4300 938 4358 tunc
958 4292 1054 4375 leqem
1108 4313 1175 4358 rem
1207 4293 1332 4358 munina
1361 4290 1608 4372 impassibilem?
1657 4289 1748 4355 Deus
1769 4292 1914 4365 testatur,
1935 4305 2087 4367 praecep-

73 4377 214 4459 implere.
265 4381 352 4445 Nom
385 4383 442 4464 qui
475 4383 594 4466 dilipit,
633 4382 728 4464 leqem
755 4378 910 4461 implerit,
944 4382 980 4442 ut
1007 4377 1055 4440 ait
1105 4382 1209 4444 torum
1237 4377 1477 4444 obseruationem
1506 4376 1569 4440 sibi
1590 4375 1729 4456 plaeere,
1756 4378 1785 4438 ct
1805 4394 1843 4437 ea
1862 4372 1970 4468 ipsum
1990 4369 2085 4468 ddec-

75 4461 210 4528 Paulus.
257 4463 324 4529 Hoc
344 4469 471 4546 passim
498 4469 594 4532 dctur
620 4466 784 4551 repenitis,
811 4464 952 4530 coelestia
978 4481 1054 4527 snc-
1105 4464 1178 4528 taci.
1221 4462 1350 4528 Aures
1370 4459 1576 4543 impossibilis
1592 4480 1664 4525 eum
1684 4457 1872 4524 mmmm?
1918 4454 1957 4521 Si
1975 4475 2026 4521 crs
2043 4454 2085 4521 ad

73 4548 153 4614 riter
171 4549 378 4632 prestantibm.
406 4553 451 4615 At
467 4552 597 4637 fraqilis
613 4552 703 4617 bomo
722 4571 783 4616 non
800 4550 955 4632 persistit,
976 4547 1054 4629 quin
1105 4550 1203 4614 citam
1223 4548 1357 4633 inqredi,
1378 4568 1469 4614 serca
1489 4544 1641 4609 mandata
1663 4543 1792 4628 (Metti.
1817 4548 1886 4622 19).
1939 4539 1996 4606 Ad
2010 4559 2086 4623 pas-

72 4656 95 4701 a
116 4652 210 4700 carne
229 4653 302 4697 mcc
324 4635 507 4717 abducatur,
528 4644 557 4703 et
579 4637 840 4722 trcnsqrediatur.
867 4637 1054 4718 Qccanqnam
1106 4634 1287 4700 sibilitotem
1308 4633 1510 4699 antecedentis
1531 4630 1672 4711 sequitur
1684 4628 1884 4711 possibilitas
1903 4644 2086 4709 consequen·

72 4720 147 4786 baec
168 4739 230 4784 nen
245 4720 379 4800 proprie
400 4721 524 4786 dicatur
545 4724 759 4807 trcnspressic,
781 4723 858 4804 quia
879 4726 1051 4787 noneste
1107 4721 1156 4785 tis.
1207 4719 1296 4785 Haec
1329 4723 1374 4785 est
1404 4717 1514 4802 reputa
1547 4715 1779 4781 misericordiae
1804 4715 1885 4781 Dei:
1916 4711 1986 4795 ch
2005 4729 2086 4808 'sum

72 4805 144 4892 leqe.
182 4803 244 4873 Ubi
265 4806 349 4871 enim
370 4825 432 4872 nan
453 4810 497 4873 est
519 4807 577 4887 len,
598 4828 653 4874 nec
673 4809 884 4891 trunsqressia
905 4811 959 4888 est,
981 4810 1054 4873 usn
1106 4805 1206 4885 Deus,
1228 4806 1351 4888 faciens
1371 4801 1620 4869 misericordiam
1640 4800 1676 4865 in
1697 4800 1791 4880 mide,
1813 4801 1858 4865 iis
1877 4798 1933 4880 qni
1952 4795 2086 4880 ditiquni

142 5030 172 5096 1)
192 5030 318 5152 scriptus.

141 5097 172 5166 2)
190 5099 224 5153 D.
265 5098 352 5154 sulas.
1177 5096 1207 5159 1)
1225 5111 1284 5176 per.

140 5167 171 5235 3)
190 5167 321 5237 quiedam
339 5181 391 5222 em.
1175 5163 1206 5232 2)
1226 5180 1271 5233 qus
1289 5168 1332 5218 est
1348 5160 1430 5217 Hebe.
1449 5158 1500 5212 119
1517 5173 1569 5214 orn.
