4702 5926
594 124 598 129 ”
616 122 685 151 ΪέῐΙΛ
703 122 733 151 lje.-
810 136 836 153 ,Δι’
848 139 860 153 τ,
888 138 933 154 ην·
952 132 1066 157 ...ἱῧεῷῑη
1081 154 1083 157 .
1102 147 1112 157 ιι
1349 164 1351 167 .

794 228 800 237 u

1413 122 1421 141 a
1488 110 1597 142 u

206 536 274 604 aaa
312 625 315 630 ,
649 508 653 515 ’
958 530 1228 601 anrurarrc
1249 529 1484 599 uaaoaau
2164 533 2233 595 eoo

301 722 339 792 Si
376 730 451 804 [paq.
472 729 548 803 193]
584 723 721 805 spiritus
754 723 860 789 sancti
893 731 987 805 pater
1017 730 1068 786 est
1093 721 1196 797 Deus,
1249 740 1316 784 non
1337 719 1445 802 potius
1469 717 1509 783 de
1531 718 1726 784 substantia.
1771 717 1932 784 Fatemnr
1963 718 1999 782 iu
2032 737 2132 784 carne
2158 719 2229 797 illa,

117 856 120 861 -
210 810 353 878 abolitas
375 829 447 875 esse
469 829 624 890 personas
653 808 748 873 facile
769 816 869 891 patet.
916 806 1013 888 Quod
1034 827 1070 871 se
1091 813 1196 870 meta-
1248 825 1332 887 quae
1352 825 1431 869 vere
1453 804 1599 869 humana
1620 813 1699 881 erat,
1728 810 1762 867 et
1782 824 1823 868 er
1848 803 1977 868 Davide
1997 803 2140 870 habebat
2161 806 2230 870 ori·

212 895 346 979 phorice
368 894 541 977 loquutum
563 893 644 959 dicit
663 892 832 971 Servatus,
853 892 1099 977 metaphoricae
1117 912 1196 973 quo·
1248 890 1369 973 ginem,
1403 891 1610 973 conspicuam
1644 890 1743 954 fuisse
1775 889 1938 972 unigeniti
1971 889 2037 988 filii·
2058 890 2122 955 Dei
2156 891 2229 974 glo-

213 1001 277 1063 que
299 978 508 1062 verbipater
535 979 722 1044 eritDeus.
768 978 952 1061 Siquidem,
982 978 1054 1060 ipso
1082 976 1197 1042 codem
1248 976 1341 1040 riam.
1385 975 1458 1040 Imo
1481 994 1615 1039 carnem
1635 976 1741 1057 ipsam
1763 996 1866 1057 quum
1891 983 2057 1040 terrestris
2078 986 2168 1040 esset
2189 996 2230 1041 ac

214 1073 311 1143 teste,
342 1065 478 1148 spiritus
500 1072 552 1130 est
572 1073 675 1147 pater,
708 1065 793 1129 siout
814 1064 914 1130 verbi
930 1067 953 1141 ¹)
999 1061 1075 1143 Quo
1097 1063 1196 1126 etiam
1248 1060 1406 1138 mortalis,
1441 1061 1607 1125 vivificam
1639 1073 1752 1124 tamen
1782 1059 1883 1125 fuisse
1913 1068 1947 1124 et
1968 1060 2117 1126 coelestis
2139 1061 2229 1127 vitae

214 1150 362 1234 pertinet
382 1148 468 1231 quod
490 1148 570 1214 dicit
591 1152 713 1234 pagina
737 1153 807 1227 193,
830 1148 871 1213 de
893 1149 1078 1215 substantia
1100 1148 1196 1230 spiri·
1248 1146 1367 1211 eibum.
1429 1144 1497 1211 Sed
1530 1145 1611 1210 haec
1643 1144 1685 1209 ad
1718 1144 1909 1227 qualitatem
1942 1147 2057 1210 referri
2089 1144 2227 1213 debent:

214 1245 269 1301 tus
290 1256 359 1300 non
379 1239 490 1300 minus
512 1256 611 1317 quam
632 1236 726 1303 verbi
748 1235 898 1318 genitum
920 1256 991 1299 esse
1012 1231 1196 1298 Christum.
1248 1232 1382 1295 interim
1403 1233 1475 1314 ipsa
1507 1230 1618 1297 carnis
1649 1238 1767 1295 natura
1792 1230 1887 1296 nobis
1907 1231 2146 1296 consideranda
2166 1243 2228 1298 est.

215 1321 303 1386 Nam
333 1321 372 1387 ,si
410 1318 485 1385 ideo
524 1320 613 1385 filius
653 1330 704 1386 est
736 1320 883 1399 verbum,
924 1320 1000 1402 quia
1030 1319 1071 1382 de
1105 1318 1197 1384 verbi
1250 1315 1430 1397 Quaeritur
1473 1318 1563 1382 enim
1605 1317 1641 1380 in
1686 1337 1751 1399 qua
1790 1336 1889 1382 carne
1927 1316 2089 1399 completa
2128 1318 2230 1383 fuerit

215 1407 341 1472 semine
385 1405 549 1489 profluxit,
595 1412 629 1470 et
674 1426 750 1472 caro
793 1406 916 1471 factum
955 1425 1026 1469 esee
1066 1403 1196 1482 dicitur,
1249 1403 1374 1483 peccati
1396 1403 1548 1485 expiatio.
1592 1400 1782 1484 Respondet
1802 1400 1938 1479 Paulus,
1972 1401 2164 1467 damnatum
2191 1404 2229 1468 in

215 1490 332 1557 eadem
352 1492 390 1555 in
411 1491 566 1574 spiritum
588 1491 740 1556 similiter
761 1498 955 1573 competent.
985 1490 1096 1572 Negat
1117 1487 1196 1554 Ser·
1249 1507 1347 1552 carne
1370 1488 1471 1552 fuisse
1492 1495 1670 1571 peccatum.
1706 1486 1781 1550 Non
1802 1486 1940 1552 fabricat
1958 1488 2134 1554 coelestem
2154 1510 2229 1555 ear·

215 1585 313 1643 vetus
334 1577 407 1659 pari
429 1576 566 1642 ratione.
607 1576 796 1642 Discrimen
828 1596 907 1658 ergo
937 1577 1008 1658 ipse
1035 1573 1195 1650 ostendat,
1250 1593 1326 1636 nem
1359 1594 1442 1655 quac
1474 1594 1517 1637 ex
1549 1572 1720 1637 elementis
1757 1573 1912 1639 increatis
1944 1572 2130 1653 defluxerit,
2169 1574 2229 1640 sed

214 1660 272 1746 qui
307 1662 538 1744 aequalitatem
570 1661 672 1739 illam,
708 1661 762 1727 vel
784 1659 1034 1725 similitudinem
1055 1658 1195 1724 induxit
1250 1656 1329 1722 dum
1351 1659 1387 1722 in
1410 1659 1489 1724 vitio
1511 1665 1545 1722 et
1566 1658 1751 1740 corruptela
1772 1664 1945 1726 externam
1966 1659 2017 1722 illi
2038 1659 2230 1725 similitudi-

216 1747 381 1826 Trunqari
402 1769 423 1811 a
443 1768 498 1811 me
520 1767 597 1811 suas
619 1748 799 1812 sententias
823 1746 910 1823 dicit,
944 1766 1046 1828 quum
1067 1744 1197 1808 fidelius
1249 1764 1327 1807 nem
1349 1766 1424 1809 cum
1446 1752 1559 1808 nostra
1580 1744 1703 1821 tribuit,
1736 1743 1953 1809 substantiam
1985 1745 2098 1826 procul
2127 1744 2229 1811 dubio

214 1833 341 1898 referre
361 1853 429 1896 non
449 1832 623 1914 potuerim.
1195 1854 1201 1860 ⁶
1249 1837 1282 1893 et
1303 1851 1420 1911 puram
1442 1838 1595 1894 naturam
1619 1829 1720 1895 fuisse
1740 1826 1877 1893 eandem
1899 1829 2072 1912 significat
2116 1830 2229 1912 Quae-

303 1918 360 1981 An
387 1923 609 1984 consentanea
640 1917 708 1982 sint
740 1915 822 1981 haec
849 1915 923 1993 duc,
957 1922 1026 1980 tres
1058 1935 1130 1979 esse
1161 1912 1197 1978 in
1249 1914 1336 1978 ritur
1367 1936 1482 1979 rursus
1515 1914 1551 1979 in
1583 1936 1648 1997 qna
1681 1935 1780 1980 earne
1812 1914 1942 1980 futurae
1974 1916 2229 1983 resurrectionis

216 2002 290 2066 Deo
311 2022 477 2084 personas,
511 2010 546 2066 et
577 2023 678 2066 unam
708 2001 870 2066 duntaxat
896 2000 998 2065 fuisse
1023 2019 1198 2082 personam
1250 2001 1409 2080 primitias
1440 2001 1589 2065 iuveniat
1618 1999 1708 2064 fides.
1765 1997 1833 2079 Qui
1865 1999 2029 2066 diversam
2061 2023 2081 2066 a
2113 2011 2231 2068 nostra

216 2107 300 2169 quae
333 2096 384 2151 est
416 2087 544 2170 angelis
579 2087 835 2165 communicata,
870 2085 1017 2151 iudicent
1049 2084 1196 2150 lectores.
1249 2087 1459 2168 imaginatur,
1498 2085 1671 2151 Christum
1710 2106 1730 2149 a
1768 2084 1925 2150 membris
1957 2087 2026 2151 suis
2059 2108 2228 2170 separans,

215 2172 314 2238 Nunc
334 2192 457 2237 novum
479 2172 639 2255 effugium
661 2173 834 2255 excogitat.
878 2171 990 2237 Unam
1010 2170 1111 2235 fuisse
1132 2170 1196 2234 Dei
1250 2171 1390 2235 terrenis
1412 2180 1446 2235 et
1471 2169 1601 2236 caducis
1633 2169 1821 2235 homiuibus
1855 2171 1968 2236 beatae
2001 2174 2072 2256 spei
2092 2175 2230 2238 ianuam

174 2248 177 2253 ’
214 2257 404 2340 imaginem,
427 2256 468 2321 ad
491 2278 589 2340 quam
611 2259 753 2322 formata
774 2257 873 2321 fuerit
894 2255 988 2320 Adae
1010 2274 1094 2321 caro.
1129 2254 1195 2320 Sed
1250 2255 1440 2338 praecludit.
1486 2255 1576 2336 Quid
1597 2257 1686 2320 enim
1709 2255 1742 2319 id
1776 2277 1837 2320 nos
1864 2256 1998 2335 iuvabit,
2031 2278 2153 2341 corpus
2186 2281 2230 2324 ex

215 2343 245 2406 si
262 2344 475 2407 conferantur
492 2343 562 2407 eius
581 2343 690 2421 verba,
714 2363 812 2406 nemo
833 2351 903 2406 tam
923 2341 1017 2406 rudis
1035 2341 1099 2405 orit
1116 2340 1197 2423 quin
1249 2340 1314 2405 Dei
1335 2341 1520 2407 substantia
1540 2350 1574 2405 et
1594 2340 1748 2406 increatis
1776 2340 1946 2407 elementis
1975 2345 2152 2408 conflatum
2175 2367 2230 2410 re·

177 2425 180 2429 ”
213 2427 327 2492 fucum
355 2428 417 2492 sibi
439 2428 513 2492 fieri
533 2427 748 2511 intelligat²)
792 2426 866 2492 Illic
901 2447 943 2491 ex
977 2425 1123 2509 professo
1156 2425 1197 2490 de
1249 2426 1455 2492 surrexisse?
1511 2426 1637 2509 Nempe
1669 2431 1743 2505 [paq.
1764 2432 1838 2506 195]
1870 2437 2010 2493 naturae
2041 2429 2229 2509 diversitas,

213 2512 358 2596 imagine
379 2513 444 2578 Dei
467 2512 625 2596 disputat:
659 2534 733 2578 eam
765 2514 802 2577 in
828 2511 988 2596 singulari
1016 2530 1197 2576 numeroa
1250 2511 1439 2577 societatem
1460 2512 1563 2591 illam,
1598 2512 1691 2577 cuius
1723 2511 1844 2577 fiducia
1864 2513 2013 2591 nitimur,
2046 2513 2228 2582 abscindet

215 2598 333 2681 Moyse
362 2599 440 2681 poni
468 2597 556 2675 dicit,
597 2599 674 2681 quia
708 2617 777 2663 una
808 2597 877 2663 sola
910 2604 982 2662 erat
1015 2596 1196 2680 personalis
1247 2597 1321 2661 Iam
1353 2598 1440 2680 quod
1473 2609 1556 2664 teste
1581 2597 1687 2662 Paulo
1709 2596 1863 2662 Christus
1895 2607 1945 2663 est
1976 2598 2064 2665 filius
2085 2600 2229 2667 Doridis

214 2682 280 2748 Dei
301 2684 420 2765 imago,
444 2682 500 2748 vel
520 2683 630 2748 facies.
676 2682 776 2748 Certe
805 2690 839 2747 et
865 2684 971 2766 patris
998 2692 1031 2747 et
1060 2682 1196 2766 spiritus
1248 2682 1429 2748 secundum
1451 2704 1594 2760 carnem,
1618 2690 1714 2746 etex
1737 2682 2069 2749 Iudaeissecundum
2091 2707 2229 2752 carnem

213 2787 389 2851 personam
410 2770 491 2833 satis
513 2776 635 2850 aperte,
658 2768 723 2833 nisi
745 2767 850 2847 fallor,
880 2768 1036 2846 excludit,
1070 2787 1196 2850 negans
1247 2767 1423 2845 descendit,
1451 2790 1520 2834 non
1540 2768 1686 2833 admittit
1705 2767 1853 2833 fictitiam
1874 2768 1965 2833 illam
1987 2770 2166 2836 mixturam
2188 2781 2230 2837 ut

213 2853 374 2936 pluralem
405 2874 581 2919 numerum
603 2853 714 2918 valore
746 2854 783 2917 in
811 2874 890 2919 voce
917 2852 1082 2937 imaginis,
1121 2854 1197 2934 quia
1247 2854 1408 2934 particula
1429 2855 1537 2920 carnis
1558 2853 1711 2920 credatur
1739 2875 1811 2918 esse
1832 2852 1875 2918 ab
1896 2855 2038 2933 homino,
2067 2876 2134 2920 nou
2156 2866 2229 2922 tota

213 2958 282 3001 non
313 2939 436 3002 fuerint
468 2938 581 3021 plures
607 2940 680 3003 Doo
706 2958 876 3022 personae.
917 2938 1130 3003 convicietur
1159 2945 1196 3001 ut
1247 2958 1322 3004 caro
1343 2941 1380 3002 in
1402 2939 1551 3005 solidum.
1595 2940 1705 3022 Negat
1733 2936 1891 3004 Servatus
1925 2939 1960 3004 id
1993 2941 2154 3023 quadrare
2190 2945 2229 3008 in

213 3021 357 3100 libuerit,
380 3043 447 3087 non
470 3024 568 3089 faciet
589 3032 700 3088 tamen
723 3034 761 3088 ut
783 3024 851 3088 ulla
872 3023 976 3088 malae
994 3023 1070 3088 fidoi
1089 3023 1124 3086 in
1142 3043 1195 3088 mc
1248 3042 1389 3102 carnem,
1423 3026 1488 3090 nisi
1520 3033 1682 3106 quatenus
1718 3045 1738 3088 a
1772 3024 1893 3089 deitate
1922 3027 2112 3091 secernitur.
2157 3026 2228 3093 Sed

213 3107 344 3173 macula
364 3106 510 3173 haereat.
1243 3109 1385 3191 clariora
1405 3117 1484 3175 suut
1504 3110 1602 3175 Pauli
1624 3109 1735 3187 verba,
1757 3129 1855 3193 quam
1876 3118 1915 3175 ut
1934 3111 2076 3195 longiori
2098 3111 2227 3196 discep-

301 3191 461 3275 Sequitur
487 3191 741 3279 achimaucar)
775 3194 921 3277 corporis
948 3192 1074 3259 Christi
1107 3213 1195 3259 com·
1247 3195 1370 3261 tationo
1398 3216 1481 3278 opus
1508 3196 1560 3260 sit.
1617 3195 1756 3260 Interim
1791 3194 1974 3262 calumniae
2005 3218 2060 3263 me
2093 3207 2228 3265 accusat

214 3277 341 3361 positio,
370 3277 449 3343 dum
470 3276 553 3342 illud
576 3298 618 3343 ex
640 3279 747 3344 tribus
768 3279 924 3344 increatis
946 3279 1128 3358 elementis,
1162 3286 1196 3344 et
1247 3280 1323 3362 quia
1355 3279 1506 3359 dixerim,
1540 3279 1674 3346 Christo
1710 3281 1844 3346 nonnisi
1875 3290 2027 3363 quartam
2059 3284 2227 3351 humanae

214 3371 323 3428 terrea
351 3364 489 3428 materia
516 3365 645 3429 conflat
690 3363 847 3430 Diximus
869 3385 963 3447 spem
984 3365 1099 3430 salutis
1120 3385 1195 3448 pes·
1246 3373 1387 3431 naturae
1408 3377 1536 3448 partem
1557 3365 1620 3431 hoo
1641 3364 1739 3430 modo
1765 3367 1837 3430 fieri
1867 3388 1886 3432 a
1913 3375 2019 3433 matre
2048 3369 2226 3458 residuam.

214 3467 287 3513 sum
310 3449 367 3526 ire,
403 3456 437 3513 et
464 3469 659 3515 evanescere
686 3449 920 3532 redemptionis
947 3458 1080 3516 nostrae
1106 3450 1194 3514 fruo-
1246 3449 1436 3516 Falsarium
1469 3471 1597 3533 quoque
1636 3460 1670 3516 et
1703 3450 1895 3517 mendaeem
1928 3473 1982 3518 me
2013 3468 2118 3532 vocat,
2171 3457 2228 3521 uia

213 3540 295 3611 tum,
330 3534 394 3599 nisi
417 3534 543 3600 Christi
576 3554 694 3619 corpus
722 3546 837 3600 nostro
863 3535 970 3600 simile
995 3537 1103 3614 fuerit,
1137 3557 1195 3600 ex·
1246 3557 1379 3601 carnem
1414 3536 1455 3601 ab
1483 3557 1522 3600 eo
1550 3536 1690 3601 dixerim
1716 3537 1752 3599 in
1774 3534 1932 3603 deitatem
1954 3541 2112 3605 converti.

213 3627 307 3701 cepta
329 3620 455 3701 peccati
477 3621 671 3702 corruptela.
716 3620 833 3685 Altera
852 3640 871 3684 a
889 3619 1028 3686 Servoto
1046 3621 1194 3704 exceptio
1246 3622 1406 3704 quomodo
1428 3642 1539 3688 secum
1562 3622 1616 3705 agi
1636 3622 1720 3699 vult,
1741 3621 1806 3687 nisi
1827 3644 1869 3688 ex
1892 3622 2067 3691 verborum
2089 3647 2227 3691 suorum

213 3703 355 3783 additur,
391 3705 478 3788 quod
515 3710 588 3784 [pag.
612 3710 687 3786 194]
723 3706 823 3771 fircrit
854 3705 987 3770 deitatis
1020 3707 1193 3789 particeps.
1246 3706 1409 3772 formula?
1466 3706 1523 3772 Sie
1555 3716 1665 3773 autem
1693 3706 1890 3791 Epistulae
1923 3708 2081 3792 loquitur:
2127 3710 2226 3792 Quod

214 3786 282 3854 Sed
304 3790 378 3872 quis
406 3790 468 3855 hoc
496 3790 546 3854 illi
567 3790 738 3873 permisit?
782 3791 890 3856 rinus
923 3792 1011 3857 enim
1038 3791 1194 3857 Abrahae
1246 3811 1322 3857 earo
1357 3794 1392 3856 in
1425 3793 1562 3859 verbum
1598 3793 1832 3859 transformata
1868 3794 1975 3860 fuerit
2030 3796 2084 3860 De
2118 3796 2226 3862 tribus

213 3883 248 3938 et
267 3874 408 3939 Daridis
428 3885 565 3940 vocatur
592 3876 772 3941 secundum
798 3898 940 3955 earnem,
978 3877 1112 3943 aculus
1134 3899 1193 3941 na·
1246 3876 1428 3956 elementis,
1443 3881 1466 3953 ¹)
1499 3878 1606 3944 loeus.
1624 3887 1674 3943 est
1694 3878 1830 3943 minime
1851 3880 2008 3945 obscurus
2028 3881 2116 3946 Dial.
2140 3886 2160 3945 2
2185 3881 2227 3947 de

213 3968 289 4022 tura
316 3960 503 4044 seiungitur
525 3959 637 4026 deitas.
681 3961 779 4027 Adde
806 3961 892 4045 quod
920 3962 1048 4028 Christi
1075 3984 1194 4046 corpus
1246 3964 1363 4028 Trinit
1387 3985 1461 4047 pag.
1481 3967 1554 4039 250,
1577 3962 1662 4046 quod
1684 3964 1724 4028 ab
1745 3965 1817 4046 ipso
1834 3964 1962 4030 Mariae
1980 3975 2073 4032 utero
2091 3979 2226 4050 sumpta

214 4043 355 4109 absurde
377 4054 551 4111 vocaretur
573 4047 733 4129 templum
755 4047 829 4125 Dei,
855 4048 884 4113 si
910 4068 988 4130 pars
1017 4055 1104 4113 esset
1125 4048 1194 4112 dei·
1246 4050 1291 4113 sit
1311 4049 1450 4114 materia
1471 4049 1580 4113 carnis
1598 4048 1724 4115 Christi
1746 4057 1863 4126 terrea,
1885 4049 2001 4116 eadem
2019 4059 2129 4116 tamen
2147 4073 2226 4118 caro

170 4177 174 4184 .
212 4129 291 4193 tatis
312 4129 424 4211 ipsius.
470 4128 642 4210 Quomodo
662 4130 744 4196 haec
767 4131 832 4196 duo
855 4132 1061 4211 convenient,
1091 4133 1194 4198 deita-
1246 4133 1408 4199 elementa
1440 4135 1529 4200 verbi
1563 4134 1716 4200 habuerit
1742 4154 1822 4199 vere
1842 4132 1963 4215 divina,
1994 4145 2028 4201 et
2048 4137 2114 4202 Dei
2145 4138 2225 4204 snb·

215 4221 283 4278 tem
312 4235 384 4279 esse
411 4222 539 4296 partem
569 4217 723 4298 corporis,
757 4226 790 4282 et
811 4217 920 4280 Deum
956 4238 1089 4301 corpore
1123 4221 1194 4302 ipso
1247 4221 1413 4285 stantiam.
1458 4220 1497 4286 Si
1519 4218 1559 4284 de
1580 4219 1789 4302 proportione
1816 4221 1947 4285 rixatur
1972 4221 2057 4287 mihi
2078 4231 2167 4288 certe
2189 4224 2226 4288 in

214 4319 279 4364 non
312 4319 405 4364 secus
440 4308 538 4382 atque
572 4301 608 4364 in
643 4301 767 4384 templo
800 4301 969 4367 habitare?
1033 4304 1195 4369 Memoria
1247 4314 1371 4371 statera
1392 4304 1577 4388 appendere
1605 4305 1810 4388 propositum
1837 4327 1905 4370 non
1935 4307 2008 4386 init,
2047 4316 2173 4389 quanta
2204 4330 2226 4373 a

212 4405 340 4467 quoque
362 4395 515 4467 repetant
540 4385 678 4450 lectores
700 4385 786 4468 quod
808 4388 901 4469 prius
922 4387 1001 4464 dixi,
1033 4410 1101 4454 non
1123 4410 1195 4455 esse
1246 4402 1353 4456 matre
1376 4392 1517 4473 portio²l
1539 4396 1673 4473 sumpta
1693 4391 1786 4455 foret
1822 4389 1919 4471 Quod
1943 4392 2044 4457 voluit
2062 4390 2226 4460 Servetus

213 4491 330 4535 verum
354 4468 578 4547 mediatorem,
614 4471 676 4535 uisi
698 4471 755 4553 qui
777 4482 811 4535 et
833 4473 935 4536 frater
956 4475 1008 4552 sit,
1042 4484 1075 4540 et
1096 4474 1194 4540 homo
1246 4477 1313 4541 suis
1336 4476 1445 4542 verbis
1467 4475 1596 4541 abunde
1618 4483 1774 4540 testatum
1797 4476 1883 4553 fecit,
1906 4477 2011 4542 tribus
2032 4478 2182 4560 partibus
2204 4500 2227 4544 a

214 4555 360 4621 eiusdem
403 4564 543 4620 naturae
582 4556 699 4622 socius.
762 4557 1014 4623 Humanitatom
1058 4560 1193 4638 Christi,
1247 4563 1340 4627 nobis
1362 4562 1494 4627 differre
1516 4561 1697 4640 Christum,
1730 4562 1807 4643 quia
1837 4581 1880 4626 ox
1914 4561 2019 4629 tribus
2051 4563 2229 4629 elementis

213 4642 313 4705 etiam
346 4641 375 4706 si
407 4662 491 4722 pura
523 4653 612 4706 esset
643 4649 803 4720 ereatura,
837 4657 969 4709 nostrae
1001 4645 1193 4711 dissimilem
1247 4649 1402 4714 increatis
1431 4648 1647 4730 compositum
1677 4647 1747 4712 eius
1772 4666 1899 4730 corpus,
1933 4669 2000 4712 uon
2027 4647 2123 4714 modo
2145 4671 2227 4714 vere

212 4725 281 4789 fore
310 4725 487 4804 contendit,
522 4725 610 4809 quod
644 4747 664 4791 a
697 4727 819 4793 deitate
852 4729 1043 4796 illustretur.
1089 4730 1194 4812 Quasi
1248 4733 1399 4798 divinum
1417 4732 1469 4811 sit,
1492 4730 1632 4796 eoeleste
1648 4739 1879 4812 coaeternum,
1902 4731 1960 4798 sed
1970 4733 2033 4798 rite
2050 4744 2229 4800 censeatur

212 4828 292 4876 vero
314 4809 354 4874 de
377 4811 570 4895 qualitate⁴)
598 4814 687 4878 iuter
714 4835 774 4879 nos
796 4821 946 4879 vertatur
967 4817 1123 4899 quaestio,
1158 4838 1195 4882 ao
1246 4818 1442 4968 Chlls’lnon
1467 4815 1578 4965 m2ig¹1¹⁸
1603 4837 1701 4899 quam
1722 4817 1856 4900 spiritus
1878 4827 1912 4883 et
1930 4817 2088 4885 Christus.
2102 4820 2187 4902 ipse,
2196 4822 2228 4901 ⁸)

1280 4926 1291 4967 1
1326 4952 1334 4967 .
1400 4922 1473 4985 pag.
1560 4952 1567 4968 .

280 5012 680 5135 ill}lapateruiteouregard
698 5017 732 5072 de
751 5018 905 5073 laParollc
923 5020 1003 5074 etde
1022 5020 1195 5089 l'Espritest
1333 4989 1406 5053 Iam
1446 5008 1550 5070 quum
1571 4986 1671 5051 'nihil
1712 4986 1886 5054 absurdiufl
1917 4990 1998 5073 fingi
2031 4990 2136 5073 9⁰⁸⁸it
2167 4990 2230 5059 ffl⁰

210 5094 349 5272 ΞΞΞΞΞΙ
357 5148 455 5286 331ῃὲ
482 5152 504 5206 si
526 5153 594 5208 rude
617 5154 685 5208 idiot
708 5156 754 5222 qui
776 5171 809 5209 ne
834 5170 864 5210 se
887 5155 979 5211 iasche
1002 5153 1101 5211 d’estre
1124 5157 1193 5212 ainai
1315 5226 1344 5290 l)
1362 5124 1508 5281 De'fflbus
1526 5226 1666 5280 elementis
1683 5241 1734 5279 m
1755 5223 1781 5280 G

280 5284 311 5348 3)
330 5286 475 5353 commesi
493 5288 609 5356 quelque
632 5289 774 5343 alcumnte
798 5289 891 5345 laisoit
914 5308 964 5346 son
979 5291 1098 5347 extraiot
1113 5292 1148 5347 de
1166 5293 1193 5348 la
1313 5294 1344 5360 2)
1373 5295 1494 5350 combien
1519 5295 1539 5347 il
1565 5312 1583 5364 y
1608 5295 1681 5349 auoit
1705 5295 1767 5363 plus
1793 5293 1904 5351 d’ooces
1929 5293 1992 5350 d’nu
2015 5297 2091 5352 coste
2114 5313 2170 5366 que
2194 5300 2252 5356 de·

189 5361 191 5366 ·
208 5353 303 5420 quinte
320 5369 442 5409 esseuce.
1241 5361 1349 5419 l’autre.
1843 5394 1844 5397 ¹

280 5418 310 5488 4)
331 5421 379 5478 dea
397 5437 540 5478 ornament
558 5439 593 5479 ou
611 5424 738 5492 qualiter.
1311 5431 1341 5499 3)
1360 5446 1394 5487 eu
1412 5447 1462 5487 son
1478 5432 1574 5487 entier.
