4762 5918
998 332 1368 403 PROLEGOMENA.
2056 335 2185 404 XXXI

330 522 373 588 In
395 525 488 588 tertio
508 522 685 606 quaestione
706 522 785 588 mire
805 527 833 588 te
854 508 995 590 involvis.
1031 523 1160 590 Fateris
1173 524 1329 606 parvulos
1346 544 1449 590 munes
1465 524 1555 590 nosci
1573 522 1659 606 htics
1680 524 1759 606 irae,
1775 524 2019 592 maledictionem
2041 523 2107 591 atti
2122 545 2185 608 per

170 635 322 719 matiam,
338 635 476 719 qratiam
485 655 551 701 esse
561 653 622 717 per
631 633 725 714 fidem
741 637 814 700 etin
824 636 871 700 eis
888 654 949 698 uon
959 654 1024 700 esse
1032 634 1135 716 hiera
1173 636 1289 702 Omnes
1299 636 1356 717 qui
1373 637 1564 719 exproqeme
1580 641 1655 701 sunt
1665 635 1815 702 Abrahae
1832 636 1884 700 ais
1902 638 1992 702 nasci
2000 635 2146 716 filiosdei
2156 640 2186 702 et

172 744 255 811 dicis
265 751 293 810 te
303 765 366 810 non
377 766 443 812 esse
453 750 519 811 mm
529 764 673 811 erasmum
683 751 719 810 ut
729 747 839 812 aedos
861 746 1029 828 essehlios.
1063 746 1132 830 Epo
1154 753 1258 812 autem
1281 747 1350 812 dieo
1372 747 1728 831 etiamproedestiuotos
1750 748 1785 811 iu
1804 746 1890 828 filios
1910 748 1971 827 dei,
1994 748 2091 826 roasa,
2114 767 2185 812 cum

175 856 288 936 Paulo,
309 857 395 938 filios
415 857 493 937 irae,
515 856 584 924 ticet
600 858 721 924 ratione
746 856 817 923 boni
832 858 989 939 propositi
1010 857 1076 923 Dei
1097 860 1199 924 dicae
1216 860 1323 942 possis
1350 879 1401 924 eos
1428 859 1468 922 ab
1495 863 1581 925 utero
1607 864 1727 924 vocatos
1751 858 1844 940 (ilica
1898 856 1981 924 Olim
2009 878 2127 941 quoque
2147 860 2184 923 in

172 968 298 1035 amur·
320 968 442 1050 foedus
457 969 593 1050 parvuli
614 970 721 1035 carnis
741 969 941 1035 censebantur
956 967 1036 1049 fitia
1056 991 1138 1035 nuuc
1159 972 1211 1037 illi
1232 969 1292 1035 soti
1313 975 1388 1036 suut
1411 970 1476 1051 tilii
1504 971 1560 1051 qui
1580 991 1641 1052 per
1660 968 1754 1050 hdan
1774 967 1855 1048 fiunt
1873 968 1937 1049 filii
1957 969 2030 1035 Dei.
2074 967 2120 1034 ht
2140 968 2184 1035 aa

174 1080 230 1144 hos
251 1078 331 1145 solos
351 1078 437 1160 fictos
453 1081 629 1145 manaem
639 1081 821 1163 maniacus
837 1080 973 1162 spiritus
993 1085 1151 1155 υἱοθεσίας
1172 1102 1261 1163 quem
1281 1083 1316 1146 in
1333 1081 1486 1162 baptismo
1505 1081 1581 1146 dari
1601 1079 1819 1146 docetPetras.
1854 1078 1917 1161 Qui
1932 1080 2028 1145 etiam
2048 1080 2184 1160 spiritus

176 1213 216 1258 ea
237 1190 350 1257 auditu
369 1191 444 1272 fidei
465 1195 518 1271 est,
541 1196 612 1257 teste
637 1191 748 1258 Paulo.
795 1189 833 1256 Si
856 1190 1010 1257 Iohannis
1034 1191 1204 1273 Baptistae
1227 1192 1401 1275 exemplum
1423 1192 1479 1257 tibi
1501 1192 1691 1275 baptismum
1705 1189 1832 1272 probat,
1859 1189 1987 1271 baptiso
2007 1211 2126 1273 pueros
2146 1192 2183 1256 in

173 1308 261 1368 aaa
289 1304 412 1368 matris.
465 1303 532 1368 Nee
560 1304 690 1369 deemrnt
716 1304 774 1369 tibi
801 1303 942 1386 smmpto
970 1303 1141 1368 multorum
1167 1304 1224 1385 qai
1251 1306 1286 1368 iu
1313 1309 1399 1369 utero
1421 1302 1607 1385 sartctifieati
1628 1308 1711 1368 suut.
1754 1301 1810 1367 At
1838 1302 1969 1368 eunden
1996 1302 2123 1368 modum
2144 1322 2184 1366 ea

172 1415 266 1482 semis
293 1412 443 1496 easmphs
464 1420 520 1479 tua
542 1414 580 1479 dc
595 1415 861 1498 promhaonibus
877 1415 1038 1498 qmeroiia
1067 1420 1235 1480 commerta
1255 1416 1358 1499 finqis.
1403 1415 1467 1481 Ais
1489 1417 1572 1480 enim
1592 1417 1747 1479 nerninem
1767 1415 1837 1480 sinu
1854 1414 2064 1495 mantenano
2090 1433 2184 1494 posse

172 1525 351 1607 iustificari.
397 1523 522 1590 Mirum
541 1531 619 1592 certo
641 1526 726 1608 quod
747 1527 794 1594 ita
816 1525 873 1591 tibi
887 1525 1018 1609 ptaecm
1040 1532 1068 1592 et
1087 1547 1194 1591 oerum
1214 1527 1289 1608 fidei
1316 1527 1508 1592 christianae
1536 1532 1630 1609 caput
1657 1525 1848 1593 dissimules.
1898 1524 1953 1589 Ea
1973 1525 2039 1592 soto
2061 1529 2185 1605 epau

175 1635 296 1704 Christi
318 1636 474 1702 miraculo
494 1637 642 1719 fauetis
662 1637 777 1703 mutia
801 1636 990 1704 Chouanoea
1011 1638 1059 1703 oei
1070 1635 1285 1704 Caesarianus
1307 1639 1424 1719 atiqhis
1445 1639 1497 1704 ihi
1517 1639 1641 1704 medens
1657 1642 1784 1718 poterat
1804 1641 1876 1701 tunc
1896 1636 2068 1718 iustificari
2089 1636 2185 1700 aiam

172 1750 204 1814 si
223 1749 261 1814 de
278 1747 545 1830 promissionibus
565 1749 648 1814 nihit
668 1769 807 1830 unquam
829 1749 976 1814 audisset.
1029 1748 1116 1814 biom
1140 1748 1284 1815 Christus
1303 1750 1398 1832 foetis
1419 1771 1537 1833 quaque
1554 1749 1731 1817 asarmot
1752 1770 1785 1814 se
1806 1769 1872 1814 esse
1888 1748 1993 1829 litium
2015 1746 2080 1812 Dei
2100 1751 2128 1812 et
2149 1746 2185 1811 id

172 1859 328 1926 ammas
349 1858 491 1933 adnabat
518 1860 759 1941 etiustiheabat
779 1862 874 1925 amm
901 1862 931 1927 si
958 1866 1057 1927 essent
1080 1859 1211 1944 Scythae
1238 1861 1360 1926 nullam
1382 1863 1626 1943 prunissionem
1654 1861 1806 1927 habentes.
1858 1858 1929 1925 Ima
1956 1859 2127 1925 rithulum
2154 1859 2185 1925 si

173 1972 247 2053 quis
273 1990 336 2055 non
356 1970 400 2034 sit
421 1969 490 2035 Deo
516 1970 701 2049 aectoris,
724 1973 790 2036 nisi
812 1973 938 2054 aliquid
960 1973 1027 2056 ipse
1042 1973 1216 2052 promittat.
1264 1971 1392 2039 Possem
1414 1974 1457 2038 aci
1478 1972 1533 2039 hoc
1554 1978 1642 2038 tuum
1663 1973 1781 2039 dt'ctum
1804 1971 2029 2055 eaptodettdum
2051 1970 2183 2035 testim-

174 2083 232 2147 nia
242 2087 271 2146 et
280 2081 424 2161 exempla
441 2081 684 2163 iustihaotor'nm
694 2082 849 2148 adducere
860 2084 1027 2149 innumero
1036 2088 1101 2149 tom
1111 2087 1183 2148 ante
1193 2088 1314 2165 tempus
1330 2083 1408 2168 leqis
1420 2105 1516 2166 qiam
1531 2090 1664 2165 tempore
1685 2085 1763 2167 lepis
1773 2089 1802 2149 et
1812 2090 1946 2164 tempore
1954 2082 2078 2164 patim
2088 2082 2183 2146 etiam

172 2195 208 2257 iu
232 2192 351 2257 Ninive
371 2198 400 2256 et
420 2193 456 2257 in
477 2193 596 2258 tenutis
617 2195 713 2259 nocis
773 2192 835 2260 Sed
854 2195 931 2275 quio
952 2196 1042 2260 times
1062 2216 1101 2260 rte
1122 2195 1183 2260 am
1205 2193 1263 2259 tibi
1283 2200 1385 2275 satan,
1406 2195 1500 2276 finem
1519 2196 1612 2278 facio.
1658 2195 1788 2260 Remitte
1809 2195 1909 2278 iqitsu
1929 2193 2048 2273 scripta
2065 2195 2184 2257 meoet

165 2304 249 2396 ‚uate
297 2302 335 2369 a·
360 2324 430 2369 aere
451 2305 553 2370 eredis
568 2324 693 2388 popam
714 2326 781 2371 ease
808 2305 1026 2372 antichristum
1046 2307 1149 2372 meda
1176 2325 1294 2389 quoqne
1315 2307 1486 2371 trinitatem
1507 2312 1536 2371 et
1551 2305 1844 2388 paedoboptismum
1865 2325 1904 2370 aa
1922 2305 2062 2371 dedeina
2078 2324 2183 2386 popo·

168 2420 221 2481 tus
243 2436 310 2482 esse
330 2415 503 2481 doctrinam
524 2416 765 2482 doemonhnsm.
810 2416 932 2482 Iterum
953 2417 1030 2483 cote.

326 2636 514 2704 Redeamus
525 2660 615 2705 nunc
627 2638 668 2705 ad
680 2638 812 2705 Oalvini
824 2639 982 2706 libellum.
1014 2641 1194 2723 Postquam
1205 2638 1246 2704 ds
1256 2639 1314 2705 illa
1331 2660 1408 2706 cum
1419 2639 1559 2707 Servata
1577 2641 1799 2707 controversia
1821 2638 1905 2704 dixit
1927 2659 2010 2720 quae
2027 2658 2086 2721 pro
2098 2645 2182 2703 tem·

168 2769 249 2832 pore
266 2749 329 2832 ipsi
340 2750 490 2816 sufficere
506 2747 714 2830 videbantur,
736 2753 802 2817 iam
821 2752 955 2835 propius
976 2752 1134 2819 accedam
1157 2749 1198 2818 ad
1220 2762 1453 2837 argumentum
1475 2773 1574 2818 suum
1596 2752 1779 2818 methodica
1801 2748 2008 2816 tractandum
2030 2747 2184 2814 describit

168 2861 307 2944 triginta
324 2870 358 2926 et
376 2871 448 2926 octo
461 2861 637 2927 Sententiae
653 2863 701 2927 vel
716 2864 944 2946 propositiones
961 2885 1000 2929 ea
1014 2863 1133 2930 Seroeti
1150 2862 1241 2928 libris
1259 2869 1425 2946 excerptas,
1442 2864 1569 2946 impios,
1588 2864 1794 2946 blasphemos,
1806 2861 1958 2946 proforus
1975 2858 2136 2926 erroribus
2154 2863 2184 2926 et

166 2971 294 3038 ddiriis
310 2973 451 3056 refertas,
470 2995 492 3038 a
512 2974 603 3040 verbo
613 2973 678 3040 Dei
694 2979 721 3039 et
738 2975 904 3042 mucore
915 2976 1213 3042 udasioeconsensu
1224 2975 1355 3056 dunas,
1374 2984 1408 3039 et
1424 2975 1652 3040 ministrorum
1670 2974 1907 3059 genevensium
1924 2971 2057 3037 nomine
2074 2990 2183 3053 nuper

166 3083 206 3148 in
223 3092 296 3150 acta
317 3084 447 3168 publica
468 3085 590 3152 relatas
611 3095 649 3152 ut
670 3088 885 3152 assumtionis
904 3086 1068 3171 praesidia
1085 3096 1196 3152 essent
1213 3087 1303 3170 (pag.
1324 3087 1476 3171 64-71).
1508 3086 1619 3153 Hrdus
1640 3086 1828 3154 documenti
1851 3083 2019 3167 exemplar
2041 3081 2182 3148 authen-

167 3195 271 3261 ticum
293 3217 395 3261 manu
417 3197 577 3281 seriptum
599 3196 635 3261 in
659 3197 803 3264 archivis
825 3199 1068 3284 genevensibus
1090 3207 1290 3278 asservatur,
1313 3197 1355 3263 ad
1377 3199 1471 3264 cuius
1492 3197 1592 3263 fidem
1612 3205 1741 3264 textum
1763 3203 1933 3280 receptum
1956 3193 2125 3259 nonnullis
2146 3193 2183 3257 in

166 3307 248 3373 locis
271 3307 446 3373 emendare
468 3309 643 3391 potuimus.
684 3308 777 3375 Idem
799 3296 888 3376 valet
909 3311 949 3376 de
971 3309 1184 3395 sequentibus
1206 3308 1334 3375 duobus
1355 3310 1559 3377 documentis
1580 3330 1663 3392 quae
1686 3308 1847 3377 Oalrinus
1866 3306 1949 3371 libro
1972 3326 2030 3371 sno
2052 3306 2183 3388 integra

167 3418 317 3483 inseruit
364 3419 517 3500 Quorum
538 3422 682 3504 primum
704 3427 756 3486 est
778 3420 826 3486 M
851 3421 970 3488 Serneti
991 3422 1152 3504 responsio
1172 3419 1215 3487 ad
1236 3421 1386 3488 arthutos
1410 3419 1536 3487 Criniti
1559 3421 1647 3505 (pag.
1673 3419 1825 3501 72-81).
1875 3416 2016 3483 Constat
2038 3435 2077 3480 ea
2099 3413 2182 3478 dua-

168 3529 230 3594 bus
251 3530 410 3613 partibus.
455 3530 594 3596 Initium
616 3516 694 3597 facit
715 3532 795 3598 satis
815 3533 914 3620 longa
932 3535 1034 3601 series
1060 3535 1205 3601 locorum
1228 3553 1270 3598 cx
1292 3531 1512 3610 Tertulliano,
1542 3532 1681 3596 irenaeo
1706 3541 1740 3595 et
1760 3531 1862 3595 Petro
1891 3527 2053 3611 apostolo,
2083 3546 2181 3608 quom

167 3638 257 3717 dicit,
280 3640 414 3725 eiusque
437 3640 597 3725 discipulo
619 3641 803 3727 Clemente,
830 3648 850 3712 i.
875 3669 901 3714 a.
925 3669 967 3713 ex
996 3643 1291 3732 Recognitionibus
1317 3641 1651 3726 pseudoclementinis
1679 3642 1873 3725 petitorum,
1901 3638 2020 3722 quibus
2041 3637 2097 3702 ille
2120 3656 2180 3701 sua

165 3750 289 3834 placita
310 3753 505 3819 confirmare
528 3763 561 3818 et
581 3754 750 3821 vindicare
773 3753 891 3820 studet
929 3751 1059 3818 Deinde
1081 3752 1193 3837 paucis
1216 3754 1256 3820 ad
1279 3753 1417 3838 triginta
1438 3760 1511 3819 octo
1533 3753 1686 3818 articulos
1708 3751 1840 3819 Calvini
1862 3771 1963 3836 supra
1984 3760 2182 3815 memoratas

167 3861 353 3946 respondet,
376 3864 497 3948 partim
520 3885 654 3931 sensum
677 3887 774 3932 suum
792 3864 921 3948 prolata
938 3864 1154 3948 explicatione
1172 3864 1351 3945 declarans,
1374 3866 1495 3948 partim
1517 3885 1596 3960 vero
1618 3865 1698 3930 satis
1720 3863 1845 3931 habens
1868 3861 2049 3928 adversarii
2071 3862 2181 3928 abiur-

166 3973 319 4058 gationes
336 3976 492 4042 conviciis
514 3977 706 4060 propulisse.
750 3976 859 4043 Multa
880 3976 1014 4042 maioris
1032 3977 1188 4042 momenti
1211 3986 1261 4042 est
1283 3976 1423 4041 alterum
1447 3974 1680 4042 documentum
1691 3977 1787 4059 quod
1817 3974 2024 4040 inscribitur:
2064 3972 2183 4038 Breois

165 4085 315 4167 restuto
336 4085 477 4152 urorum
499 4094 529 4153 et
548 4089 745 4171 impietatum
766 4088 813 4153 M.
839 4089 957 4154 Seroeti
979 4110 999 4152 a
1020 4088 1179 4154 ministris
1195 4088 1338 4154 aerata
1358 4088 1546 4154 Genwensis
1565 4089 1731 4172 mgnufice
1755 4087 1885 4154 Senatui
1906 4086 2008 4151 obtata
2026 4091 2114 4170 (pag.
2138 4089 2180 4150 82

168 4200 298 4277 —123).
343 4199 536 4284 Exemplari
559 4200 759 4279 authentico,
782 4200 908 4292 scrihae
929 4198 1061 4267 Calvini
1082 4219 1184 4263 manu
1207 4207 1352 4279 exarato,
1374 4201 1495 4282 passim
1519 4200 1651 4265 additae
1670 4200 1828 4284 leguntur
1846 4200 1976 4268 Serveti
1998 4197 2181 4262 annotatio·

164 4329 228 4375 nes
245 4310 477 4395 autographae,
500 4333 582 4396 quas
593 4313 714 4394 partim
736 4312 900 4397 longiores
914 4312 1058 4396 margini
1075 4311 1258 4394 adscripsit,
1281 4313 1401 4395 partim
1419 4312 1597 4390 breviores,
1620 4313 1686 4375 imo
1704 4310 1915 4376 brevissimas
1933 4311 1967 4370 et
1984 4304 2181 4389 increparet-

165 4443 244 4501 cors,
266 4422 405 4507 singulis
432 4424 541 4489 verbis
567 4425 654 4489 inter
676 4423 782 4489 lineas
811 4424 1028 4507 superposuit.
1062 4423 1131 4488 Has
1153 4400 1281 4506 quoque
1303 4409 1462 4489 Calvinus
1484 4423 1673 4488 rehrtaticni
1691 4442 1769 4488 suae
1791 4421 1880 4506 typis
1908 4419 2016 4487 editae
2043 4421 2181 4487 comites

173 4530 312 4612 addidit,
340 4532 397 4599 sed
424 4534 521 4618 paulo
548 4535 770 4620 negligentius
797 4534 992 4618 descriptas,
1020 4535 1066 4598 ita
1093 4543 1130 4597 ut
1157 4541 1303 4599 nostram
1332 4532 1507 4600 editionem
1537 4534 1578 4600 ad
1607 4534 1706 4600 fidem
1734 4532 1934 4615 exemplaris
1963 4531 2180 4616 manuscripti

167 4642 376 4710 emendatam
403 4646 516 4712 multis
543 4647 578 4712 in
605 4647 685 4714 locis
713 4647 806 4713 libris
833 4647 911 4712 olim
939 4646 1107 4729 impressis
1135 4645 1380 4730 locupletiorem
1409 4655 1442 4711 ct
1468 4649 1702 4713 accuratiorem
1725 4644 1833 4710 dicere
1861 4644 1980 4709 meritc
2006 4644 2178 4728 possimus.

165 4753 344 4821 Caeterum
372 4757 454 4823 haec
483 4759 637 4824 rehrtatio
659 4759 794 4824 omnino
822 4759 968 4841 sequitur
989 4757 1215 4841 praecedentis
1235 4756 1367 4824 Servati
1389 4758 1610 4841 responsionis
1633 4765 1790 4836 tenorem,
1813 4758 1860 4820 ita
1876 4762 1914 4822 ut
1935 4755 2078 4839 primum
2098 4751 2179 4818 alls·

165 4873 246 4951 gata
267 4889 309 4932 ex
330 4869 481 4951 patribus
503 4869 617 4936 ecdem
639 4869 753 4936 ordine
772 4891 835 4955 quo
853 4869 1020 4954 proposita
1041 4871 1173 4936 fuerant
1194 4869 1413 4949 excutiantur,
1436 4867 1554 4936 deinde
1576 4871 1712 4954 triginta
1733 4869 1782 4933 illi
1806 4876 1840 4934 et
1861 4874 1932 4933 octo
1954 4863 2083 4930 articuli
2101 4884 2179 4927 con·

162 4985 219 5043 tra
240 4977 373 5045 Servati
394 4982 603 5064 exceptiones
625 4982 842 5049 vindicentur.
876 4981 967 5047 Huic
987 4979 1184 5048 documento
1205 4981 1469 5066 subscripserunt
1489 5003 1591 5047 manu
1613 4982 1747 5065 propria
1768 4977 2013 5063 quatuordeeim
2034 4974 2179 5039 ministri

161 5111 378 5174 genevenses,
400 5092 473 5174 ipso
494 5092 634 5161 Calvino
657 5094 799 5178 agminis
821 5094 916 5161 duae:
958 5114 1097 5176 quorum
1120 5101 1232 5158 tamen
1253 5094 1388 5158 nomina
1407 5094 1443 5158 in
1467 5093 1664 5160 editionibus
1687 5094 1808 5158 omissa
1830 5096 1916 5155 sunt
1970 5085 2094 5151 Variae
2115 5084 2179 5150 hae
