4762 5918
156 318 199 380 ιι
539 277 541 281 ’
980 317 1045 382 Du
1067 313 1342 385 seruulus.
1987 338 1989 343 ·
2133 309 2175 388 co

123 529 129 536 ⁴
156 521 253 567 snam
275 500 443 577 virtutem,
466 519 504 563 ac
525 520 591 565 non
613 499 722 584 potius
743 501 895 565 aeternae
917 522 996 568 suae
1025 523 1136 569 essen-
1187 501 1342 584 pravitas,
1365 506 1400 566 et
1421 521 1505 584 qnae
1526 521 1587 567 sua
1607 501 1805 587 indignitate
1822 504 1971 587 graviter
1992 505 2172 573 urlnerare

156 587 222 652 tiae
243 585 409 668 specimen
431 583 576 651 ediderit.
622 589 696 664 [pag.
715 589 769 663 ιο]
788 584 914 651 Christi
935 606 1067 652 earnem
1090 588 1136 653 sic
1188 587 1292 669 possit
1314 588 1385 670 pios
1406 607 1520 652 omnes
1539 586 1676 654 animos.
1721 588 1859 667 Verum,
1878 597 1955 655 urat
1975 612 2036 657 nos
2057 592 2169 674 potius

155 672 297 748 deificat,
321 678 358 734 ut
378 671 516 737 veritate
537 668 702 735 humanae
723 680 861 737 naturae
879 672 1002 738 abolita
1014 671 1136 739 divini·
1187 671 1253 736 Dei
1275 671 1414 750 iniuria,
1445 691 1544 754 quam
1566 693 1586 737 a
1608 671 1701 738 nobis
1724 672 1918 756 duplicetur.
1932 677 1956 757 ¹)
2000 675 2170 743 Audimus

156 765 276 834 tatem,
304 776 388 837 quae
415 755 596 839 spiritualis
619 762 685 834 est,
712 755 912 838 palpabilem
933 757 1045 840 fingat.
1089 759 1137 822 lot
1187 756 1266 839 quid
1299 757 1340 822 de
1361 755 1488 822 Ohristi
1514 755 1769 823 mansuetudine
1801 765 1942 825 testatus
1974 761 2018 825 sit
2038 761 2164 828 Iesaias

156 857 269 908 temen
290 841 402 907 Deum
422 839 531 923 plenis
552 839 664 907 buccis
685 839 859 906 Ohristum
879 842 1035 920 vocando,
1063 863 1136 908 um-
1188 843 1256 992 ffil,
1275 840 1320 926 2).
1364 841 1530 907 Audimus
1558 840 1636 925 quid
1664 842 1705 907 de
1733 863 1769 908 se
1795 844 1866 928 ipse
1887 843 2044 911 Christus
2073 867 2169 929 prae·

156 925 275 993 hratile
297 927 406 991 nescio
433 924 519 1008 quod
548 936 715 1008 spectrum
741 924 835 990 nobis
862 928 1134 994 comminiscitur:
1213 927 1288 992 oet:
1312 928 1439 992 Discite
1461 949 1480 991 a
1502 946 1571 1006 me,
1595 928 1719 1010 inquit,
1742 929 1819 1010 quia
1842 931 1933 994 mitis
1953 952 2027 1004 sum
2049 942 2083 995 et
2105 931 2168 997 hu-

158 1020 273 1095 utpote
295 1012 352 1093 qui
365 1012 406 1076 ab
424 1011 518 1076 initio
539 1010 703 1093 platonica
715 1010 878 1076 duntaxat
894 1011 969 1077 idea
979 1013 1094 1078 fuerit:
1109 1014 1135 1096 ¹)
1187 1011 1275 1077 milis
1303 1012 1400 1078 corde
1434 1012 1570 1095 (Matth.
1605 1018 1655 1091 ll,
1689 1013 1755 1094 29).
1811 1014 1857 1080 Et
1890 1015 1952 1081 hac
1984 1015 2024 1080 de
2057 1037 2167 1094 causa,

158 1118 222 1164 nec
243 1097 305 1163 alio
327 1097 399 1160 iure
421 1097 466 1162 sit
486 1095 575 1162 filius
597 1096 670 1174 Dei,
698 1096 765 1161 nisi
787 1095 874 1179 quod
895 1097 930 1161 in
952 1106 1045 1164 utero
1066 1098 1136 1164 vir·
1187 1097 1463 1179 quemadmodum
1485 1097 1609 1163 Paulus
1633 1095 1787 1163 admonet
1809 1098 1909 1181 (Phil.
1930 1104 1959 1176 2,
1982 1100 2034 1182 7),
2065 1122 2168 1184 quum

160 1185 249 1268 ginis
269 1204 310 1248 ex
323 1183 441 1265 spiritu
462 1189 575 1248 sancto
585 1189 762 1264 conceptus
786 1187 844 1247 est.
878 1183 1017 1248 Interim
1030 1183 1136 1249 multa
1187 1189 1277 1248 esset
1296 1184 1331 1248 in
1352 1184 1458 1248 forma
1478 1181 1560 1259 Dei,
1590 1185 1755 1266 seipsum
1778 1185 1977 1262 exinanivit,
2006 1196 2044 1250 ut
2065 1187 2106 1251 ab
2129 1207 2168 1252 ec

158 1267 420 1352 speculationum
453 1267 601 1350 plaustra
633 1267 795 1349 congerit,
828 1287 911 1349 quae
943 1267 1024 1343 adeo
1051 1268 1137 1333 nihil
1188 1267 1441 1333 submissionem
1469 1288 1583 1333 omnes
1613 1268 1785 1334 discamus.
1831 1267 1945 1350 Quum
1967 1291 2010 1336 ex
2034 1271 2167 1338 coelesti

158 1354 284 1419 habent
306 1353 432 1431 coloris,
455 1359 492 1416 ιιι
512 1351 608 1418 facile
625 1372 705 1417 sano
726 1351 834 1418 cuivis
852 1351 979 1418 homini
1001 1361 1135 1430 constet,
1188 1353 1369 1419 maiestatis
1401 1374 1481 1419 suae
1513 1353 1594 1419 solio
1628 1354 1692 1419 huo
1726 1374 1829 1437 usque
1862 1354 2071 1420 descenderit
2102 1357 2168 1422 Dei

158 1458 228 1504 non
249 1439 315 1503 nisi
337 1457 433 1503 caeco
455 1441 507 1503 sui
529 1458 640 1502 amore
660 1438 856 1504 fascinatum
867 1458 961 1520 posse
982 1439 1030 1503 ita
1051 1438 1137 1504 desi·
1187 1437 1289 1515 filius,
1318 1449 1357 1502 ut
1378 1458 1476 1504 carne
1505 1447 1621 1504 nostre
1646 1437 1783 1505 indutus
1805 1459 1873 1504 non
1895 1442 1986 1505 servi
2007 1440 2169 1507 conditio-

158 1544 247 1608 pere.
292 1521 391 1604 Quod
423 1522 452 1586 si
483 1523 653 1605 protinus,
686 1532 724 1587 ιιι
749 1523 884 1588 emersit
911 1523 976 1588 Dei
1004 1524 1136 1602 veritae,
1187 1543 1264 1588 nem
1286 1522 1396 1602 modo,
1422 1523 1480 1589 sed
1503 1531 1687 1589 extremam
1710 1525 1816 1590 crucis
1837 1525 2057 1608 ignominiam
2078 1527 2169 1592 subi-

159 1608 303 1692 superba
335 1608 470 1691 ingenis
500 1615 575 1672 tum
609 1629 669 1673 sua
696 1606 832 1673 ambitio
861 1607 1032 1688 sollicitat,-
1066 1617 1137 1673 tum
1189 1617 1254 1673 ret:
1278 1630 1378 1691 quem
1398 1617 1549 1674 nostrum
1570 1610 1686 1675 oristas
1710 1609 1838 1694 erigere
1860 1631 1927 1675 non
1949 1608 2101 1692 pudebit,
2130 1618 2170 1676 ut

158 1695 261 1771 etiam
292 1691 399 1759 Satan
428 1692 583 1777 impellit,
623 1703 662 1757 ut
693 1692 785 1757 illam
824 1693 937 1777 pravis
969 1713 1135 1759 eommon·
1189 1692 1314 1776 aliquid
1336 1695 1439 1760 simia
1461 1695 1514 1760 vel
1536 1714 1608 1760 esse
1630 1693 1823 1760 videamur?
1858 1694 1926 1776 Qui
1943 1696 2081 1760 summis
2100 1696 2169 1778 opi-

159 1781 205 1845 tis
226 1796 260 1846 et
279 1778 430 1844 lunaticis
452 1778 677 1862 opinionibus,
706 1776 759 1843 vel
780 1777 965 1858 obscurent,
988 1777 1041 1845 vel
1063 1800 1137 1862 per·
1189 1777 1251 1844 bus
1272 1787 1307 1845 et
1335 1779 1514 1845 honoribus
1535 1779 1712 1858 excellunt,
1735 1801 1806 1856 eos,
1835 1788 1875 1844 ut
1896 1801 1931 1846 se
1954 1780 1997 1845 ad
2018 1781 2170 1864 magistri
2238 1839 2240 1842 ,

159 1872 309 1943 vertant,
350 1885 418 1928 non
449 1870 499 1929 est
537 1882 595 1927 cur
629 1883 691 1928 nos
731 1872 892 1944 tanquam
935 1883 972 1927 re
1004 1863 1137 1930 insolita
1189 1863 1378 1948 exemplum
1399 1866 1614 1943 conforment,
1642 1885 1776 1931 neccsse
1796 1873 1861 1943 est,
1895 1873 2054 1948 tanquam
2075 1885 2169 1950 mag-

160 1948 291 2015 turhari
318 1956 476 2031 oporteat.
521 1946 647 2029 Quare,
671 1957 708 2013 ut
727 1946 914 2030 superbiam
936 1949 1028 2030 prius
1051 1947 1137 2015 dixi·
1189 1949 1351 2015 nitudinis
1373 1971 1452 2016 suae
1474 1949 1601 2029 oblitos,
1623 1947 1663 2015 ad
1685 1949 1828 2015 humiles
1846 1949 2052 2017 descendere.
2086 1951 2169 2017 Plus

161 2056 242 2100 mus
273 2035 420 2100 omnium
448 2032 628 2099 haereseon
660 2040 800 2098 matrem
829 2052 916 2113 esse,
949 2035 998 2098 ita
1024 2055 1137 2100 eorum
1189 2054 1289 2115 quam
1314 2035 1416 2118 igitur
1444 2043 1654 2118 praepostera
1681 2035 1859 2100 humilium
1881 2037 2073 2119 arrogantia
2094 2037 2170 2114 erit,

162 2121 308 2198 vanitas,
333 2120 390 2201 qni
416 2140 452 2185 se
479 2117 599 2183 talibus
625 2118 793 2202 magistris
821 2118 996 2201 discipulos
1022 2119 1138 2185 adiun-
1190 2119 1218 2185 si
1240 2120 1324 2185 altos
1345 2119 1458 2185 efflare
1478 2121 1614 2203 spiritus
1631 2120 1796 2204 evangelii
1807 2128 1980 2202 praetextu
2001 2120 2169 2203 insipient

90 2218 95 2225 ·
162 2214 264 2289 gunt,
290 2203 407 2271 adeas
432 2203 589 2270 fovendas
615 2211 775 2287 perpetua
801 2215 852 2268 est
878 2204 1002 2270 nutrix.
1047 2204 1138 2286 Quo·
1188 2204 1303 2287 Neque
1325 2205 1413 2270 enim
1440 2205 1512 2272 iure
1539 2227 1599 2271 suo
1633 2205 1747 2289 magni
1775 2205 1890 2270 cedere
1926 2204 2101 2283 iubentur,
2132 2214 2171 2271 ιιι
2251 2231 2256 2239 ·

162 2292 226 2356 ties
247 2290 415 2374 spargitur
437 2309 529 2355 error
550 2289 705 2372 aliquisa
738 2289 1030 2373 pseudopropheta,
1053 2290 1138 2355 Moi-
1188 2290 1306 2356 abiecti
1328 2290 1449 2372 alioqui
1470 2289 1620 2357 homines
1638 2291 1688 2355 ius
1711 2289 1856 2356 alienum
1878 2297 2050 2440 usurgsut.
2085 2289 2171 2356 an-

160 2396 214 2442 ses
236 2377 357 2441 tentari
385 2397 444 2441 nos
472 2374 563 2454 dicit,
592 2394 636 2439 an
658 2373 840 2440 Dominum
868 2396 911 2440 ex
932 2374 1029 2440 corde
1049 2396 1137 2440 ame-
1189 2384 1314 2454 terum,
1343 2380 1418 2455 [pag.
1437 2380 1492 2454 ta]
1519 2375 1601 2442 haec
1629 2373 1778 2440 doctrina
1807 2397 1874 2441 non
1901 2395 1999 2440 moe
2030 2375 2172 2459 singulis

158 2482 237 2528 mus
256 2460 372 2547 (Dent
395 2465 444 2540 13,
463 2462 507 2543 3).
552 2459 721 2541 Quorsum
752 2459 801 2537 id,
835 2460 898 2526 nisi
930 2468 969 2525 ut
997 2461 1138 2527 sciamus
1188 2461 1286 2526 officii
1308 2461 1360 2526 sui
1381 2461 1488 2544 legem
1510 2460 1713 2544 praescribit,
1736 2459 1793 2526 sed
1815 2459 2050 2546 nobisquoquo
2073 2462 2172 2527 casti·

160 2567 231 2613 non
252 2546 333 2612 alios
356 2544 471 2613 abduci
494 2565 618 2629 epure
640 2544 803 2622 doctrina,
830 2566 929 2627 quam
977 2546 1013 2611 ui
1033 2546 1137 2628 pieta·
1189 2546 1339 2630 gationes
1366 2545 1572 2645 suppeditat,
1603 2565 1688 2629 quae
1716 2545 1946 2611 ferocientium
1967 2546 2171 2629 proterviam

158 2640 229 2698 tem
260 2631 345 2697 falsa
372 2631 572 2714 professione
609 2629 874 2697 mentiebantur?
907 2566 1027 2695 uriom
1058 2651 1137 2698 vero
1189 2630 1382 2696 retundant:
1411 2639 1538 2697 interea
1564 2631 1645 2697 mali
1672 2631 1771 2695 huius
1798 2629 1960 2696 invidiam
1987 2639 2030 2695 et⁴
2043 2632 2172 2697 crimen

159 2717 266 2784 firmis
296 2715 461 2784 radicibus
496 2718 599 2782 fixam
637 2716 718 2782 edco
750 2715 924 2782 machinae
956 2716 1039 2782 istae
1070 2737 1137 2782 non
1191 2717 1311 2782 avertit
1329 2715 1370 2782 ab
1393 2717 1573 2800 evangelio.
1617 2714 1709 2781 Fieri
1731 2714 1865 2799 quidem
1888 2716 1945 2782 vix
1966 2723 2090 2798 potest,
2109 2716 2169 2781 ubi

158 2809 333 2880 evertunt,
372 2809 410 2867 ut
441 2803 550 2884 potius
583 2801 655 2866 eius
685 2798 924 2866 firmitudinem
954 2801 1137 2867 illustrent:
1190 2801 1302 2867 miseri
1319 2802 1478 2881 homines,
1501 2801 1603 2866 nullis
1615 2802 1741 2884 opibus,
1763 2799 1857 2866 nulla
1874 2803 2061 2876 autoritate,
2080 2801 2172 2866 nullo

159 2886 438 2972 quemadmodum
460 2887 585 2952 Paulus
607 2885 834 2971 grassantibus
854 2886 890 2950 in
908 2887 1046 2953 ecclesia
1067 2907 1137 2952 sec·
1189 2887 1338 2970 ingenio,
1367 2887 1459 2952 nulla
1480 2887 1640 2971 dignitate
1667 2886 1760 2962 freti,
1790 2885 1890 2952 simul
1917 2906 1954 2951 ac
1983 2887 2110 2970 garrire
2131 2885 2173 2951 de

159 2975 205 3038 tis
237 2974 374 3055 eosqui
406 2971 534 3056 probati
566 2980 645 3037 sunt
678 2972 867 3038 manifestos
899 2970 992 3037 reddi
1023 2972 1138 3039 scribit
1190 2973 1360 3055 evangelio
1383 2971 1576 3052 didicerunt,
1601 2993 1637 3038 se
1658 2972 1802 3038 fastuose
1820 2971 1987 3055 ingerunt,
2010 2992 2078 3036 non
2100 2971 2172 3038 sine

159 3058 450 3140 (lOor.ll,19).
482 3057 559 3139 Quo
580 3058 691 3122 miuus
705 3057 828 3122 mirum
845 3064 905 3136 est,
928 3065 1029 3139 prout
1046 3058 1138 3123 affla-
1190 3057 1331 3122 eliorum
1358 3065 1566 3140 contemptu,
1595 3057 1675 3140 quin
1704 3056 1911 3123 stomachum
1941 3064 2034 3121 tanta
2061 3055 2172 3141 indig-

159 3145 213 3210 vit
234 3144 352 3227 aliquis
373 3162 481 3208 novae
501 3151 610 3209 sectae
632 3151 760 3221 ventus,
789 3142 950 3225 plurimos
971 3142 1037 3207 huo
1058 3142 1138 3208 illuc
1190 3143 1310 3207 nitasi
1359 3144 1453 3208 enuis
1470 3153 1504 3209 et
1514 3143 1657 3209 cordatis
1669 3141 1859 3209 hominibus
1877 3150 2018 3208 moveat
2054 3141 2172 3223 Quan-

159 3229 277 3308 dilabi,
306 3250 408 3311 quum
430 3228 618 3312 paucissimi
639 3228 781 3292 infixum
801 3228 836 3292 in
866 3229 993 3294 animis·
1005 3228 1073 3294 Dei
1095 3228 1138 3292 ti·
1213 3249 1289 3292 uam
1353 3249 1391 3294 eo
1409 3228 1548 3295 ridicula
1569 3235 1620 3294 est
1637 3228 1742 3294 bonae
1759 3228 1863 3310 partis
1881 3226 2031 3304 stultitia,
2055 3236 2093 3291 ut
2134 3249 2172 3292 u-

159 3336 286 3381 morem
309 3314 462 3379 habeent
506 3315 651 3378 Tantum
672 3313 765 3378 abest
785 3323 824 3377 ut
846 3332 905 3379 nos
928 3334 1002 3379 cum
1023 3312 1137 3378 multi·
1190 3248 1269 3378 gere
1290 3322 1324 3379 et
1344 3313 1570 3380 misericordia
1591 3315 1700 3396 potius
1714 3332 1773 3378 nos
1787 3312 1927 3389 afficere,
1950 3330 2050 3394 quam
2071 3249 2174 3391 bissm

160 3399 277 3465 tudine
298 3401 441 3465 titubare
463 3399 584 3465 deceat.
1189 3398 1283 3464 nobis
1305 3419 1483 3482 provocare
1505 3397 1629 3465 debeat.
1675 3399 1802 3463 Demus
1829 3406 1942 3462 tamen
1964 3416 2051 3474 esse,
2080 3396 2168 3478 quod

225 3483 477 3551 'Proterviondi
499 3504 614 3549 ansam
635 3505 677 3549 ex
701 3482 872 3567 evangelio
895 3484 1049 3566 arripere,
1071 3483 1138 3549 iam
1190 3504 1251 3549 nos
1278 3483 1374 3551 valde
1411 3484 1571 3550 offendat:
1606 3504 1649 3549 an
1678 3489 1793 3547 nostra
1824 3481 1982 3547 adversus
2014 3480 2168 3547 stolidam

159 3569 244 3635 olim
266 3570 376 3635 multis
396 3570 555 3634 usitatum
572 3569 643 3634 fuit.
688 3568 765 3634 Non
786 3568 844 3633 abs
866 3590 902 3633 re
925 3569 1021 3634 toties
1043 3589 1137 3652 apos·
1190 3568 1376 3651 superbiam
1408 3568 1607 3651 indignatio,
1640 3569 1675 3633 in
1706 3568 1817 3649 ipsum
1849 3566 1957 3630 omnis
1988 3565 2168 3631 modestiae

159 3654 231 3732 toli,
253 3677 296 3720 ne
317 3655 353 3719 in
374 3655 541 3721 licentiam
564 3655 672 3721 carnis
696 3661 844 3720 vertatur
864 3653 1008 3733 libertas,
1037 3655 1078 3720 de
1100 3675 1139 3718 ea
1190 3662 1340 3719 autorem
1360 3651 1529 3719 incurret?

158 3738 361 3806 moderanda
378 3742 591 3824 praecipiunt
624 3743 698 3819 [pag.
718 3744 770 3817 61]
791 3737 931 3822 Semper
952 3740 1137 3819 enimoaro,
1275 3740 1362 3805 Ecce
1384 3760 1426 3803 ex
1455 3739 1558 3803 altera
1579 3744 1672 3819 parte
1699 3736 1821 3802 multos
1850 3734 2015 3819 evangelii
2042 3735 2168 3819 proles-

159 3825 215 3892 vel
233 3825 371 3891 minima
388 3827 556 3892 occasione
568 3824 685 3903 oblata,
707 3824 819 3890 statim
839 3824 992 3890 exsultet.
1027 3826 1138 3908 Atque
1190 3825 1316 3889 sionem
1337 3822 1495 3889 dissoluta
1515 3823 1668 3906 turpique
1690 3822 1773 3897 vita,
1803 3829 1963 3904 quantum
1985 3821 2022 3885 in
2051 3841 2086 3886 se
2106 3830 2166 3900 est,

160 3920 200 3975 ut
222 3909 305 3976 dura
326 3922 376 3976 est
401 3920 435 3976 et
463 3912 607 3977 humano
635 3909 769 3993 ingenio
797 3910 962 3975 contraria
984 3910 1136 3987 servitus,
1189 3908 1366 3974 foedantes.
1411 3909 1509 3975 Unde
1542 3909 1641 3973 affine
1668 3908 1855 3991 proximol)
1886 3905 2080 3972 scandalum
2107 3926 2168 3970 na·

161 3995 249 4061 bona
270 4018 357 4079 pars,
379 3997 494 4078 quovis
515 3997 612 4061 modo
633 3995 914 4079 iugumexcutiet,
936 3995 1066 4059 beatam
1088 3995 1136 4061 vi·
1190 3995 1301 4060 scitur.
1347 3994 1393 4059 Et
1418 4002 1506 4060 certe
1532 4015 1635 4078 quum
1658 4013 1719 4058 nos
1749 3999 1863 4058 ssnote
1886 3992 2088 4075 honesteque
2116 3993 2168 4055 vi-

121 4156 122 4160 ,
161 4091 234 4146 tam
259 4082 295 4146 in
325 4102 362 4146 eo
390 4082 488 4147 sitam
517 4082 704 4146 arbitratur.
749 4081 822 4146 Hoc
856 4088 1030 4163 praetextu
1058 4079 1136 4144 olim
1189 4079 1296 4145 vendo
1316 4080 1526 4164 evangelium
1536 4099 1655 4145 ornare
1665 4077 1790 4144 Paulus
1809 4085 1947 4143 testetur
1965 4076 2044 4161 (uit
2058 4081 2088 4156 2,
2102 4081 2167 4160 lb),

162 4165 267 4245 servi,
296 4169 390 4249 quasi
418 4166 583 4250 evangelii
609 4167 782 4249 praeponis
809 4164 852 4230 ad
877 4166 1002 4248 pileum
1029 4166 1136 4232 vocati
1189 4164 1245 4246 qui
1267 4165 1329 4231 sibi
1350 4165 1436 4230 male
1465 4165 1597 4231 vivendi
1618 4164 1786 4230 licentiam
1807 4162 1998 4246 indulgent,
2029 4162 2168 4228 totidem
2237 4185 2240 4191 ·

161 4262 288 4330 essent,
327 4253 533 4318 contumacia
570 4251 805 4317 efferebantur:
851 4250 906 4315 alii
947 4271 1064 4334 regum
1103 4258 1137 4316 et
1188 4261 1268 4315 sunt
1299 4249 1535 4317 christianismi
1566 4251 1687 4333 probra
1719 4258 1753 4314 et
1786 4248 1942 4314 maculae.
1986 4247 2056 4314 Nec
2089 4269 2169 4314 vero

243 4337 419 4403 ‘tratuum
448 4335 646 4403 subiectione
675 4358 710 4402 se
733 4336 930 4401 eximebant.
976 4335 1137 4402 Similiter
1188 4334 1325 4400 dubium
1359 4346 1423 4414 est,
1458 4338 1538 4419 quin
1571 4333 1737 4401 horrenda
1769 4330 1928 4400 eiusmodi
1960 4355 2074 4399 omnes
2102 4335 2169 4400 Dei

161 4357 269 4487 m
282 4422 440 4506 permulti
462 4423 592 4488 infimae
604 4421 871 4499 sortishomines‚
894 4431 1136 4506 gustateevan-
1188 4421 1269 4486 ultio
1295 4432 1445 4498 maneat,
1478 4423 1534 4503 qui
1567 4421 1733 4503 perversis
1765 4421 1833 4485 suis
1862 4414 2008 4484 moribus
2035 4420 2169 4501 pietatis

163 4507 260 4589 gelio,
282 4507 463 4573 insolenter
483 4529 519 4573 se
539 4508 679 4574 iactant:
708 4506 824 4571 famuli
845 4507 928 4572 altos
949 4508 1136 4589 ferocesque
1189 4505 1370 4571 doctrinam
1391 4507 1562 4583 infamant,
1590 4515 1624 4571 et
1645 4526 1775 4571 sacrum
1797 4504 1862 4569 Dei
1885 4524 2007 4569 nomen
2026 4503 2170 4572 ludibrio

163 4592 298 4740 spiritus
330 4592 485 4658 induunt:
520 4593 704 4676 complures
731 4590 866 4675 pudoris
894 4612 932 4658 ac
959 4591 1137 4658 modestiae
1189 4598 1366 4673 exponunt.
1411 4590 1567 4657 Sentient
1582 4592 1666 4656 clim
1687 4610 1786 4673 quam
1812 4588 2019 4655 intolerabile
2041 4590 2085 4655 sit
2103 4591 2168 4658 cri-

161 4676 256 4742 oliti
287 4677 349 4744 sibi
381 4678 510 4761 quidvis
543 4698 617 4744 erro
662 4685 707 4743 nt.
752 4675 820 4743 Sed
853 4676 915 4743 hoc
946 4678 1136 4760 pessimum,
1188 4697 1275 4755 men,
1294 4684 1447 4743 sanctum
1464 4676 1627 4760 evangelii
1639 4675 1834 4742 thesaurum
1845 4676 2049 4757 profanasse:
2068 4696 2168 4757 quam

159 4761 250 4845 quod
271 4783 307 4828 se
328 4761 368 4829 ab
390 4764 494 4848 ipsius
516 4762 620 4831 Deio
642 4763 753 4846 sequio
778 4761 927 4846 plerique
952 4783 1020 4827 non
1043 4783 1137 4829 secus
1189 4782 1257 4827 non
1279 4762 1404 4827 frustra
1425 4762 1549 4827 dictum
1568 4762 1619 4838 sit,
1642 4782 1712 4826 non
1728 4761 1864 4843 impune
1881 4760 2007 4826 laturos
2029 4761 2085 4842 qui
2102 4759 2168 4823 Dei

158 4848 386 4932 emancipant,
416 4870 453 4915 ec
475 4849 504 4914 si
532 4869 592 4915 nos
614 4847 799 4932 adoptando
826 4848 863 4912 in
889 4848 972 4914 filios
993 4849 1137 4932 patrium
1189 4848 1322 4922 nomine
1344 4847 1436 4915 abusi
1457 4846 1581 4913 fuerint
1603 4846 1723 4931 (Exod.
1746 4852 1795 4925 20,
1816 4847 1860 4928 7).
1895 4844 2051 4911 Sentient
2067 4864 2168 4924 quam

157 4953 261 4997 omne
285 4935 337 4999 ius
358 4942 392 5001 et
412 4935 587 5018 imperium
615 4934 676 5000 sibi
699 4932 880 5018 abrogaret.
925 4934 1037 5000 Foeda
1059 4955 1138 4999 sane

1190 5068 1384 5207 lvssvgnlgissdd.
1402 5085 1436 5125 cn
1453 5084 1522 5124 nous
1540 5067 1666 5137 sergeant
1682 5083 1719 5121 un
1737 5064 1864 5121 scandala
1882 5063 1927 5131 qui
1944 5077 2014 5118 nous
2033 5065 2115 5120 retire
2134 5064 2173 5122 da

232 5206 262 5272 l)
280 5214 311 5261 ut
328 5215 393 5276 2οω
412 5248 419 5262 ·
438 5248 444 5261 ·
464 5247 469 5261 ·
489 5246 496 5261 .
513 5207 595 5267 fucrit
611 5207 695 5262 omitt.
713 5208 745 5260 ie
759 5206 868 5277 gallico.
1168 5248 1170 5253 ,
1259 5206 1290 5275 2)
1309 5205 1456 5262 semblable
1475 5207 1491 5261 i
1509 5204 1586 5275 celuy
1603 5204 1670 5260 dont
1687 5201 1739 5271 i'ay
1757 5214 1879 5270 nsguere
1893 5200 1978 5267 parle.

269 5291 379 5348 Gelani
393 5308 485 5362 opere
526 5293 582 5369 Vct
608 5290 693 5348 Vm.
1946 5284 1966 5339 4
