<?xml version="1.0" encoding="UTF-8"?>
<!DOCTYPE html PUBLIC "-//W3C//DTD XHTML 1.0 Transitional//EN"
    "http://www.w3.org/TR/xhtml1/DTD/xhtml1-transitional.dtd">
<html xmlns="http://www.w3.org/1999/xhtml" xml:lang="en" lang="en">
 <head>
  <title>
</title>
<meta http-equiv="Content-Type" content="text/html;charset=utf-8" />
  <meta name='ocr-system' content='tesseract 3.04.00' />
  <meta name='ocr-capabilities' content='ocr_page ocr_carea ocr_par ocr_line ocrx_word'/>
</head>
<body>
  <div class='ocr_page' id='page_1' title='image "./ioanniscalvinio02reusgoog_0014.png"; bbox 0 0 4762 5918; ppageno 0'>
   <div class='ocr_carea' id='block_1_1' title="bbox 843 1609 1500 1740">
    <p class='ocr_par' dir='ltr' id='par_1_1' title="bbox 843 1609 1500 1740">
     <span class='ocr_line' id='line_1_1' title="bbox 843 1609 1500 1740; baseline 0.002 -5"><span class='ocrx_word' id='word_1_1' title='bbox 843 1609 1500 1740; x_wconf 86' lang='lat' dir='ltr'>PROLEGOMENA.</span> 
     </span>
    </p>
   </div>
   <div class='ocr_carea' id='block_1_2' title="bbox 813 2022 1521 2358">
    <p class='ocr_par' dir='ltr' id='par_1_2' title="bbox 813 2022 1521 2358">
     <span class='ocr_line' id='line_1_2' title="bbox 966 2022 1372 2108; baseline -0.005 -1"><span class='ocrx_word' id='word_1_2' title='bbox 966 2022 1170 2108; x_wconf 78' lang='lat' dir='ltr'><strong>CAPUT</strong></span> <span class='ocrx_word' id='word_1_3' title='bbox 1201 2023 1372 2108; x_wconf 89' lang='lat' dir='ltr'><strong>XXVI.</strong></span> 
     </span>
     <span class='ocr_line' id='line_1_3' title="bbox 813 2252 1521 2358; baseline -0.006 -1"><span class='ocrx_word' id='word_1_4' title='bbox 813 2259 906 2357; x_wconf 88' lang='lat' dir='ltr'>DE</span> <span class='ocrx_word' id='word_1_5' title='bbox 934 2259 1315 2358; x_wconf 83' lang='lat' dir='ltr'>SCANDALIS.</span> <span class='ocrx_word' id='word_1_6' title='bbox 1371 2252 1521 2354; x_wconf 84' lang='lat'>1550.</span> 
     </span>
    </p>
   </div>
   <div class='ocr_carea' id='block_1_3' title="bbox 62 2512 2277 5172">
    <p class='ocr_par' dir='ltr' id='par_1_3' title="bbox 159 2512 2277 3601">
     <span class='ocr_line' id='line_1_4' title="bbox 315 2512 2181 2600; baseline 0.001 -20"><span class='ocrx_word' id='word_1_7' title='bbox 315 2516 367 2580; x_wconf 93' lang='lat' dir='ltr'>De</span> <span class='ocrx_word' id='word_1_8' title='bbox 394 2514 572 2593; x_wconf 88' lang='lat' dir='ltr'>scandalis,</span> <span class='ocrx_word' id='word_1_9' title='bbox 601 2514 719 2597; x_wconf 85' lang='lat' dir='ltr'>quibus</span> <span class='ocrx_word' id='word_1_10' title='bbox 748 2536 808 2579; x_wconf 90' lang='lat' dir='ltr'>suo</span> <span class='ocrx_word' id='word_1_11' title='bbox 838 2522 985 2595; x_wconf 89' lang='lat' dir='ltr'>tempore</span> <span class='ocrx_word' id='word_1_12' title='bbox 1008 2512 1105 2577; x_wconf 89' lang='lat' dir='ltr'>multi</span> <span class='ocrx_word' id='word_1_13' title='bbox 1134 2514 1400 2597; x_wconf 84' lang='lat' dir='ltr'>impediebantur</span> <span class='ocrx_word' id='word_1_14' title='bbox 1429 2515 1603 2598; x_wconf 84' lang='lat' dir='ltr'>quominus</span> <span class='ocrx_word' id='word_1_15' title='bbox 1632 2515 1757 2598; x_wconf 87' lang='lat' dir='ltr'>puriori</span> <span class='ocrx_word' id='word_1_16' title='bbox 1780 2516 1953 2600; x_wconf 85' lang='lat' dir='ltr'>evaugelio</span> <span class='ocrx_word' id='word_1_17' title='bbox 1972 2516 2181 2598; x_wconf 73' lang='lat' dir='ltr'>accederent,</span> 
     </span>
     <span class='ocr_line' id='line_1_5' title="bbox 160 2624 2182 2709; baseline 0 -15"><span class='ocrx_word' id='word_1_18' title='bbox 160 2627 325 2695; x_wconf 88' lang='lat' dir='ltr'>scribendi</span> <span class='ocrx_word' id='word_1_19' title='bbox 348 2626 520 2693; x_wconf 87' lang='lat' dir='ltr'>eonsilium</span> <span class='ocrx_word' id='word_1_20' title='bbox 543 2627 667 2709; x_wconf 83' lang='lat' dir='ltr'>cepisse</span> <span class='ocrx_word' id='word_1_21' title='bbox 689 2625 821 2690; x_wconf 90' lang='lat' dir='ltr'>videtur</span> <span class='ocrx_word' id='word_1_22' title='bbox 843 2624 1012 2702; x_wconf 83' lang='lat' dir='ltr'>Calvinus,</span> <span class='ocrx_word' id='word_1_23' title='bbox 1032 2624 1163 2689; x_wconf 86' lang='lat' dir='ltr'>biennio</span> <span class='ocrx_word' id='word_1_24' title='bbox 1184 2627 1252 2690; x_wconf 88' lang='lat' dir='ltr'>fere</span> <span class='ocrx_word' id='word_1_25' title='bbox 1274 2636 1448 2709; x_wconf 87' lang='lat' dir='ltr'>postquam</span> <span class='ocrx_word' id='word_1_26' title='bbox 1471 2627 1619 2692; x_wconf 90' lang='lat' dir='ltr'>libellum</span> <span class='ocrx_word' id='word_1_27' title='bbox 1637 2649 1736 2691; x_wconf 93' lang='lat' dir='ltr'>suum</span> <span class='ocrx_word' id='word_1_28' title='bbox 1755 2626 1915 2693; x_wconf 80' lang='lat' dir='ltr'>adversus</span> <span class='ocrx_word' id='word_1_29' title='bbox 1933 2627 2182 2694; x_wconf 89' lang='lat' dir='ltr'>Pseudo-Nico·</span> 
     </span>
     <span class='ocr_line' id='line_1_6' title="bbox 160 2735 2178 2823; baseline 0 -18"><span class='ocrx_word' id='word_1_30' title='bbox 160 2737 273 2804; x_wconf 91' lang='lat' dir='ltr'>demos</span> <span class='ocrx_word' id='word_1_31' title='bbox 294 2739 440 2823; x_wconf 90' lang='lat' dir='ltr'>primum</span> <span class='ocrx_word' id='word_1_32' title='bbox 462 2737 620 2802; x_wconf 83' lang='lat' dir='ltr'>ediderat.</span> <span class='ocrx_word' id='word_1_33' title='bbox 664 2736 788 2801; x_wconf 77' lang='lat' dir='ltr'>Scribit</span> <span class='ocrx_word' id='word_1_34' title='bbox 809 2738 897 2800; x_wconf 90' lang='lat' dir='ltr'>enim</span> <span class='ocrx_word' id='word_1_35' title='bbox 922 2736 963 2799; x_wconf 92' lang='lat' dir='ltr'>ad</span> <span class='ocrx_word' id='word_1_36' title='bbox 986 2737 1155 2801; x_wconf 83' lang='lat' dir='ltr'>Farellum</span> <span class='ocrx_word' id='word_1_37' title='bbox 1178 2758 1291 2802; x_wconf 90' lang='lat' dir='ltr'>meuse</span> <span class='ocrx_word' id='word_1_38' title='bbox 1313 2735 1501 2819; x_wconf 81' lang='lat' dir='ltr'>Septembri</span> <span class='ocrx_word' id='word_1_39' title='bbox 1523 2760 1552 2805; x_wconf 89' lang='lat' dir='ltr'>a.</span> <span class='ocrx_word' id='word_1_40' title='bbox 1580 2742 1661 2802; x_wconf 90' lang='grc'><strong>1546</strong></span> <span class='ocrx_word' id='word_1_41' title='bbox 1685 2737 1781 2822; x_wconf 81' lang='lat' dir='ltr'>(cod.</span> <span class='ocrx_word' id='word_1_42' title='bbox 1800 2739 2024 2804; x_wconf 71' lang='grc'><strong>(1511155404</strong></span> <span class='ocrx_word' id='word_1_43' title='bbox 2041 2740 2178 2820; x_wconf 72' lang='lat' dir='ltr'>soum:</span> 
     </span>
     <span class='ocr_line' id='line_1_7' title="bbox 161 2848 2180 2936; baseline 0.001 -21"><span class='ocrx_word' id='word_1_44' title='bbox 161 2850 317 2915; x_wconf 76' lang='lat' dir='ltr'>Libellum</span> <span class='ocrx_word' id='word_1_45' title='bbox 338 2851 376 2915; x_wconf 92' lang='lat' dir='ltr'>de</span> <span class='ocrx_word' id='word_1_46' title='bbox 397 2849 559 2915; x_wconf 78' lang='lat' dir='ltr'>scandalis</span> <span class='ocrx_word' id='word_1_47' title='bbox 580 2848 806 2913; x_wconf 81' lang='lat' dir='ltr'>luclroaceram.</span> <span class='ocrx_word' id='word_1_48' title='bbox 851 2848 997 2913; x_wconf 84' lang='lat' dir='ltr'>Aliicere</span> <span class='ocrx_word' id='word_1_49' title='bbox 1018 2855 1140 2912; x_wconf 81' lang='lat' dir='ltr'>coactus</span> <span class='ocrx_word' id='word_1_50' title='bbox 1162 2869 1243 2912; x_wconf 84' lang='lat' dir='ltr'>sum.</span> <span class='ocrx_word' id='word_1_51' title='bbox 1293 2849 1454 2930; x_wconf 78' lang='lat' dir='ltr'>Quidquid</span> <span class='ocrx_word' id='word_1_52' title='bbox 1476 2849 1644 2930; x_wconf 76' lang='lat' dir='ltr'>tentabam,</span> <span class='ocrx_word' id='word_1_53' title='bbox 1672 2851 1794 2916; x_wconf 78' lang='lat' dir='ltr'>carebat</span> <span class='ocrx_word' id='word_1_54' title='bbox 1816 2870 1967 2914; x_wconf 80' lang='lat' dir='ltr'>successu.</span> <span class='ocrx_word' id='word_1_55' title='bbox 2011 2850 2059 2915; x_wconf 85' lang='lat' dir='ltr'>Et</span> <span class='ocrx_word' id='word_1_56' title='bbox 2079 2853 2180 2936; x_wconf 91' lang='lat' dir='ltr'>paulo</span> 
     </span>
     <span class='ocr_line' id='line_1_8' title="bbox 159 2953 2277 3054; baseline 0 -27"><span class='ocrx_word' id='word_1_57' title='bbox 159 2969 246 3045; x_wconf 90' lang='lat' dir='ltr'>post,</span> <span class='ocrx_word' id='word_1_58' title='bbox 280 2982 399 3044; x_wconf 88' lang='lat' dir='ltr'>nempe</span> <span class='ocrx_word' id='word_1_59' title='bbox 424 2982 452 3026; x_wconf 91' lang='grc'>5.</span> <span class='ocrx_word' id='word_1_60' title='bbox 477 2960 507 3026; x_wconf 89' lang='grc'>(1.</span> <span class='ocrx_word' id='word_1_61' title='bbox 530 2959 590 3054; x_wconf 85' lang='lat' dir='ltr'>VI.</span> <span class='ocrx_word' id='word_1_62' title='bbox 614 2981 718 3025; x_wconf 87' lang='lat' dir='ltr'>nonas</span> <span class='ocrx_word' id='word_1_63' title='bbox 740 2959 900 3025; x_wconf 81' lang='lat' dir='ltr'>Octobres</span> <span class='ocrx_word' id='word_1_64' title='bbox 923 2958 1125 3023; x_wconf 88' lang='lat' dir='ltr'>adeundam</span> <span class='ocrx_word' id='word_1_65' title='bbox 1150 2959 1244 3039; x_wconf 83' lang='lat' dir='ltr'>(Ood.</span> <span class='ocrx_word' id='word_1_66' title='bbox 1267 2959 1392 3024; x_wconf 82' lang='lat' dir='ltr'>Gener.</span> <span class='ocrx_word' id='word_1_67' title='bbox 1420 2964 1479 3024; x_wconf 87' lang='grc'>106</span> <span class='ocrx_word' id='word_1_68' title='bbox 1502 2960 1573 3026; x_wconf 86' lang='lat' dir='ltr'>Fol.</span> <span class='ocrx_word' id='word_1_69' title='bbox 1601 2964 1691 3039; x_wconf 83' lang='lat'>173):</span> <span class='ocrx_word' id='word_1_70' title='bbox 1741 2961 1934 3043; x_wconf 75' lang='lat' dir='ltr'>opusculum</span> <span class='ocrx_word' id='word_1_71' title='bbox 1957 2961 1995 3026; x_wconf 88' lang='lat' dir='ltr'>de</span> <span class='ocrx_word' id='word_1_72' title='bbox 2016 2963 2180 3028; x_wconf 80' lang='grc'><strong>5555515115</strong></span> <span class='ocrx_word' id='word_1_73' title='bbox 2271 2953 2277 2963; x_wconf 79' lang='grc'><strong>’</strong></span> 
     </span>
     <span class='ocr_line' id='line_1_9' title="bbox 159 3071 2178 3155; baseline 0 -16"><span class='ocrx_word' id='word_1_74' title='bbox 159 3073 346 3153; x_wconf 85' lang='lat' dir='ltr'>iucdoalum,</span> <span class='ocrx_word' id='word_1_75' title='bbox 368 3073 444 3154; x_wconf 79' lang='lat' dir='ltr'>quia</span> <span class='ocrx_word' id='word_1_76' title='bbox 465 3093 526 3138; x_wconf 89' lang='grc'>555</span> <span class='ocrx_word' id='word_1_77' title='bbox 548 3093 588 3136; x_wconf 83' lang='grc'>55</span> <span class='ocrx_word' id='word_1_78' title='bbox 609 3077 675 3137; x_wconf 88' lang='grc'><strong>5515</strong></span> <span class='ocrx_word' id='word_1_79' title='bbox 693 3073 808 3151; x_wconf 77' lang='lat' dir='ltr'>daebal</span> <span class='ocrx_word' id='word_1_80' title='bbox 829 3072 941 3153; x_wconf 68' lang='grc'><strong>515155·</strong></span> <span class='ocrx_word' id='word_1_81' title='bbox 962 3071 1004 3135; x_wconf 91' lang='lat' dir='ltr'>ad</span> <span class='ocrx_word' id='word_1_82' title='bbox 1024 3076 1145 3152; x_wconf 81' lang='lat' dir='ltr'>tempus</span> <span class='ocrx_word' id='word_1_83' title='bbox 1167 3071 1332 3148; x_wconf 77' lang='lat' dir='ltr'>intermisi,</span> <span class='ocrx_word' id='word_1_84' title='bbox 1353 3090 1408 3136; x_wconf 87' lang='grc'>555</span> <span class='ocrx_word' id='word_1_85' title='bbox 1429 3091 1584 3137; x_wconf 76' lang='lat' dir='ltr'>resumere</span> <span class='ocrx_word' id='word_1_86' title='bbox 1606 3077 1650 3138; x_wconf 81' lang='lat' dir='ltr'>est</span> <span class='ocrx_word' id='word_1_87' title='bbox 1671 3074 1807 3151; x_wconf 79' lang='lat' dir='ltr'>culmus,</span> <span class='ocrx_word' id='word_1_88' title='bbox 1830 3074 1926 3139; x_wconf 88' lang='lat' dir='ltr'>douae</span> <span class='ocrx_word' id='word_1_89' title='bbox 1949 3074 2112 3155; x_wconf 78' lang='lat' dir='ltr'>epistolam</span> <span class='ocrx_word' id='word_1_90' title='bbox 2134 3076 2178 3140; x_wconf 92' lang='lat' dir='ltr'>ad</span> 
     </span>
     <span class='ocr_line' id='line_1_10' title="bbox 161 3168 2179 3267; baseline 0 -17"><span class='ocrx_word' id='word_1_91' title='bbox 161 3184 302 3251; x_wconf 76' lang='lat' dir='ltr'>Galatae</span> <span class='ocrx_word' id='word_1_92' title='bbox 324 3185 366 3250; x_wconf 89' lang='lat' dir='ltr'>ad</span> <span class='ocrx_word' id='word_1_93' title='bbox 384 3185 480 3266; x_wconf 73' lang='lat' dir='ltr'>duem</span> <span class='ocrx_word' id='word_1_94' title='bbox 496 3204 595 3266; x_wconf 77' lang='lat' dir='ltr'>mque</span> <span class='ocrx_word' id='word_1_95' title='bbox 607 3184 795 3264; x_wconf 75' lang='lat' dir='ltr'>pmduaem.</span> <span class='ocrx_word' id='word_1_96' title='bbox 829 3182 922 3262; x_wconf 72' lang='lat' dir='ltr'>Quae</span> <span class='ocrx_word' id='word_1_97' title='bbox 945 3181 1076 3264; x_wconf 91' lang='lat' dir='ltr'>quidem</span> <span class='ocrx_word' id='word_1_98' title='bbox 1099 3202 1127 3246; x_wconf 82' lang='lat' dir='ltr'>a.</span> <span class='ocrx_word' id='word_1_99' title='bbox 1148 3187 1228 3245; x_wconf 86' lang='grc'><strong>1548</strong></span> <span class='ocrx_word' id='word_1_100' title='bbox 1251 3168 1486 3249; x_wconf 82' lang='grc'><strong>1555155555</strong></span> <span class='ocrx_word' id='word_1_101' title='bbox 1509 3183 1582 3249; x_wconf 86' lang='grc'><strong>51115</strong></span> <span class='ocrx_word' id='word_1_102' title='bbox 1601 3184 1772 3249; x_wconf 90' lang='lat' dir='ltr'>nonnullis</span> <span class='ocrx_word' id='word_1_103' title='bbox 1794 3183 1938 3267; x_wconf 84' lang='lat' dir='ltr'>paulinis</span> <span class='ocrx_word' id='word_1_104' title='bbox 1955 3184 2063 3251; x_wconf 87' lang='lat' dir='ltr'>lucem</span> <span class='ocrx_word' id='word_1_105' title='bbox 2081 3184 2179 3251; x_wconf 88' lang='lat' dir='ltr'>vidit:</span> 
     </span>
     <span class='ocr_line' id='line_1_11' title="bbox 160 3288 2257 3387; baseline -0.001 -25"><span class='ocrx_word' id='word_1_106' title='bbox 160 3296 202 3363; x_wconf 88' lang='lat' dir='ltr'>de</span> <span class='ocrx_word' id='word_1_107' title='bbox 221 3297 278 3361; x_wconf 92' lang='lat' dir='ltr'>illo</span> <span class='ocrx_word' id='word_1_108' title='bbox 300 3303 409 3361; x_wconf 88' lang='lat' dir='ltr'>autem</span> <span class='ocrx_word' id='word_1_109' title='bbox 437 3295 594 3379; x_wconf 90' lang='lat' dir='ltr'>opusculo</span> <span class='ocrx_word' id='word_1_110' title='bbox 624 3295 822 3359; x_wconf 89' lang='lat' dir='ltr'>altissimum</span> <span class='ocrx_word' id='word_1_111' title='bbox 850 3294 1020 3359; x_wconf 89' lang='lat' dir='ltr'>silentium</span> <span class='ocrx_word' id='word_1_112' title='bbox 1048 3315 1151 3376; x_wconf 91' lang='lat' dir='ltr'>usque</span> <span class='ocrx_word' id='word_1_113' title='bbox 1179 3292 1221 3358; x_wconf 89' lang='lat' dir='ltr'>ad</span> <span class='ocrx_word' id='word_1_114' title='bbox 1248 3315 1373 3358; x_wconf 89' lang='lat' dir='ltr'>annum</span> <span class='ocrx_word' id='word_1_115' title='bbox 1403 3288 1496 3358; x_wconf 81' lang='lat'>1550&#39;</span> <span class='ocrx_word' id='word_1_116' title='bbox 1516 3302 1716 3380; x_wconf 85' lang='lat' dir='ltr'>vergentem.</span> <span class='ocrx_word' id='word_1_117' title='bbox 1760 3294 1837 3376; x_wconf 77' lang='lat' dir='ltr'>Quo</span> <span class='ocrx_word' id='word_1_118' title='bbox 1860 3316 1947 3361; x_wconf 91' lang='lat' dir='ltr'>auno</span> <span class='ocrx_word' id='word_1_119' title='bbox 1975 3317 2002 3360; x_wconf 85' lang='lat' dir='ltr'>a</span> <span class='ocrx_word' id='word_1_120' title='bbox 2028 3295 2057 3360; x_wconf 97' lang='lat' dir='ltr'>d.</span> <span class='ocrx_word' id='word_1_121' title='bbox 2081 3296 2179 3361; x_wconf 87' lang='lat' dir='ltr'>XIV.</span> <span class='ocrx_word' id='word_1_122' title='bbox 2255 3381 2257 3387; x_wconf 28' lang='grc' dir='ltr'>Ι</span> 
     </span>
     <span class='ocr_line' id='line_1_12' title="bbox 162 3390 2180 3491; baseline 0 -18"><span class='ocrx_word' id='word_1_123' title='bbox 162 3390 232 3474; x_wconf 73' lang='lat' dir='ltr'>Oa.</span> <span class='ocrx_word' id='word_1_124' title='bbox 251 3406 341 3491; x_wconf 80' lang='lat' dir='ltr'>Sept.</span> <span class='ocrx_word' id='word_1_125' title='bbox 365 3406 406 3471; x_wconf 85' lang='lat' dir='ltr'>ad</span> <span class='ocrx_word' id='word_1_126' title='bbox 422 3406 593 3472; x_wconf 81' lang='lat' dir='ltr'>Farellum</span> <span class='ocrx_word' id='word_1_127' title='bbox 612 3406 652 3471; x_wconf 93' lang='lat' dir='ltr'>de</span> <span class='ocrx_word' id='word_1_128' title='bbox 675 3405 789 3472; x_wconf 89' lang='lat' dir='ltr'>eadem</span> <span class='ocrx_word' id='word_1_129' title='bbox 810 3409 858 3470; x_wconf 89' lang='lat' dir='ltr'>ita</span> <span class='ocrx_word' id='word_1_130' title='bbox 877 3405 990 3471; x_wconf 84' lang='lat' dir='ltr'>scribit</span> <span class='ocrx_word' id='word_1_131' title='bbox 1007 3414 1045 3469; x_wconf 96' lang='grc'>51</span> <span class='ocrx_word' id='word_1_132' title='bbox 1066 3405 1119 3471; x_wconf 87' lang='lat' dir='ltr'>vel</span> <span class='ocrx_word' id='word_1_133' title='bbox 1142 3426 1247 3488; x_wconf 92' lang='lat' dir='ltr'>nuper</span> <span class='ocrx_word' id='word_1_134' title='bbox 1268 3406 1464 3485; x_wconf 88' lang='lat' dir='ltr'>absolutum,</span> <span class='ocrx_word' id='word_1_135' title='bbox 1486 3406 1542 3471; x_wconf 84' lang='lat' dir='ltr'>vel</span> <span class='ocrx_word' id='word_1_136' title='bbox 1563 3428 1641 3471; x_wconf 81' lang='lat' dir='ltr'>mox</span> <span class='ocrx_word' id='word_1_137' title='bbox 1663 3404 1901 3472; x_wconf 81' lang='lat' dir='ltr'>absolirendum</span> <span class='ocrx_word' id='word_1_138' title='bbox 1922 3407 2023 3472; x_wconf 88' lang='lat' dir='ltr'>fuisse</span> <span class='ocrx_word' id='word_1_139' title='bbox 2046 3406 2180 3474; x_wconf 83' lang='lat' dir='ltr'>dixeris.</span> 
     </span>
     <span class='ocr_line' id='line_1_13' title="bbox 161 3517 2180 3601; baseline -0 -16"><span class='ocrx_word' id='word_1_140' title='bbox 161 3519 304 3585; x_wconf 72' lang='lat' dir='ltr'>Im&#39;bellus</span> <span class='ocrx_word' id='word_1_141' title='bbox 324 3519 558 3598; x_wconf 69' lang='lat' dir='ltr'>descenderim,</span> <span class='ocrx_word' id='word_1_142' title='bbox 588 3520 648 3597; x_wconf 88' lang='lat' dir='ltr'>ait,</span> <span class='ocrx_word' id='word_1_143' title='bbox 673 3540 734 3600; x_wconf 80' lang='lat' dir='ltr'>pra</span> <span class='ocrx_word' id='word_1_144' title='bbox 756 3520 909 3582; x_wconf 79' lang='lat' dir='ltr'>immensa</span> <span class='ocrx_word' id='word_1_145' title='bbox 932 3518 1107 3601; x_wconf 73' lang='lat' dir='ltr'>urpummli</span> <span class='ocrx_word' id='word_1_146' title='bbox 1129 3519 1219 3599; x_wconf 75' lang='lat' dir='ltr'>copia</span> <span class='ocrx_word' id='word_1_147' title='bbox 1239 3537 1300 3581; x_wconf 90' lang='grc'>555</span> <span class='ocrx_word' id='word_1_148' title='bbox 1321 3518 1410 3582; x_wconf 85' lang='lat' dir='ltr'>mado</span> <span class='ocrx_word' id='word_1_149' title='bbox 1432 3517 1533 3582; x_wconf 83' lang='lat' dir='ltr'>bracla</span> <span class='ocrx_word' id='word_1_150' title='bbox 1554 3519 1609 3582; x_wconf 87' lang='lat' dir='ltr'>sed</span> <span class='ocrx_word' id='word_1_151' title='bbox 1629 3519 1725 3583; x_wconf 82' lang='lat' dir='ltr'>etiam</span> <span class='ocrx_word' id='word_1_152' title='bbox 1748 3518 1888 3582; x_wconf 81' lang='lat' dir='ltr'>concisus</span> <span class='ocrx_word' id='word_1_153' title='bbox 1908 3517 1975 3583; x_wconf 83' lang='lat' dir='ltr'>erll.</span> <span class='ocrx_word' id='word_1_154' title='bbox 2020 3518 2077 3582; x_wconf 89' lang='lat' dir='ltr'>Ad</span> <span class='ocrx_word' id='word_1_155' title='bbox 2098 3518 2180 3584; x_wconf 87' lang='lat' dir='ltr'>lmuc</span> 
     </span>
    </p>

    <p class='ocr_par' dir='ltr' id='par_1_4' title="bbox 98 3628 2261 4829">
     <span class='ocr_line' id='line_1_14' title="bbox 98 3628 2179 3715; baseline 0 -21"><span class='ocrx_word' id='word_1_156' title='bbox 98 3681 106 3694; x_wconf 87' lang='lat'>.</span> <span class='ocrx_word' id='word_1_157' title='bbox 156 3651 254 3715; x_wconf 79' lang='lat' dir='ltr'>porro</span> <span class='ocrx_word' id='word_1_158' title='bbox 275 3630 452 3696; x_wconf 77' lang='lat' dir='ltr'>clausulam</span> <span class='ocrx_word' id='word_1_159' title='bbox 473 3631 580 3694; x_wconf 84' lang='lat' dir='ltr'>omma</span> <span class='ocrx_word' id='word_1_160' title='bbox 602 3630 789 3711; x_wconf 78' lang='lat' dir='ltr'>referentur:</span> <span class='ocrx_word' id='word_1_161' title='bbox 816 3649 877 3694; x_wconf 87' lang='grc'>555</span> <span class='ocrx_word' id='word_1_162' title='bbox 900 3650 965 3694; x_wconf 84' lang='lat' dir='ltr'>esee</span> <span class='ocrx_word' id='word_1_163' title='bbox 986 3649 1042 3694; x_wconf 88' lang='lat' dir='ltr'>cur</span> <span class='ocrx_word' id='word_1_164' title='bbox 1068 3629 1289 3694; x_wconf 76' lang='lat' dir='ltr'>scandalorum</span> <span class='ocrx_word' id='word_1_165' title='bbox 1308 3633 1473 3713; x_wconf 76' lang='lat' dir='ltr'>praetextu</span> <span class='ocrx_word' id='word_1_166' title='bbox 1494 3629 1688 3710; x_wconf 72' lang='grc'><strong>5555551555</strong></span> <span class='ocrx_word' id='word_1_167' title='bbox 1710 3628 1864 3711; x_wconf 78' lang='lat' dir='ltr'>infamem</span> <span class='ocrx_word' id='word_1_168' title='bbox 1884 3630 2088 3711; x_wconf 72' lang='lat' dir='ltr'>odiosumque</span> <span class='ocrx_word' id='word_1_169' title='bbox 2109 3631 2179 3696; x_wconf 80' lang='lat' dir='ltr'>red·</span> 
     </span>
     <span class='ocr_line' id='line_1_15' title="bbox 161 3727 2180 3822; baseline -0 -13"><span class='ocrx_word' id='word_1_170' title='bbox 161 3727 240 3809; x_wconf 78' lang='lat' dir='ltr'>dard</span> <span class='ocrx_word' id='word_1_171' title='bbox 266 3742 415 3822; x_wconf 77' lang='lat' dir='ltr'>improbi,</span> <span class='ocrx_word' id='word_1_172' title='bbox 448 3742 592 3822; x_wconf 76' lang='lat' dir='ltr'>infirmos</span> <span class='ocrx_word' id='word_1_173' title='bbox 619 3747 722 3806; x_wconf 85' lang='lat' dir='ltr'>autem</span> <span class='ocrx_word' id='word_1_174' title='bbox 749 3741 857 3820; x_wconf 81' lang='lat' dir='ltr'>debere</span> <span class='ocrx_word' id='word_1_175' title='bbox 883 3744 1022 3806; x_wconf 81' lang='lat' dir='ltr'>oruuitos</span> <span class='ocrx_word' id='word_1_176' title='bbox 1047 3761 1125 3819; x_wconf 75' lang='grc'><strong>5555,</strong></span> <span class='ocrx_word' id='word_1_177' title='bbox 1153 3745 1187 3804; x_wconf 79' lang='lat' dir='ltr'>ul</span> <span class='ocrx_word' id='word_1_178' title='bbox 1216 3741 1371 3821; x_wconf 80' lang='lat' dir='ltr'>quidquid</span> <span class='ocrx_word' id='word_1_179' title='bbox 1397 3740 1618 3805; x_wconf 76' lang='lat' dir='ltr'>scartdalarum</span> <span class='ocrx_word' id='word_1_180' title='bbox 1644 3741 1748 3805; x_wconf 82' lang='grc'><strong>5511511</strong></span> <span class='ocrx_word' id='word_1_181' title='bbox 1775 3740 1876 3805; x_wconf 79' lang='lat' dir='ltr'>Salam</span> <span class='ocrx_word' id='word_1_182' title='bbox 1900 3741 1977 3821; x_wconf 75' lang='lat' dir='ltr'>[idei</span> <span class='ocrx_word' id='word_1_183' title='bbox 2004 3744 2180 3808; x_wconf 76' lang='lat' dir='ltr'>musicalia</span> 
     </span>
     <span class='ocr_line' id='line_1_16' title="bbox 161 3851 2178 3937; baseline -0.001 -17"><span class='ocrx_word' id='word_1_184' title='bbox 161 3859 316 3937; x_wconf 78' lang='lat' dir='ltr'>supererat.</span> <span class='ocrx_word' id='word_1_185' title='bbox 351 3853 401 3933; x_wconf 49' lang='lat' dir='ltr'>,st</span> <span class='ocrx_word' id='word_1_186' title='bbox 423 3854 536 3935; x_wconf 78' lang='lat' dir='ltr'>quise</span> <span class='ocrx_word' id='word_1_187' title='bbox 559 3859 641 3919; x_wconf 78' lang='grc'><strong>55515</strong></span> <span class='ocrx_word' id='word_1_188' title='bbox 662 3855 717 3918; x_wconf 89' lang='grc'>515</span> <span class='ocrx_word' id='word_1_189' title='bbox 739 3855 908 3932; x_wconf 81' lang='lat' dir='ltr'>auertitur,</span> <span class='ocrx_word' id='word_1_190' title='bbox 931 3853 980 3917; x_wconf 90' lang='grc'>551</span> <span class='ocrx_word' id='word_1_191' title='bbox 1001 3853 1160 3933; x_wconf 76' lang='lat' dir='ltr'>impiupil,</span> <span class='ocrx_word' id='word_1_192' title='bbox 1183 3851 1366 3932; x_wconf 75' lang='grc'><strong>5511151151,</strong></span> <span class='ocrx_word' id='word_1_193' title='bbox 1388 3853 1435 3917; x_wconf 82' lang='lat' dir='ltr'>sic</span> <span class='ocrx_word' id='word_1_194' title='bbox 1456 3853 1580 3933; x_wconf 79' lang='lat' dir='ltr'>culpam</span> <span class='ocrx_word' id='word_1_195' title='bbox 1602 3854 1765 3931; x_wconf 76' lang='lat' dir='ltr'>sustinere,</span> <span class='ocrx_word' id='word_1_196' title='bbox 1787 3857 1823 3916; x_wconf 86' lang='lat' dir='ltr'>ul</span> <span class='ocrx_word' id='word_1_197' title='bbox 1844 3854 2043 3918; x_wconf 78' lang='lat' dir='ltr'>excusatione</span> <span class='ocrx_word' id='word_1_198' title='bbox 2064 3861 2178 3920; x_wconf 85' lang='lat' dir='ltr'>careal.</span> 
     </span>
     <span class='ocr_line' id='line_1_17' title="bbox 164 3957 2179 4046; baseline 0 -15"><span class='ocrx_word' id='word_1_199' title='bbox 164 3966 271 4032; x_wconf 79' lang='lat' dir='ltr'>Simul</span> <span class='ocrx_word' id='word_1_200' title='bbox 298 3970 400 4029; x_wconf 85' lang='lat' dir='ltr'>lamm</span> <span class='ocrx_word' id='word_1_201' title='bbox 426 3966 550 4030; x_wconf 75' lang='lat' dir='ltr'>ostendo</span> <span class='ocrx_word' id='word_1_202' title='bbox 578 3985 674 4046; x_wconf 80' lang='lat' dir='ltr'>quam</span> <span class='ocrx_word' id='word_1_203' title='bbox 700 3965 863 4029; x_wconf 78' lang='lat' dir='ltr'>horribilis</span> <span class='ocrx_word' id='word_1_204' title='bbox 890 3964 955 4028; x_wconf 84' lang='lat' dir='ltr'>Dei</span> <span class='ocrx_word' id='word_1_205' title='bbox 982 3963 1058 4027; x_wconf 85' lang='lat' dir='ltr'>ultio</span> <span class='ocrx_word' id='word_1_206' title='bbox 1080 3957 1206 4027; x_wconf 85' lang='lat' dir='ltr'>maueal</span> <span class='ocrx_word' id='word_1_207' title='bbox 1233 3964 1458 4029; x_wconf 83' lang='lat' dir='ltr'>scuudclorum</span> <span class='ocrx_word' id='word_1_208' title='bbox 1482 3969 1615 4028; x_wconf 81' lang='lat' dir='ltr'>autores.</span> <span class='ocrx_word' id='word_1_209' title='bbox 1667 3961 1763 4046; x_wconf 85' lang='lat' dir='ltr'>(Ood.</span> <span class='ocrx_word' id='word_1_210' title='bbox 1793 3964 1894 4029; x_wconf 80' lang='lat' dir='ltr'>Goth.</span> <span class='ocrx_word' id='word_1_211' title='bbox 1925 3970 1988 4028; x_wconf 88' lang='grc'>404</span> <span class='ocrx_word' id='word_1_212' title='bbox 2014 3964 2086 4031; x_wconf 81' lang='lat' dir='ltr'>Fal.</span> <span class='ocrx_word' id='word_1_213' title='bbox 2114 3972 2179 4044; x_wconf 89' lang='grc'><strong>10.)</strong></span> 
     </span>
     <span class='ocr_line' id='line_1_18' title="bbox 163 4074 2178 4158; baseline 0 -17"><span class='ocrx_word' id='word_1_214' title='bbox 163 4076 272 4157; x_wconf 79' lang='lat' dir='ltr'>Quem</span> <span class='ocrx_word' id='word_1_215' title='bbox 295 4076 365 4157; x_wconf 91' lang='lat' dir='ltr'>ipse</span> <span class='ocrx_word' id='word_1_216' title='bbox 383 4077 517 4141; x_wconf 87' lang='lat' dir='ltr'>brevem</span> <span class='ocrx_word' id='word_1_217' title='bbox 538 4084 573 4141; x_wconf 89' lang='lat' dir='ltr'>et</span> <span class='ocrx_word' id='word_1_218' title='bbox 594 4076 762 4142; x_wconf 88' lang='lat' dir='ltr'>concisum</span> <span class='ocrx_word' id='word_1_219' title='bbox 780 4086 890 4151; x_wconf 86' lang='lat' dir='ltr'>vocat,</span> <span class='ocrx_word' id='word_1_220' title='bbox 919 4085 955 4138; x_wconf 90' lang='lat' dir='ltr'>tu</span> <span class='ocrx_word' id='word_1_221' title='bbox 977 4083 1148 4157; x_wconf 81' lang='lat' dir='ltr'>postauam</span> <span class='ocrx_word' id='word_1_222' title='bbox 1173 4075 1351 4158; x_wconf 86' lang='lat' dir='ltr'>perlegeris</span> <span class='ocrx_word' id='word_1_223' title='bbox 1373 4074 1567 4157; x_wconf 89' lang='lat' dir='ltr'>locupletem</span> <span class='ocrx_word' id='word_1_224' title='bbox 1595 4086 1627 4139; x_wconf 89' lang='grc'>51</span> <span class='ocrx_word' id='word_1_225' title='bbox 1654 4074 1858 4156; x_wconf 87' lang='lat' dir='ltr'>luculentum</span> <span class='ocrx_word' id='word_1_226' title='bbox 1879 4074 2022 4141; x_wconf 86' lang='lat' dir='ltr'>libenter</span> <span class='ocrx_word' id='word_1_227' title='bbox 2043 4075 2178 4143; x_wconf 81' lang='lat' dir='ltr'>dixeris.</span> 
     </span>
     <span class='ocr_line' id='line_1_19' title="bbox 163 4185 2221 4271; baseline 0.001 -19"><span class='ocrx_word' id='word_1_228' title='bbox 163 4187 230 4268; x_wconf 80' lang='lat' dir='ltr'>Qui</span> <span class='ocrx_word' id='word_1_229' title='bbox 253 4188 422 4271; x_wconf 85' lang='lat' dir='ltr'>sigillatim</span> <span class='ocrx_word' id='word_1_230' title='bbox 446 4197 479 4251; x_wconf 88' lang='lat' dir='ltr'>et</span> <span class='ocrx_word' id='word_1_231' title='bbox 506 4188 684 4252; x_wconf 79' lang='lat' dir='ltr'>exordiae</span> <span class='ocrx_word' id='word_1_232' title='bbox 712 4187 887 4251; x_wconf 89' lang='lat' dir='ltr'>admodum</span> <span class='ocrx_word' id='word_1_233' title='bbox 912 4187 1083 4271; x_wconf 89' lang='lat' dir='ltr'>perspicuo</span> <span class='ocrx_word' id='word_1_234' title='bbox 1111 4186 1222 4251; x_wconf 86' lang='lat' dir='ltr'>omnia</span> <span class='ocrx_word' id='word_1_235' title='bbox 1244 4186 1411 4265; x_wconf 88' lang='lat' dir='ltr'>scandala,</span> <span class='ocrx_word' id='word_1_236' title='bbox 1441 4207 1537 4251; x_wconf 90' lang='lat' dir='ltr'>sensu</span> <span class='ocrx_word' id='word_1_237' title='bbox 1563 4185 1681 4252; x_wconf 89' lang='lat' dir='ltr'>biblico</span> <span class='ocrx_word' id='word_1_238' title='bbox 1703 4188 1750 4251; x_wconf 91' lang='lat' dir='ltr'>sic</span> <span class='ocrx_word' id='word_1_239' title='bbox 1772 4186 1873 4265; x_wconf 88' lang='lat' dir='ltr'>dicta,</span> <span class='ocrx_word' id='word_1_240' title='bbox 1907 4195 2071 4268; x_wconf 90' lang='lat' dir='ltr'>recenset,</span> <span class='ocrx_word' id='word_1_241' title='bbox 2093 4210 2180 4271; x_wconf 85' lang='lat' dir='ltr'>quae</span> <span class='ocrx_word' id='word_1_242' title='bbox 2215 4217 2221 4227; x_wconf 94' lang='lat'><em>·</em></span> 
     </span>
     <span class='ocr_line' id='line_1_20' title="bbox 162 4296 2180 4380; baseline 0 -14"><span class='ocrx_word' id='word_1_243' title='bbox 162 4300 217 4367; x_wconf 90' lang='grc'>551</span> <span class='ocrx_word' id='word_1_244' title='bbox 239 4320 281 4363; x_wconf 81' lang='lat' dir='ltr'>ex</span> <span class='ocrx_word' id='word_1_245' title='bbox 303 4300 483 4380; x_wconf 87' lang='lat' dir='ltr'>scripturae</span> <span class='ocrx_word' id='word_1_246' title='bbox 505 4318 615 4365; x_wconf 85' lang='lat' dir='ltr'>sacrae</span> <span class='ocrx_word' id='word_1_247' title='bbox 638 4298 856 4380; x_wconf 83' lang='lat' dir='ltr'>simplicitate,</span> <span class='ocrx_word' id='word_1_248' title='bbox 880 4298 934 4362; x_wconf 91' lang='lat' dir='ltr'>vel</span> <span class='ocrx_word' id='word_1_249' title='bbox 956 4319 998 4361; x_wconf 88' lang='lat' dir='ltr'>ex</span> <span class='ocrx_word' id='word_1_250' title='bbox 1022 4296 1213 4380; x_wconf 86' lang='lat' dir='ltr'>dogmatum</span> <span class='ocrx_word' id='word_1_251' title='bbox 1237 4296 1346 4361; x_wconf 89' lang='lat' dir='ltr'>indole</span> <span class='ocrx_word' id='word_1_252' title='bbox 1368 4304 1560 4375; x_wconf 86' lang='lat' dir='ltr'>nascuntur,</span> <span class='ocrx_word' id='word_1_253' title='bbox 1583 4297 1720 4363; x_wconf 88' lang='lat' dir='ltr'>rationis</span> <span class='ocrx_word' id='word_1_254' title='bbox 1741 4296 1906 4362; x_wconf 87' lang='lat' dir='ltr'>humanae</span> <span class='ocrx_word' id='word_1_255' title='bbox 1928 4297 2098 4364; x_wconf 92' lang='lat' dir='ltr'>modulum</span> <span class='ocrx_word' id='word_1_256' title='bbox 2120 4321 2180 4367; x_wconf 84' lang='lat' dir='ltr'>ex·</span> 
     </span>
     <span class='ocr_line' id='line_1_21' title="bbox 163 4387 2261 4494; baseline -0.001 -17"><span class='ocrx_word' id='word_1_257' title='bbox 163 4410 366 4487; x_wconf 88' lang='lat' dir='ltr'>cedentium,</span> <span class='ocrx_word' id='word_1_258' title='bbox 383 4450 385 4455; x_wconf 91' lang='lat'><em>-</em></span> <span class='ocrx_word' id='word_1_259' title='bbox 401 4409 461 4472; x_wconf 84' lang='lat' dir='ltr'>vel·</span> <span class='ocrx_word' id='word_1_260' title='bbox 483 4431 525 4473; x_wconf 83' lang='lat' dir='ltr'>ex</span> <span class='ocrx_word' id='word_1_261' title='bbox 542 4409 712 4475; x_wconf 88' lang='lat' dir='ltr'>discordiis</span> <span class='ocrx_word' id='word_1_262' title='bbox 734 4409 878 4473; x_wconf 77' lang='lat' dir='ltr'>maxime</span> <span class='ocrx_word' id='word_1_263' title='bbox 901 4409 987 4479; x_wconf 87' lang='lat' dir='ltr'>iuter</span> <span class='ocrx_word' id='word_1_264' title='bbox 1007 4407 1175 4490; x_wconf 85' lang='lat' dir='ltr'>theologos</span> <span class='ocrx_word' id='word_1_265' title='bbox 1197 4408 1293 4486; x_wconf 84' lang='lat' dir='ltr'>ortis,</span> <span class='ocrx_word' id='word_1_266' title='bbox 1323 4407 1439 4491; x_wconf 90' lang='lat' dir='ltr'>quibus</span> <span class='ocrx_word' id='word_1_267' title='bbox 1461 4409 1562 4492; x_wconf 84' lang='lat' dir='ltr'>vulgo</span> <span class='ocrx_word' id='word_1_268' title='bbox 1584 4430 1701 4474; x_wconf 84' lang='lat' dir='ltr'>ansam</span> <span class='ocrx_word' id='word_1_269' title='bbox 1724 4421 1758 4473; x_wconf 92' lang='grc'>51</span> <span class='ocrx_word' id='word_1_270' title='bbox 1779 4411 1981 4485; x_wconf 88' lang='lat' dir='ltr'>occasionem</span> <span class='ocrx_word' id='word_1_271' title='bbox 2003 4410 2061 4475; x_wconf 91' lang='lat' dir='ltr'>illa</span> <span class='ocrx_word' id='word_1_272' title='bbox 2083 4433 2179 4494; x_wconf 86' lang='lat' dir='ltr'>prae·</span> <span class='ocrx_word' id='word_1_273' title='bbox 2256 4387 2261 4397; x_wconf 41' lang='lat'><strong>¹</strong></span> 
     </span>
     <span class='ocr_line' id='line_1_22' title="bbox 163 4502 2178 4604; baseline 0.001 -15"><span class='ocrx_word' id='word_1_274' title='bbox 163 4524 257 4597; x_wconf 84' lang='lat' dir='ltr'>bant,</span> <span class='ocrx_word' id='word_1_275' title='bbox 288 4521 340 4587; x_wconf 86' lang='lat' dir='ltr'>vel</span> <span class='ocrx_word' id='word_1_276' title='bbox 358 4520 491 4584; x_wconf 91' lang='lat' dir='ltr'>tandem</span> <span class='ocrx_word' id='word_1_277' title='bbox 514 4543 555 4585; x_wconf 86' lang='lat' dir='ltr'>ex</span> <span class='ocrx_word' id='word_1_278' title='bbox 585 4502 731 4604; x_wconf 85' lang='lat' dir='ltr'>ipsorum</span> <span class='ocrx_word' id='word_1_279' title='bbox 754 4522 926 4585; x_wconf 90' lang='lat' dir='ltr'>homiuum</span> <span class='ocrx_word' id='word_1_280' title='bbox 955 4520 1081 4584; x_wconf 89' lang='lat' dir='ltr'>malitia</span> <span class='ocrx_word' id='word_1_281' title='bbox 1109 4530 1143 4583; x_wconf 91' lang='lat' dir='ltr'>et</span> <span class='ocrx_word' id='word_1_282' title='bbox 1170 4522 1281 4602; x_wconf 87' lang='lat' dir='ltr'>pravis</span> <span class='ocrx_word' id='word_1_283' title='bbox 1304 4520 1430 4585; x_wconf 90' lang='lat' dir='ltr'>studiis.</span> <span class='ocrx_word' id='word_1_284' title='bbox 1475 4522 1564 4585; x_wconf 78' lang='lat' dir='ltr'>Besa</span> <span class='ocrx_word' id='word_1_285' title='bbox 1586 4520 1717 4599; x_wconf 85' lang='lat' dir='ltr'>asserit,</span> <span class='ocrx_word' id='word_1_286' title='bbox 1746 4520 1885 4586; x_wconf 79' lang='lat' dir='ltr'>Calvino</span> <span class='ocrx_word' id='word_1_287' title='bbox 1906 4520 2009 4585; x_wconf 91' lang='lat' dir='ltr'>libelli</span> <span class='ocrx_word' id='word_1_288' title='bbox 2032 4526 2178 4590; x_wconf 86' lang='lat' dir='ltr'>&#39;consori—</span> 
     </span>
     <span class='ocr_line' id='line_1_23' title="bbox 163 4630 2178 4716; baseline 0 -17"><span class='ocrx_word' id='word_1_289' title='bbox 163 4631 262 4699; x_wconf 91' lang='lat' dir='ltr'>bendi</span> <span class='ocrx_word' id='word_1_290' title='bbox 283 4632 484 4698; x_wconf 87' lang='lat' dir='ltr'>occasionem</span> <span class='ocrx_word' id='word_1_291' title='bbox 507 4633 697 4715; x_wconf 87' lang='lat' dir='ltr'>praebuisse</span> <span class='ocrx_word' id='word_1_292' title='bbox 719 4632 952 4697; x_wconf 90' lang='lat' dir='ltr'>offendiculum</span> <span class='ocrx_word' id='word_1_293' title='bbox 975 4653 995 4695; x_wconf 90' lang='grc'>5</span> <span class='ocrx_word' id='word_1_294' title='bbox 1016 4631 1184 4697; x_wconf 89' lang='lat' dir='ltr'>nonnullis</span> <span class='ocrx_word' id='word_1_295' title='bbox 1202 4630 1280 4697; x_wconf 93' lang='lat' dir='ltr'>inde</span> <span class='ocrx_word' id='word_1_296' title='bbox 1308 4638 1478 4714; x_wconf 89' lang='lat' dir='ltr'>acceptum</span> <span class='ocrx_word' id='word_1_297' title='bbox 1500 4631 1586 4716; x_wconf 90' lang='lat' dir='ltr'>quod</span> <span class='ocrx_word' id='word_1_298' title='bbox 1608 4653 1711 4714; x_wconf 92' lang='lat' dir='ltr'>quum</span> <span class='ocrx_word' id='word_1_299' title='bbox 1733 4632 1949 4716; x_wconf 82' lang='lat' dir='ltr'>magistratus</span> <span class='ocrx_word' id='word_1_300' title='bbox 1969 4632 2178 4700; x_wconf 81' lang='lat' dir='ltr'>Genevensis</span> 
     </span>
     <span class='ocr_line' id='line_1_24' title="bbox 165 4729 2177 4829; baseline 0 -20"><span class='ocrx_word' id='word_1_301' title='bbox 165 4765 278 4809; x_wconf 91' lang='lat' dir='ltr'>omnes</span> <span class='ocrx_word' id='word_1_302' title='bbox 300 4743 370 4809; x_wconf 90' lang='lat' dir='ltr'>dies</span> <span class='ocrx_word' id='word_1_303' title='bbox 392 4744 491 4810; x_wconf 83' lang='lat' dir='ltr'>festos</span> <span class='ocrx_word' id='word_1_304' title='bbox 512 4751 644 4826; x_wconf 89' lang='lat' dir='ltr'>praeter</span> <span class='ocrx_word' id='word_1_305' title='bbox 672 4743 848 4825; x_wconf 89' lang='lat' dir='ltr'>septimum</span> <span class='ocrx_word' id='word_1_306' title='bbox 875 4764 1036 4825; x_wconf 91' lang='lat' dir='ltr'>quemque</span> <span class='ocrx_word' id='word_1_307' title='bbox 1059 4743 1129 4808; x_wconf 84' lang='lat' dir='ltr'>sive</span> <span class='ocrx_word' id='word_1_308' title='bbox 1151 4741 1351 4809; x_wconf 90' lang='lat' dir='ltr'>dominicum</span> <span class='ocrx_word' id='word_1_309' title='bbox 1373 4743 1578 4829; x_wconf 85' lang='lat' dir='ltr'>abrogandas</span> <span class='ocrx_word' id='word_1_310' title='bbox 1601 4729 1797 4823; x_wconf 88' lang='lat' dir='ltr'>decreverit,</span> <span class='ocrx_word' id='word_1_311' title='bbox 1824 4744 1938 4826; x_wconf 86' lang='lat' dir='ltr'>plures</span> <span class='ocrx_word' id='word_1_312' title='bbox 1959 4739 2049 4827; x_wconf 88' lang='lat' dir='ltr'>ipsos</span> <span class='ocrx_word' id='word_1_313' title='bbox 2071 4744 2177 4810; x_wconf 91' lang='lat' dir='ltr'>domi-</span> 
     </span>
    </p>

    <p class='ocr_par' dir='ltr' id='par_1_5' title="bbox 62 4854 2179 5172">
     <span class='ocr_line' id='line_1_25' title="bbox 62 4854 2177 4939; baseline -0.002 -17"><span class='ocrx_word' id='word_1_314' title='bbox 62 4908 65 4912; x_wconf 80' lang='grc'><strong>.</strong></span> <span class='ocrx_word' id='word_1_315' title='bbox 162 4856 257 4922; x_wconf 86' lang='grc'><strong>51555</strong></span> <span class='ocrx_word' id='word_1_316' title='bbox 278 4857 504 4938; x_wconf 86' lang='lat' dir='ltr'>confingerent</span> <span class='ocrx_word' id='word_1_317' title='bbox 525 4876 545 4920; x_wconf 91' lang='grc'>5</span> <span class='ocrx_word' id='word_1_318' title='bbox 567 4855 707 4922; x_wconf 73' lang='lat' dir='ltr'>Calvino</span> <span class='ocrx_word' id='word_1_319' title='bbox 729 4855 890 4934; x_wconf 86' lang='lat' dir='ltr'>sublatos,</span> <span class='ocrx_word' id='word_1_320' title='bbox 918 4863 955 4919; x_wconf 91' lang='lat' dir='ltr'>ut</span> <span class='ocrx_word' id='word_1_321' title='bbox 977 4877 1051 4920; x_wconf 93' lang='lat' dir='ltr'>eum</span> <span class='ocrx_word' id='word_1_322' title='bbox 1074 4855 1111 4918; x_wconf 92' lang='lat' dir='ltr'>in</span> <span class='ocrx_word' id='word_1_323' title='bbox 1130 4854 1291 4920; x_wconf 85' lang='lat' dir='ltr'>invidiam</span> <span class='ocrx_word' id='word_1_324' title='bbox 1313 4863 1486 4935; x_wconf 88' lang='lat' dir='ltr'>vocarent,</span> <span class='ocrx_word' id='word_1_325' title='bbox 1513 4877 1614 4939; x_wconf 89' lang='lat' dir='ltr'>qaum</span> <span class='ocrx_word' id='word_1_326' title='bbox 1637 4865 1748 4920; x_wconf 89' lang='lat' dir='ltr'>tamen</span> <span class='ocrx_word' id='word_1_327' title='bbox 1769 4876 1838 4920; x_wconf 91' lang='lat' dir='ltr'>non</span> <span class='ocrx_word' id='word_1_328' title='bbox 1859 4855 1957 4919; x_wconf 91' lang='lat' dir='ltr'>modo</span> <span class='ocrx_word' id='word_1_329' title='bbox 1979 4876 2045 4919; x_wconf 90' lang='lat' dir='ltr'>non</span> <span class='ocrx_word' id='word_1_330' title='bbox 2062 4864 2177 4937; x_wconf 89' lang='lat' dir='ltr'>postu-</span> 
     </span>
     <span class='ocr_line' id='line_1_26' title="bbox 161 4965 2177 5050; baseline -0.001 -17"><span class='ocrx_word' id='word_1_331' title='bbox 161 4969 262 5044; x_wconf 91' lang='lat' dir='ltr'>lante,</span> <span class='ocrx_word' id='word_1_332' title='bbox 285 4967 460 5031; x_wconf 89' lang='lat' dir='ltr'>sedetiam</span> <span class='ocrx_word' id='word_1_333' title='bbox 482 4968 654 5050; x_wconf 89' lang='lat' dir='ltr'>ignorante</span> <span class='ocrx_word' id='word_1_334' title='bbox 675 4966 902 5031; x_wconf 89' lang='lat' dir='ltr'>ministrorum</span> <span class='ocrx_word' id='word_1_335' title='bbox 926 4967 1061 5050; x_wconf 90' lang='lat' dir='ltr'>collegio</span> <span class='ocrx_word' id='word_1_336' title='bbox 1083 4977 1192 5031; x_wconf 89' lang='lat' dir='ltr'>aetum</span> <span class='ocrx_word' id='word_1_337' title='bbox 1215 4966 1254 5031; x_wconf 95' lang='lat' dir='ltr'>de</span> <span class='ocrx_word' id='word_1_338' title='bbox 1276 4988 1314 5032; x_wconf 91' lang='grc'>55</span> <span class='ocrx_word' id='word_1_339' title='bbox 1336 4989 1372 5032; x_wconf 93' lang='lat' dir='ltr'>re</span> <span class='ocrx_word' id='word_1_340' title='bbox 1394 4966 1482 5050; x_wconf 88' lang='lat' dir='ltr'>apud</span> <span class='ocrx_word' id='word_1_341' title='bbox 1501 4967 1658 5050; x_wconf 89' lang='lat' dir='ltr'>populum</span> <span class='ocrx_word' id='word_1_342' title='bbox 1679 4968 1731 5032; x_wconf 88' lang='lat' dir='ltr'>sit.</span> <span class='ocrx_word' id='word_1_343' title='bbox 1777 4966 1871 5048; x_wconf 80' lang='lat' dir='ltr'>Quae</span> <span class='ocrx_word' id='word_1_344' title='bbox 1894 4965 2004 5043; x_wconf 78' lang='lat' dir='ltr'>nobis·</span> <span class='ocrx_word' id='word_1_345' title='bbox 2025 4966 2055 5030; x_wconf 90' lang='lat' dir='ltr'>si</span> <span class='ocrx_word' id='word_1_346' title='bbox 2076 4986 2177 5050; x_wconf 88' lang='lat' dir='ltr'>argu·</span> 
     </span>
     <span class='ocr_line' id='line_1_27' title="bbox 161 5077 2179 5172; baseline -0.001 -28"><span class='ocrx_word' id='word_1_347' title='bbox 161 5087 310 5144; x_wconf 84' lang='lat' dir='ltr'>mentum</span> <span class='ocrx_word' id='word_1_348' title='bbox 334 5079 434 5143; x_wconf 85' lang='lat' dir='ltr'>totius</span> <span class='ocrx_word' id='word_1_349' title='bbox 457 5086 618 5144; x_wconf 89' lang='lat' dir='ltr'>tractatus</span> <span class='ocrx_word' id='word_1_350' title='bbox 640 5077 897 5155; x_wconf 87' lang='lat' dir='ltr'>consideramus,</span> <span class='ocrx_word' id='word_1_351' title='bbox 929 5088 963 5142; x_wconf 92' lang='grc'>51</span> <span class='ocrx_word' id='word_1_352' title='bbox 989 5079 1113 5172; x_wconf 85' lang='lat' dir='ltr'>autoris</span> <span class='ocrx_word' id='word_1_353' title='bbox 1135 5079 1339 5169; x_wconf 88' lang='lat' dir='ltr'>propositum</span> <span class='ocrx_word' id='word_1_354' title='bbox 1360 5078 1509 5161; x_wconf 86' lang='lat' dir='ltr'>pluribus</span> <span class='ocrx_word' id='word_1_355' title='bbox 1531 5078 1573 5142; x_wconf 89' lang='lat' dir='ltr'>ab</span> <span class='ocrx_word' id='word_1_356' title='bbox 1593 5080 1690 5143; x_wconf 89' lang='lat' dir='ltr'>annis</span> <span class='ocrx_word' id='word_1_357' title='bbox 1711 5088 1922 5159; x_wconf 89' lang='lat' dir='ltr'>conceptum,</span> <span class='ocrx_word' id='word_1_358' title='bbox 1955 5096 2073 5159; x_wconf 84' lang='lat' dir='ltr'>parum</span> <span class='ocrx_word' id='word_1_359' title='bbox 2095 5098 2179 5142; x_wconf 84' lang='lat' dir='ltr'>vero</span> 
     </span>
    </p>
   </div>
   <div class='ocr_carea' id='block_1_4' title="bbox 158 5188 1949 5362">
    <p class='ocr_par' dir='ltr' id='par_1_6' title="bbox 158 5188 1949 5362">
     <span class='ocr_line' id='line_1_28' title="bbox 158 5188 1580 5284; baseline -0.008 -27"><span class='ocrx_word' id='word_1_360' title='bbox 158 5189 283 5257; x_wconf 88' lang='lat' dir='ltr'>similia</span> <span class='ocrx_word' id='word_1_361' title='bbox 304 5188 470 5254; x_wconf 88' lang='lat' dir='ltr'>videntur.</span> <span class='ocrx_word' id='word_1_362' title='bbox 1385 5279 1386 5284; x_wconf 8' lang='grc' dir='ltr'>γ</span> <span class='ocrx_word' id='word_1_363' title='bbox 1577 5262 1580 5267; x_wconf 8' lang='grc' dir='ltr'><em>θ</em></span> 
     </span>
     <span class='ocr_line' id='line_1_29' title="bbox 269 5289 1949 5362; baseline -0.002 -16"><span class='ocrx_word' id='word_1_364' title='bbox 269 5291 381 5346; x_wconf 78' lang='grc'><strong>0515151</strong></span> <span class='ocrx_word' id='word_1_365' title='bbox 394 5307 485 5360; x_wconf 80' lang='lat' dir='ltr'>opera.</span> <span class='ocrx_word' id='word_1_366' title='bbox 525 5292 582 5347; x_wconf 87' lang='lat' dir='ltr'>Vol.</span> <span class='ocrx_word' id='word_1_367' title='bbox 605 5289 692 5347; x_wconf 85' lang='lat' dir='ltr'>VIII.</span> <span class='ocrx_word' id='word_1_368' title='bbox 742 5356 746 5362; x_wconf 34' lang='grc'><strong>,</strong></span> <span class='ocrx_word' id='word_1_369' title='bbox 1927 5290 1949 5343; x_wconf 88' lang='grc' dir='ltr'>Β</span> 
     </span>
    </p>
   </div>
   <div class='ocr_carea' id='block_1_5' title="bbox 0 0 2386 5908">
    <p class='ocr_par' dir='ltr' id='par_1_7' title="bbox 0 0 2386 5908">
     <span class='ocr_line' id='line_1_30' title="bbox 0 0 2386 5908; baseline 0 0"><span class='ocrx_word' id='word_1_370' title='bbox 0 0 2386 5908; x_wconf 95' lang='lat' dir='ltr'> </span> 
     </span>
    </p>
   </div>
  </div>
 </body>
</html>
