4786 5910
923 121 1069 138 '·o‹050··
1106 120 1109 124 '

1021 274 1088 341 DE
1116 273 1339 343 AETERNA
1367 273 1451 340 DEI
2182 273 2246 337 312

225 283 287 351 311

224 468 385 555 quidquid
407 473 459 533 est
479 468 514 533 in
537 465 627 533 coelo
647 472 681 531 et
704 466 740 530 in
761 470 853 530 terra
882 463 1017 529 ordinis.
1030 462 1055 612 1)
1100 462 1212 544 Quum
1264 462 1398 527 fortuito
1420 461 1485 528 huo
1506 462 1586 529 illuo
1608 463 1743 545 raptari,
1766 462 1820 527 vel
1842 481 1939 528 caeca
1959 461 2147 526 temeritate
2168 482 2248 526 eum

226 577 307 639 ergo
328 555 365 618 in
381 573 550 619 summum
571 550 712 636 gradum
731 550 903 615 evehimus
914 550 979 614 Dei
994 569 1037 614 vo
1050 556 1212 627 untatem,
1264 548 1371 613 faeere
1394 546 1480 631 quod
1497 548 1586 626 facit,
1608 549 1783 631 quisquam
1801 569 1843 613 ex
1862 547 1972 613 verbis
1988 548 2071 611 meis
2088 546 2245 632 colliget?

225 649 265 705 nt
287 643 331 704 sit
351 640 441 704 omni
463 639 593 704 ratione
623 638 783 720 superior,
817 636 904 701 absit
936 642 975 699 ut
1007 656 1084 700 enm
1118 634 1213 717 quid·
1264 633 1337 698 Imo
1359 633 1457 716 paulo
1479 640 1555 716 post
1575 635 1677 699 verba
1697 653 1773 698 mea
1793 635 1882 710 citat,
1916 633 2034 716 quibus
2057 632 2146 711 satis,
2180 633 2247 699 nisi

225 746 327 810 quam
353 724 418 789 nisi
451 744 583 788 summa
616 723 745 787 ratione
772 721 857 787 velle
885 721 1121 804 imaginemur:
1155 719 1213 784 sed
1264 719 1369 796 fallor,
1393 717 1535 783 dilucide
1556 719 1730 784 refellitur:
1752 739 1852 802 quum
1866 719 1939 782 Deo
1951 737 2080 801 semper
2090 719 2124 782 in
2137 720 2247 801 operi·

225 809 424 893 simpliciter·
443 810 617 888 sentimus,
650 828 727 873 eum
753 807 825 872 inre
852 827 912 872 suo
939 813 1069 870 tantum
1090 803 1213 870 habere
1264 805 1325 869 bus
1354 803 1536 886 quamlibet
1562 806 1691 885 arcanis
1717 806 1922 887 propositum
1953 824 2025 869 esse
2057 803 2137 882 dico,
2153 807 2177 886 ¹)
2209 811 2250 869 ut

225 896 417 980 potestatis,
455 902 495 959 ut
527 894 596 960 solo
628 893 699 959 eius
731 899 815 959 nutu
847 898 1017 958 contentos
1048 911 1121 955 esse
1153 910 1214 955 nos
1264 889 1409 954 nominis
1430 889 1482 953 sui
1503 890 1641 973 gloriam
1663 889 1824 954 illustret:
1856 889 1920 954 nisi
1948 888 2034 972 quod
2056 909 2249 974 repugnan-

226 987 384 1064 oporteat.
428 978 517 1045 Nam
550 981 579 1045 si
612 999 691 1045 vere
725 978 850 1043 dictum
881 983 947 1042 est:
983 974 1111 1041 Iudicia
1143 982 1212 1053 tua,
1265 976 1332 1040 tiae
1354 975 1495 1040 colorem
1521 975 1558 1038 in
1580 995 1620 1040 co
1644 975 1820 1040 lectoribus
1840 982 1992 1053 ostentat,
2025 975 2111 1056 quod
2140 974 2248 1040 divini

226 1068 367 1151 abyssus
393 1066 500 1130 multa
520 1065 624 1150 (Psal.
645 1067 696 1142 36,
720 1063 769 1150 7):
798 1063 897 1128 simul
919 1069 1017 1145 atquc
1039 1081 1078 1126 eo
1099 1082 1214 1144 super·
1265 1060 1463 1144 beneplaciti
1495 1061 1655 1126 rationem
1691 1061 1911 1144 quaerendam
1940 1080 2040 1144 nego:
2078 1068 2113 1124 ct
2146 1061 2248 1125 simul

226 1152 301 1218 biae
328 1152 517 1234 prorumpit
544 1171 638 1215 mens
667 1149 821 1226 hominis,
856 1157 894 1212 ut
922 1149 957 1212 in
987 1147 1127 1231 simplici
1149 1146 1214 1212 Dei
1264 1152 1377 1210 tamen
1399 1145 1498 1210 doceo
1521 1167 1681 1229 quaenam
1703 1146 1834 1212 illusit
1879 1145 1989 1226 Quam
2017 1146 2157 1230 frigidae
2179 1146 2249 1211 sint

226 1237 434 1320 beneplacito
458 1257 527 1301 non
549 1237 743 1319 acquiescat,
765 1232 951 1300 cavendum
975 1243 1035 1307 est,
1057 1253 1100 1297 ne
1121 1240 1215 1297 tanta
1265 1252 1375 1314 nugae
1413 1231 1506 1311 istae,
1546 1232 1732 1297 accuratius
1770 1239 1954 1296 monstrare
1991 1231 2077 1295 nihil
2116 1231 2246 1297 attinet.

226 1322 320 1388 illam
347 1320 558 1406 profunditas
586 1321 767 1386 absorbeat.
811 1319 882 1384 Nec
910 1338 989 1383 sane
1021 1319 1093 1383 fleri
1117 1317 1214 1382 aliter
1266 1317 1402 1382 Gloriae
1424 1337 1503 1383 suae
1524 1318 1686 1383 rationem
1710 1319 1745 1381 in
1767 1317 1863 1383 factis
1882 1317 1951 1383 suis
1971 1318 2123 1382 omnibus
2145 1318 2250 1383 habet

226 1414 350 1492 potest:
393 1415 492 1488 atque
530 1407 614 1471 baec
656 1406 731 1489 plus
772 1425 872 1487 quam
915 1405 1003 1469 insta
1037 1410 1089 1469 cst
1121 1404 1212 1468 ultio.
1265 1401 1437 1468 Dominus.
1487 1403 1616 1485 Nempe
1648 1403 1703 1468 hic
1731 1404 1928 1468 universalis
1961 1410 2012 1467 ost
2045 1403 2130 1467 finis.
2175 1404 2248 1468 Ex-

227 1492 341 1573 Quare
363 1513 533 1575 nunquam
556 1491 716 1557 memoria
733 1490 863 1568 excidat
878 1489 962 1555 illud
979 1489 1033 1553 Au
1081 1489 1212 1564 stini22)
1265 1489 1388 1568 citavit,
1422 1496 1506 1553 teste
1534 1489 1639 1554 Paulo
1668 1489 1778 1570 (Rom.
1803 1496 1832 1568 9,
1856 1488 1921 1639 17),
1955 1489 2175 1566 Pharaonem,
2208 1496 2249 1554 nt

227 1576 313 1658 Quis
335 1576 430 1643 Deus
452 1578 503 1657 sit,
540 1586 573 1642 et
600 1577 673 1659 quis
702 1576 815 1651 tusis,
850 1574 990 1640 attende.
1067 1574 1098 1639 le
1120 1574 1214 1640 Dens
1264 1595 1386 1639 nomen
1418 1596 1515 1640 suum
1546 1575 1581 1638 in
1613 1583 1683 1639 tota
1712 1582 1801 1639 terra
1822 1574 1891 1640 cele
1913 1582 2011 1639 roret.
2056 1574 2112 1638 An
2134 1593 2247 1640 secum

228 1658 289 1740 est,
319 1670 357 1727 tu
386 1663 493 1728 homo.
539 1659 578 1727 si
599 1662 761 1726 iustitiam
789 1661 849 1725 tibi
871 1660 960 1743 loqui
982 1658 1115 1737 videris,
1139 1664 1214 1738 [pag.
1266 1659 1405 1725 dissidet
1431 1659 1568 1740 Paulus,
1596 1681 1699 1743 quum
1728 1659 1845 1725 deinde
1874 1660 2047 1736 exclamat,
2082 1661 2248 1726 inscruta-

228 1752 306 1827 110]
341 1769 385 1813 an
412 1748 486 1813 lons
512 1748 658 1812 iustitiae
685 1748 826 1813 siccatus
854 1745 925 1812 est?
977 1746 1028 1810 'Pu
1060 1745 1160 1810 bomo
1194 1766 1213 1809 a
1266 1745 1347 1811 bilia
1368 1767 1440 1811 esse
1460 1745 1584 1811 iudicia
1605 1746 1677 1810 cius
1699 1746 1810 1827 (Rom.
1837 1744 1991 1829 11,33)?
2035 1744 2137 1822 Dicit,
2166 1766 2249 1811 vasa

224 1853 280 1898 me
301 1854 360 1899 exs
384 1841 473 1898 oetas
493 1854 698 1916 responsum.
744 1833 791 1897 Et
811 1853 828 1896 e
852 1853 871 1897 o
894 1852 969 1896 sum
992 1830 1099 1895 homo.
1144 1831 1214 1895 Ita·
1265 1832 1335 1896 irae
1358 1852 1378 1895 a
1398 1830 1543 1896 Domino
1571 1830 1734 1897 destinata
1754 1830 1797 1894 ad
1818 1832 1998 1908 interitum,
2026 1832 2183 1896 sustineri
2210 1833 2248 1894 in

224 1940 290 2002 que
312 1940 366 1984 am
431 1918 605 1983 audiamus
623 1917 802 1983 dicentem:
826 1853 983 1995 dhone,
1007 1925 1046 1980 tu
1065 1917 1137 1998 quis
1155 1915 1212 1980 es?
1266 1917 1372 1981 multa
1393 1917 1563 2000 patientia,
1584 1923 1622 1982 ut
1643 1918 1824 1999 potentiam
1847 1936 1943 1982 suam
1960 1917 1996 1980 in
2013 1915 2079 1980 illis
2097 1916 2249 2008 qstendat

223 2003 346 2070 Melior
365 2010 416 2069 est
436 2004 545 2069 fidelis
567 2004 767 2087 ignorantia,
790 2023 891 2086 quam
910 2002 1087 2067 temeraria
1108 2003 1214 2067 scien·
1268 2003 1378 2078 (Rom.
1402 2007 1431 2081 9,
1454 2003 1527 2086 22):
1552 2024 1594 2068 an
1616 2003 1695 2068 huic
1714 2004 1899 2067 sententiae
1925 2003 2091 2065 contraria
2117 2012 2167 2067 est
2189 2002 2247 2066 ad·

223 2091 279 2154 tia.
325 2089 457 2170 Quaere
485 2090 614 2167 merita,
638 2111 705 2153 non
727 2089 877 2154 invenies
898 2088 962 2153 nisi
988 2107 1136 2171 poenam.
1182 2085 1213 2152 Ο
1266 2088 1398 2152 miratio
1420 2108 1503 2170 quae
1525 2109 1603 2152 mox
1626 2087 1794 2170 sequitur?
1828 2086 2041 2154 Oaltitudo!
2072 2091 2147 2166 [pag.
2172 2093 2247 2167 112]

225 2174 382 2241 altitudol
427 2175 549 2239 Petrus
581 2182 691 2259 negat,
724 2173 810 2240 latro
843 2173 956 2239 credit.
1002 2171 1212 2238 Oaltitndol

224 2258 369 2340 Quaeris
386 2266 423 2325 tu
443 2259 631 2325 rationem?
654 2260 728 2343 Ego
751 2278 972 2343 expavescam
994 2258 1212 2323 altitudinem.

225 2346 276 2410 Pu
298 2345 508 2422 ratiocinare,
533 2364 595 2429 ego
616 2344 734 2409 miror:
759 2351 797 2408 tu
820 2344 962 2428 disputa,
986 2365 1047 2429 ego
1067 2344 1213 2409 credam:

224 2431 435 2518 altitudinem
453 2430 559 2507 video,
584 2429 626 2494 ad
648 2428 849 2512 profundum
871 2451 939 2495 non
956 2430 1122 2512 pervenio.
1146 2429 1213 2493 Re·

224 2517 353 2599 quievit
370 2516 508 2594 Paulus,
542 2515 619 2598 quia
640 2514 894 2579 admirationem
921 2515 1061 2579 invenit.
1106 2514 1215 2580 Vocat

224 2601 282 2665 ille
304 2601 534 2665 inscrutabilia
550 2600 617 2665 Dei
640 2600 776 2667 iudicia:
800 2607 834 2665 et
855 2610 892 2665 tu
912 2601 1052 2666 scrutari
1069 2599 1212 2666 venisti?

224 2685 288 2751 Ille
309 2685 397 2762 dicit,
416 2685 664 2769 investigabiles
682 2707 754 2752 esse
772 2687 843 2751 eins
856 2687 944 2751 vias:
957 2684 1213 2770 ettuvestigns?

225 2769 290 2835 Oui
324 2770 431 2835 simile
458 2777 509 2835 est
537 2771 624 2853 qnod
647 2770 710 2836 alio
743 2772 813 2837 loco
845 2771 1002 2855 traditzss)
1035 2771 1097 2835 Dis
1120 2778 1214 2835 utare

224 2856 277 2921 vis
299 2856 451 2921 mecum?
473 2856 546 2920 Imo
565 2857 688 2921 mirare
699 2877 830 2922 mecum
843 2863 878 2921 et
899 2856 1062 2922 exclama:
1140 2856 1214 2920 alti-

224 2940 324 3005 tudo!
379 2941 488 3006 Ambo
521 2942 557 3005 in
591 2961 714 3025 pavore
746 2943 851 3008 simus
883 2940 1069 3021 concordes,
1103 2962 1145 3007 ne
1176 2943 1214 3006 in

226 3046 340 3091 errore
362 3045 544 3109 pereamus.
1072 3102 1073 3106 Ἰ

312 3113 442 3176 Acutus
464 3113 525 3177 sibi
548 3111 693 3196 Pighius
715 3111 858 3190 videtur,
886 3132 986 3194 quum
1009 3111 1131 3177 indicia
1149 3112 1214 3178 Dei

222 3196 424 3280 profundam
458 3195 616 3282 abyssum
651 3198 720 3262 fore
753 3203 863 3280 nogat,
896 3198 923 3263 si
957 3197 1111 3263 voluutas
1143 3200 1213 3264 eius

222 3303 357 3349 summa
379 3283 423 3348 sit
440 3283 540 3348 ratio:
564 3283 643 3365 quia
664 3283 749 3347 nihil
767 3283 896 3348 facilins
915 3284 958 3347 sit
970 3284 1024 3348 vel
1037 3284 1144 3367 magis
1156 3306 1214 3349 ex·

222 3367 384 3453 peditum,
407 3389 506 3450 quam
527 3369 602 3434 ficri
620 3369 742 3448 omnia,
764 3372 920 3451 quoniam
943 3369 990 3434 sic
1002 3369 1076 3434 Deo
1094 3369 1212 3453 placet,

223 3453 282 3518 nbi
305 3453 495 3518 dominatur
518 3454 588 3518 sola
613 3455 684 3519 eins
706 3454 868 3519 voluntas.
912 3454 1015 3536 Atqui
1038 3455 1214 3538 sophistice

224 3538 413 3623 garriendo,
436 3538 523 3621 quod
544 3560 651 3604 unum
673 3541 710 3603 in
740 3540 931 3622 quaestione
952 3540 1104 3619 vertitur,
1133 3539 1214 3605 ridi·

226 3623 300 3688 cule
321 3625 489 3705 praeterit,
514 3645 617 3707 quum
638 3623 765 3708 liqueat
787 3625 833 3690 sic
852 3625 935 3702 fieri,
959 3625 1037 3707 quia
1053 3625 1125 3691 Deo
1142 3627 1213 3709 pla·

227 3716 294 3773 cet:
319 3728 378 3771 cur
399 3708 450 3772 illi
472 3711 583 3792 potius
604 3710 652 3774 ita
673 3709 810 3791 placeat,
832 3729 931 3791 qnam
953 3731 1054 3776 secus.
1096 3712 1214 3796 Pergit

228 3791 349 3856 deinde
371 3794 577 3876 ineptiendo:
615 3803 713 3878 atque
745 3802 784 3859 ut
812 3795 965 3859 ostendat
986 3817 1120 3861 causam
1141 3798 1214 3862 Deo

229 3898 302 3943 esse
323 3878 360 3941 in
378 3880 447 3943 suis
467 3879 622 3956 consiliis,
641 3899 839 3963 responsum
856 3879 942 3962 quod
959 3880 1129 3966 discipulis
1145 3883 1215 3948 suis

232 3961 323 4028 dedit
344 3962 509 4041 Christus,
534 3968 610 4042 [pag.
635 3970 709 4044 111]
733 3964 873 4045 adducit,
895 3966 1062 4032 hominem
1083 3987 1214 4033 caecum

231 4050 333 4113 fuisse
376 4056 503 4127 natum,
558 4058 597 4114 ut
648 4070 748 4132 opera
790 4049 855 4115 Dei
907 4053 943 4115 in
997 4053 1054 4117 illo
1107 4055 1214 4118 mani-

229 4135 432 4199 festarentur
454 4134 585 4216 (Ioann.
606 4139 635 4213 9,
658 4136 702 4218 3).
746 4135 841 4201 More
849 4136 880 4221 ⁴)
901 4159 960 4203 suo
981 4137 1122 4222 Pighius
1142 4161 1215 4203 nm-

229 4218 349 4284 bratile
382 4226 551 4284 certamen
585 4220 648 4284 sibi
675 4222 780 4306 fingit.
825 4224 880 4287 An
913 4223 997 4287 mihi
1027 4231 1215 4306 portentum

231 4304 294 4367 hoc
316 4325 464 4387 unquam
487 4306 634 4371 venitin
655 4316 810 4386 mentem,
839 4308 967 4373 nullam
988 4306 1062 4373 Deo
1089 4310 1215 4375 consilii

231 4389 285 4453 sui
307 4389 469 4454 rationem
492 4392 665 4456 constare?
698 4391 791 4457 Dum
814 4412 875 4476 ego
897 4391 1008 4458 Deum
1030 4395 1214 4477 praesidem

231 4475 333 4539 totius
355 4474 472 4539 mundi
494 4483 613 4555 statuo,
647 4479 702 4560 qui
726 4477 1046 4561 incomprebensibili
1069 4488 1103 4544 et
1122 4482 1215 4546 miri·

229 4560 293 4626 fico
311 4559 448 4626 consilio
465 4562 629 4646 gubernet
646 4563 901 4644 moderaturque
918 4563 1043 4629 omnia:
1065 4587 1109 4630 an
1120 4566 1215 4632 illum

299 4831 331 4900 1)
348 4832 423 4888 Add.
442 4849 545 4889 comme
565 4833 719 4890 ordonnant
735 4834 797 4890 bien
822 4840 851 4888 ct
869 4834 1012 4890 deuement
1029 4843 1089 4892 tout
1113 4855 1143 4894 ce
1168 4843 1213 4909 qui

230 4906 275 4957 m
291 4916 331 5036 e2¹¹)
342 4908 499 5025 1¹litimrv‘drbis
514 4969 612 5039 Apost.
630 4983 709 5024 serm.
726 4968 770 5025 20.

300 5035 332 5106 3)
349 5038 391 5093 De
409 5038 498 5094 verbis
515 5040 613 5107 Apost
630 5053 710 5093 serm.
729 5038 771 5093 11.

301 5105 334 5170 4)
351 5122 426 5161 more
454 5122 504 5160 suo
522 5146 530 5160 .
549 5147 556 5161 .
575 5142 582 5158 .
599 5145 606 5161 .
625 5108 773 5163 constare?
803 5104 862 5163 Pro
887 5107 931 5162 bia
951 5107 1065 5165 Gallias:
1094 5111 1134 5168 Le
1152 5121 1212 5169 tout

231 5173 337 5228 redeat
353 5173 381 5230 la
398 5189 450 5242 que
468 5173 538 5230 Dieu
554 5189 590 5231 ne
606 5174 658 5230 fait
673 5177 732 5230 rien
750 5190 813 5233 sana
829 5176 929 5232 raison.

1266 2173 1373 2252 Addo,
1395 2173 1481 2256 quod
1502 2175 1537 2238 iu
1562 2173 1691 2239 Causae
1710 2175 1845 2238 nomine
1866 2176 1977 2239 fucum
1995 2172 2137 2256 Pighius
2159 2173 2246 2250 facit,

1267 2280 1400 2324 causam
1430 2259 1564 2323 finalem
1595 2280 1655 2341 pro
1687 2259 1815 2324 formali
1846 2261 1881 2323 in
1915 2258 2061 2323 medinm
2094 2259 2246 2323 afferens.

1265 2346 1341 2410 Etsi
1362 2346 1461 2422 enim,
1490 2365 1648 2427 quorsum
1670 2351 1795 2427 spectet
1816 2345 1918 2423 Deus,
1951 2362 2018 2408 non
2047 2352 2097 2409 cst
2128 2345 2245 2409 obscu-

1267 2452 1355 2495 rum:
1378 2450 1445 2495 non
1464 2430 1539 2495 ideo
1560 2438 1672 2495 tamen
1695 2430 1846 2513 protinus
1868 2437 2014 2512 apparet,
2037 2450 2095 2493 cnr
2110 2429 2158 2493 ita
2173 2428 2248 2494 fieri

1268 2516 1389 2582 deceat.
1433 2516 1528 2582 Haec
1550 2525 1661 2581 autem
1679 2517 1861 2599 praesentis
1878 2515 2023 2581 instituti
2039 2534 2169 2579 summa
2186 2523 2246 2579 est

1266 2602 1408 2667 Etiamsi
1431 2601 1530 2667 claris
1552 2603 1757 2685 argumentis
1778 2602 1938 2666 iustitiam
1957 2599 2049 2665 nobis
2066 2619 2160 2665 suam
2178 2620 2246 2664 non

1267 2689 1384 2771 probet
1403 2687 1507 2764 Deus,
1541 2688 1753 2753 statuendum
1775 2695 1886 2751 tamen
1908 2707 1989 2764 esse,
2017 2683 2176 2768 quidquid
2205 2685 2247 2749 ab

1268 2793 1306 2838 eo
1328 2774 1374 2851 fit,
1397 2773 1483 2838 iuste
1504 2774 1592 2838 fieri:
1615 2772 1689 2838 ideo
1711 2773 1744 2837 in
1768 2772 1838 2837 sola
1859 2773 1929 2837 eius
1950 2771 2121 2836 voluntate
2138 2770 2247 2852 quies·

1267 2859 1408 2925 cendum
1431 2879 1516 2924 csse:
1540 2865 1579 2922 ut
1596 2859 1680 2941 quod
1699 2859 1747 2922 illi
1764 2858 1894 2940 placere
1911 2857 2136 2941 intelligimus,
2153 2858 2247 2922 cuius

1266 2965 1327 3009 nos
1349 2964 1448 3010 causa
1468 2945 1563 3028 lhgit,
1585 2945 1691 3008 instar
1711 2944 1804 3008 mille
1820 2944 1986 3008 rationum
2008 2943 2156 3007 sufficiat
2185 2941 2246 3006 Ni·

1267 3031 1330 3095 mis
1352 3049 1431 3113 ergo
1452 3030 1563 3113 inepte
1584 3030 1759 3099 cavillatur
1779 3028 1931 3113 Pighius,
1958 3028 2036 3093 dum
2058 3048 2112 3091 me
2130 3028 2245 3092 incon·

1267 3116 1409 3180 stantiae
1429 3115 1609 3193 insimulat,
1632 3118 1710 3198 quia
1735 3115 1899 3180 rationem
1918 3114 2049 3179 divinae
2066 3113 2244 3178 voluntatis

1266 3201 1489 3283 quaerendam
1524 3221 1597 3266 esse
1630 3221 1764 3284 negans,
1799 3200 1982 3284 pronuncio
2014 3206 2126 3263 tamen
2160 3196 2245 3261 nihil

1266 3308 1343 3352 eum
1372 3286 1467 3364 velle,
1500 3286 1565 3351 nisi
1597 3286 1683 3370 quod
1715 3285 1870 3368 expedire
1903 3291 2023 3374 censet
2073 3284 2159 3349 Nam
2182 3284 2245 3348 hoc

1266 3373 1431 3455 posterius
1470 3392 1587 3437 causae
1628 3370 1847 3437 redditionem
1886 3392 1967 3449 esse,
2006 3390 2107 3452 quam
2151 3370 2245 3434 nobis

1266 3464 1417 3524 constare
1444 3457 1523 3523 alibi
1543 3477 1637 3541 nego.
1682 3457 1785 3540 Atqui
1817 3456 1922 3539 qualis
1956 3457 2023 3523 ista
2050 3462 2102 3520 est
2128 3473 2246 3520 causae

1266 3544 1393 3619 notitia,
1422 3544 1451 3609 si
1473 3544 1583 3608 Deum
1605 3542 1755 3609 consulto
1782 3544 1889 3609 facere
1918 3542 2004 3624 qnod
2030 3542 2110 3606 facit
2131 3539 2245 3605 audia-

1266 3649 1350 3705 mus,
1384 3638 1418 3693 et
1449 3628 1534 3711 quod
1567 3630 1615 3693 ita
1647 3627 1801 3712 expedire
1833 3636 1979 3694 censeat:
2017 3627 2154 3691 interim
2185 3645 2245 3690 nos

1267 3714 1373 3797 fngiat
1394 3724 1484 3780 certa
1501 3721 1535 3779 et
1552 3713 1703 3797 specialis
1721 3715 1829 3797 operis
1847 3712 2039 3796 consiliique
2056 3710 2160 3777 ratio?
2190 3710 2245 3775 Ad

1266 3798 1357 3878 haec,
1398 3800 1476 3883 quid
1511 3801 1598 3865 inter
1629 3799 1707 3864 fidei
1739 3801 1958 3864 reverentiam
1993 3807 2027 3863 et
2058 3795 2244 3880 inquirendi

1268 3883 1435 3950 andedam
1458 3886 1598 3964 intersit,
1631 3885 1817 3968 pronihilo
1840 3882 1973 3959 ducens,
2002 3883 2090 3966 quod
2110 3880 2244 3947 ereden-

1268 3970 1347 4035 dum
1369 3992 1441 4036 esse
1462 3971 1569 4048 doceo,
1592 3971 1634 4036 ad
1653 3971 1837 4054 vulgarem,
1858 3990 1942 4052 quac
1958 3969 2151 4034 humanitus
2168 3987 2243 4032 con-

1268 4057 1398 4140 cipitur,
1426 4057 1578 4121 notitiam
1598 4065 1808 4141 praepostere
1829 4056 1925 4138 rapit.
1945 4056 2037 4139 Ergo
2065 4055 2163 4120 simul
2193 4059 2242 4116 at·

1267 4162 1330 4224 que
1351 4143 1566 4208 affirmaverit
1586 4143 1758 4226 quispiam,
1785 4142 1945 4224 optimum
1974 4159 2105 4223 semper
2126 4136 2243 4223 agendi

1267 4229 1368 4291 finem
1386 4248 1457 4294 csse
1475 4229 1562 4293 Deo:
1581 4248 1692 4295 secum
1708 4230 1779 4311 ipse
1797 4226 1977 4304 dissentiet,
1996 4227 2024 4291 si
2041 4233 2154 4308 postea
2170 4242 2242 4289 cum

1266 4311 1373 4378 Paulo
1394 4314 1565 4395 exclamet,
1593 4314 1763 4381 recondita
1783 4333 1856 4379 esse
1877 4310 1941 4377 Dei
1963 4310 2094 4393 indicia,
2120 4308 2242 4375 etuias

1267 4399 1339 4464 eius
1360 4399 1715 4481 incomprehensibiles.
1737 4404 1811 4478 [pag.
1835 4402 1909 4477 113]
1948 4395 2148 4478 Quanquam
2157 4394 2187 4478 2)
2208 4394 2243 4457 in

1267 4505 1306 4549 ec
1323 4485 1449 4550 fallitur
1460 4486 1612 4569 Pighius,
1630 4485 1717 4570 quod
1734 4504 1810 4549 mea
1826 4483 1930 4567 ipsius
1947 4482 2050 4547 verba
2066 4497 2242 4565 agnoscere

1265 4591 1320 4635 me
1341 4570 1432 4637 iubet
1454 4592 1538 4654 quae
1558 4593 1600 4637 ex
1622 4570 1809 4655 Augustino
1830 4567 2016 4634 retuleram.
2056 4567 2123 4632 Ubi
2146 4584 2242 4648 quac-

1266 4656 1361 4735 ritur,
1383 4658 1490 4739 inquit
1510 4666 1644 4724 sanctus
1665 4658 1721 4723 ille
1739 4656 1839 4734 viat)
1861 4675 1920 4720 cur
1940 4655 1988 4718 ita
2008 4652 2124 4718 fecerit
2140 4649 2241 4725 Deus,

1266 4742 1531 4825 respondendum
1553 4751 1617 4810 est:
1644 4742 1732 4825 Quia
1757 4741 1871 4807 voluit
1916 4737 2014 4820 Quod
2041 4739 2070 4802 si
2097 4732 2242 4821 rogando

1334 4981 1364 5043 1)
1383 4997 1417 5036 en
1434 5000 1497 5038 mon
1513 4983 1676 5039 Instituticn.

1329 5047 1366 5128 ⁸2)
1386 5050 1543 5120 Quanquam
1562 5091 1568 5106 .
1588 5093 1595 5106 .
1612 5092 1620 5107 .
1639 5090 1646 5106 .
1665 5051 1827 5106 retuleram:
1852 5047 1925 5102 O'est
1947 5062 1978 5101 ee
2002 5061 2054 5114 que
2078 5045 2118 5100 dit
2140 5043 2166 5099 S.
2188 5043 2241 5096 Aa·

1263 5121 1363 5186 gusta

1333 5185 1364 5251 3)
1382 5186 1441 5241 Lib.
1461 5187 1476 5238 l
1495 5188 1528 5243 de
1546 5188 1645 5243 Genea.
1664 5192 1759 5241 contra
1776 5186 1954 5241 Manichacus
1973 5200 2032 5253 cap.
2049 5181 2075 5236 3.
