4680 5918
186 281 252 344 τις
773 273 980 346 scuram
999 250 1266 342 'spumosus
1283 274 1350 342 nn
1369 275 1628 344 osuvnsou
1856 244 1858 247 ’
2152 279 2221 342 720

283 466 378 548 Quad
475 463 570 530 ‘mum
591 482 711 530 nonum
730 464 876 547 siynum:
900 463 988 545 Quod
998 467 1112 544 pastor
1125 463 1178 528 rhte
1223 464 1361 546 punitur
1399 464 1602 530 traditionem
1639 465 1888 549 transyrediens,
1927 486 2022 548 ynam
2060 466 2119 549 qui
2149 487 2219 532 acr-

190 553 345 619 oanitatis
428 557 458 615 ct
476 550 556 617 duos
574 551 707 635 yladias,
730 550 845 633 quihus
865 568 980 630 corpus
997 549 1177 614 etanimam
1227 549 1301 614 bum
1321 548 1395 615 Dei.
1772 636 1775 641 ,

190 638 309 705 accidit.
1322 635 1620 717 Qm'nyuayesimum
1657 641 1797 702 adarim
1835 638 1977 722 siyrucm:
2017 636 2218 720 Cantenyrtus

282 722 587 805 Quinyuoyesimum
607 722 750 805 siynum:
774 720 863 803 Quod
879 720 985 802 ipsius
997 718 1179 784 adoratores
1231 740 1329 786 sanae
1349 720 1514 785 doctrinae.
1563 720 1658 801 Tace,
1681 723 1786 802 aiunt,
1812 743 1851 788 nc
1871 724 2014 804 loquaris
2034 724 2070 788 in
2090 723 2219 789 nornine

186 807 476 890 pseudoprophetae
503 806 615 871 habent
647 807 710 873 duo
740 825 871 885 cornua,
905 806 988 871 duas
1002 809 1178 887 potestates,
1230 805 1373 872 Domini.
1420 806 1558 886 Tempus
1579 806 1771 873 Antichristi
1792 809 1987 888 describitur,
2016 829 2076 892 yuo
2098 829 2217 876 sanam

193 894 396 976 tenaporahenc
417 898 446 957 ei
466 893 675 974 spirituahcrn.
1233 891 1407 956 doctrinam
1429 911 1491 956 nou
1507 891 1703 958 sustinebunt
1725 892 1770 979 (2.
1796 894 1930 960 Yimoth.
1954 900 1999 970 4).

285 977 589 1061 Quinquaycsimum
613 979 759 1060 primum
793 976 936 1059 siynum:
965 975 1054 1058 Quod
1075 973 1180 1056 pluri·
1322 975 1623 1059 Quinquayesimum
1650 998 1767 1043 nonum
1787 981 1929 1063 siynum:
1971 977 2101 1045 (housia
2126 979 2215 1047 iibri

192 1083 282 1130 mum
303 1065 371 1144 ipsi
392 1063 537 1130 laborant
564 1064 600 1128 in
620 1063 812 1145 defendendo
838 1060 952 1126 bestiae
973 1062 1180 1140 autoritatem,
1236 1061 1294 1125 Tot
1313 1060 1433 1144 siyihtis
1455 1063 1583 1126 clausus
1606 1069 1650 1127 est
1671 1064 1748 1130 iiber
1759 1063 1835 1144 Dei,
1856 1071 1891 1130 ut
1907 1085 1968 1130 nan
1986 1066 2036 1146 sit,
2057 1066 2217 1146 quiintci-

192 1151 297 1234 iynem
324 1149 560 1215 anathematum
588 1147 736 1229 faciontes
763 1149 801 1212 de
827 1147 906 1211 cocto
928 1147 964 1210 in
991 1151 1108 1211 terram
1129 1146 1180 1211 dc·
1233 1146 1318 1230 hiyat.
1365 1145 1429 1212 Sed
1455 1167 1558 1231 aynus
1585 1150 1641 1229 qui
1669 1151 1788 1215 occisus
1810 1155 1869 1231 est,
1898 1171 1969 1216 eum
1996 1171 2079 1216 nunc
2099 1151 2217 1235 incipit

192 1236 349 1314 scandere,
382 1240 418 1299 ut
440 1234 580 1299 hominos
600 1238 845 1312 concrementur,
873 1233 928 1314 qui
957 1230 1087 1297 bestiam
1108 1232 1181 1297 ado
1233 1231 1365 1313 aporire,
1387 1237 1460 1296 toste
1481 1231 1610 1298 Ioanne.

190 1340 266 1386 rare
287 1320 404 1386 nolunt.
448 1319 585 1384 Ibidem.
1126 1353 1132 1367 ν
1317 1315 1572 1400 Sesaycsimum,
1601 1320 1761 1399 ultimum,
1790 1325 1818 1386 et
1844 1323 1983 1386 onmium
2010 1323 2216 1389 deterrimum
2284 1331 2288 1341 '

284 1405 588 1488 Quinquaycsimum
626 1403 798 1468 secundum
836 1402 978 1485 siynurn:
1020 1400 1181 1483 Susceptio
1232 1402 1375 1485 siynum:
1414 1402 1529 1468 Bestia
1550 1406 1648 1469 vincit
1667 1411 1789 1472 sanctos
1815 1413 1843 1472 et
1864 1408 1975 1472 oceidit
1994 1428 2045 1474 eos
2066 1407 2216 1490 (Dan7

191 1489 384 1557 characteris
405 1491 441 1555 in
461 1490 565 1572 fronte
586 1495 615 1554 ct
635 1488 798 1568 manchus,
827 1493 862 1551 ut
883 1487 974 1553 hiscat
995 1487 1030 1552 in
1051 1487 1180 1552 ccclesia
1231 1493 1260 1552 ct
1286 1486 1384 1570 Apoe.
1414 1488 1482 1571 13).
1537 1488 1607 1555 Ima
1638 1493 1793 1575 sanyuiue
1825 1497 2005 1561 sanctorum
2037 1493 2217 1559 inebriatur

188 1577 357 1660 ncyotiari.
399 1573 458 1641 vIta
482 1596 574 1657 papa
601 1594 677 1640 suos
699 1577 869 1647 consecrat,
903 1578 932 1637 et
952 1574 999 1638 ita
1014 1573 1181 1654 praedicit
1233 1571 1343 1655 (Apoc.
1371 1578 1416 1639 17
1436 1579 1464 1638 et
1487 1574 1556 1658 18).
1608 1574 1672 1641 Sed
1699 1578 1807 1643 audiet
1834 1577 1926 1644 Deus
1953 1578 2118 1644 clamorem
2144 1581 2216 1646 aui·

191 1660 334 1727 Ioannes
354 1660 435 1725 dicto
456 1680 524 1740 cap.
550 1665 602 1724 13.
1231 1677 1357 1722 marum
1380 1658 1492 1742 (Apoc.
1518 1667 1539 1724 6
1560 1665 1588 1724 et
1611 1662 1656 1746 7).

284 1745 586 1829 Quinquayesimum
598 1745 726 1810 tertium
737 1743 880 1828 siynum:
903 1740 1179 1807 Cacremoniarum
1319 1744 1394 1809 Non
1410 1745 1511 1809 sotum
1527 1748 1699 1830 seuayinta,
1716 1750 1772 1814 scd
1782 1748 1861 1828 ptus
1878 1770 1974 1831 quam
1990 1753 2216 1818 sexcentaahia

189 1831 394 1912 confictorum
422 1832 556 1896 servitus
583 1832 746 1909 immensa,
783 1830 865 1911 plns
904 1847 1000 1909 quam
1039 1829 1178 1907 iudaico,
1230 1829 1324 1910 siyna
1345 1829 1482 1913 coliiyes,
1509 1852 1548 1896 ea
1570 1831 1747 1913 Ieroboam,
1770 1834 1894 1914 Achab,
1918 1835 2215 1918 Nabuchodonosor,

189 1917 345 1999 sacrdeya
365 1916 464 1997 furta.
514 1959 522 1974 ι
1232 1912 1396 1993 Antiocho,
1420 1921 1448 1979 et
1469 1917 1547 1981 otiis
1568 1919 1695 1999 impiis:
1718 1941 1758 1984 ea
1779 1920 1885 1986 bestiis
1906 1921 1972 1986 chiis
1994 1923 2029 1986 in
2050 1921 2217 2006 Babylone

282 2001 586 2084 Quinyuaycsimum
607 2005 755 2082 quartum
778 2001 920 2083 siynum:
951 1996 1179 2079 Multiplicatio
1228 2000 1358 2080 tutioris,
1381 2019 1420 2065 cu
1435 1999 1706 2080 Chananacorum,
1724 2004 1949 2089 Aeyyptiorum
1968 2009 2216 2089 acrehiyuorum

188 2086 351 2151 citiorum.
406 2086 563 2166 Quoniam
596 2086 769 2151 abundabit
801 2085 970 2164 iniquitas,
1003 2085 1180 2166 retriyeseet
1229 2086 1370 2150 omnium
1392 2086 1486 2152 idolis
1507 2093 1535 2153 et
1554 2089 1846 2170 abominationibus,
1868 2094 2020 2174 usquead
2031 2092 2215 2161 Sadomiam

187 2173 318 2237 caritas.
378 2169 572 2236 Antichristi
612 2176 687 2250 [pag.
716 2175 793 2249 670]
833 2171 961 2253 siynum
1001 2168 1055 2235 hoc
1094 2170 1179 2234 dedit
1230 2170 1440 2254 ctGiyantes,
1463 2176 1669 2255 quaeamuia
1691 2178 1823 2241 suntin
1839 2177 2035 2244 Antichristo
2055 2181 2215 2262 conrplda

188 2255 346 2322 Christus.
392 2255 440 2320 Et
468 2256 595 2322 Paulus
627 2259 683 2335 ait,
711 2258 780 2338 fore
806 2256 1001 2337 uoluptatum
1027 2261 1177 2335 amantes,

184 2362 318 2493 granos,
340 2341 515 2491 fatesrmbshOS'
544 2340 689 2407 habentes
714 2342 853 2424 formam
867 2341 1014 2423 pietatis,
1041 2361 1177 2423 quorum
1628 2431 1656 2498 c
1720 2433 1732 2496 l
1774 2434 1781 2446 ι

221 2448 278 2493 eus
299 2447 357 2491 sen
470 2476 477 2489 .
825 2478 830 2485 .
1657 2453 1719 2499 onc
1733 2453 1813 2499 us10.

281 2511 587 2596 Quinquaycsimum
626 2513 769 2594 quintum
808 2512 950 2595 siynum:
993 2510 1177 2594 Impostura

186 2598 425 2680 hypocritarum
442 2596 677 2678 prohibentium
689 2598 934 2678 matrimonium,
955 2602 984 2663 et
1003 2597 1176 2663 iubentium
1322 2600 1476 2681 Quisquis
1503 2622 1573 2667 cere
1599 2605 1711 2683 credit,
1731 2624 1856 2686 papam
1883 2625 1950 2670 esse
1969 2606 2215 2689 Antichristum‚

190 2681 348 2748 abstinere
369 2703 390 2747 a
412 2683 491 2748 erbis
513 2685 558 2764 (1.
583 2683 717 2749 Timoth.
740 2682 787 2767 4).
1106 2768 1112 2779 ¹
1228 2705 1299 2749 aere
1327 2704 1446 2767 quoque
1471 2688 1586 2767 credet,
1603 2690 1802 2770 papisticam
1822 2690 2007 2773 trinitatem,
2030 2693 2215 2776 paedobap

284 2767 738 2852 Quinquayesimnmsectum:
761 2768 850 2850 Quod
866 2767 1036 2833 discrimen
1053 2767 1177 2851 rehryio-
1229 2772 1359 2836 tisntum
1387 2777 1416 2835 et
1449 2773 1520 2838 ahia
1551 2781 1695 2857 papatus
1721 2782 1918 2842 sacramenta
1957 2797 2025 2843 esse
2050 2779 2216 2845 doctrinas

186 2871 260 2917 sum
286 2852 412 2933 faciunt
433 2855 514 2918 inter
535 2854 619 2920 diem
640 2859 669 2918 ct
689 2854 787 2933 diem,
814 2855 895 2919 inter
914 2854 1127 2918 uestimentum
1149 2859 1178 2917 et
1227 2856 1471 2923 daemoniorum.
1509 2857 1536 2924 Ο
1561 2856 1685 2926 Christe
1704 2861 1797 2941 Iesu,
1813 2862 1863 2943 hii
1883 2861 1963 2943 Dei,
1985 2864 2134 2930 liberator
2156 2866 2215 2932 dc·

186 2938 422 3016 uestimentum,
455 2940 538 3004 inter
568 2939 719 3020 capdlum
745 2945 775 3003 ct
794 2958 952 3004 rasuram.
998 2937 1178 3022 Rehiyiosas
1228 2943 1431 3023 montissime,
1461 2945 1517 3026 yui
1538 2945 1626 3010 toties
1641 2948 1797 3028 populum
1819 2947 1858 3013 ab
1879 2951 2039 3032 anyustiis
2059 2950 2215 3032 liberasti,

187 3027 453 3107 tdehaooyarstac
474 3029 561 3091 occat
582 3024 717 3091 Paulus.
1230 3027 1329 3092 hibera
1349 3048 1406 3093 nas
1431 3031 1564 3095 miseros
1585 3031 1624 3096 ab
1644 3031 1702 3099 hac
1723 3033 1903 3117 babylonica
1924 3035 2122 3101 Antichristi·
2139 3058 2218 3119 cap-

283 3108 584 3194 Quinyuayesimum
605 3111 789 3193 septimum:
814 3107 986 3174 Doctrinae
1007 3107 1176 3188 hominum,
1228 3113 1361 3193 tim'tatc,
1390 3115 1429 3180 ab
1458 3114 1619 3201 hypocrisi
1650 3120 1735 3200 eius,
1767 3120 1933 3204 tyrannide
1964 3126 1993 3186 et
2020 3122 2218 3189 idolotatria.

183 3199 215 3260 et
248 3195 436 3262 traditiones
468 3195 627 3262 humanae
658 3197 694 3260 in
725 3195 867 3263 maaimo
893 3194 1006 3276 pretio.
1054 3194 1178 3259 Acrius
1227 3197 1341 3262 Amen.
