4604 5896
192 1511 501 1597 EPISTOLAE
521 1512 797 1597 TRIGINTA
818 1514 900 1597 AD
920 1514 1186 1599 IOANNEM
1209 1518 1509 1604 CALVINUM
1533 1520 1975 1606 GEBENNENSIUM

839 1615 1331 1702 OONOIONATOREM.
1941 1651 1945 1658 ·

338 1834 575 1904 EPIS'I'OLA
595 1836 795 1916 PRfflAr)
1108 1859 1206 1922 quum
1226 1840 1269 1905 sit
1285 1844 1413 1923 sterque
1432 1842 1542 1923 realis
1565 1841 1714 1925 nullaque
1734 1844 1816 1910 inter
1836 1843 1974 1910 dlnmet
1994 1845 2092 1911 uuum
2184 1901 2187 1906 ,

1107 1924 1292 1992 similitudo.
1337 1925 1407 2011 qu
1438 1927 1532 1994 illum
1558 1928 1627 1994 dico
1653 1929 1756 2011 fuisse
1783 1928 1881 1995 buius
1912 1931 2092 1998 naturalem

159 2008 268 2076 Iesum
284 2008 378 2074 illum
396 2008 609 2087 Naearcnruu
625 2027 690 2088 pro
706 2007 795 2074 ααόῑε
811 2009 941 2075 misnia
956 2009 1057 2075 cruci·
1107 2010 1348 2077 similitudinem
1379 2016 1408 2077 et
1427 2032 1606 2095 pacatam.
1650 2012 1703 2079 De
1725 2034 1866 2095 persono
1890 2015 1938 2080 ita
1958 2014 2091 2097 proprie
2192 2061 2196 2069 .

69 2097 181 2180 ficunt,
202 2095 321 2178 fateris
339 2099 373 2159 tn
392 2094 516 2160 normae
536 2092 602 2158 dici
619 2093 723 2176 filium
744 2092 824 2174 Dei,
847 2095 903 2161 sed
924 2115 960 2160 re
981 2095 1056 2178 ipsa
1106 2094 1310 2178 loquebantur
1337 2097 1477 2180 antiqui,
1499 2102 1648 2181 ponentes
1672 2099 1708 2163 in
1728 2097 1798 2164 Deo
1818 2119 1990 2183 personam
2015 2099 2090 2181 filii,

70 2203 134 2249 uon
159 2200 225 2247 esce
250 2180 403 2263 attans)
450 2178 538 2244 Nam
557 2180 713 2246 rationem
734 2199 855 2260 ceram,
885 2200 985 2264 quare
1004 2179 1056 2245 bic
1107 2200 1187 2262 quae
1208 2188 1254 2247 est
1270 2203 1337 2248 nna
1353 2202 1425 2249 oum
1440 2183 1563 2250 lomim
1574 2203 1720 2264 persona.
1757 2183 1801 2248 In
1812 2205 1952 2267 persona
1971 2182 2091 2252 (timisti

71 2268 161 2334 bomo
181 2267 225 2333 sit
243 2266 333 2348 filiios
354 2264 435 2343 Dei,
471 2284 533 2331 uon
559 2265 660 2331 credis
685 2285 756 2331 mm
782 2285 864 2346 esse,
895 2265 978 2347 quod
1004 2264 1056 2333 bia
1106 2267 1223 2333 annm
1254 2270 1413 2351 sapientia
1444 2269 1519 2335 olim
1548 2269 1696 2351 formata.
1752 2269 1840 2335 Nom
1870 2269 2016 2337 &trians
2046 2275 2092 2337 est

43 2354 159 2420 ,bomo
185 2352 230 2417 sit
256 2371 326 2417 nere
352 2351 480 2436 penitus
508 2349 547 2416 dc
572 2350 750 2416 abstantia
777 2350 858 2417 Dei:
886 2351 941 2416 sed
968 2355 1055 2432 tropo
1106 2372 1181 2418 nera
1201 2354 1369 2435 sapientia,
1391 2356 1448 2437 qui
1468 2353 1509 2421 ab
1528 2359 1652 2421 aeterno
1673 2374 1767 2420 suom
1786 2355 1924 2437 tantam
1943 2355 2036 2423 babet
2054 2356 2091 2422 in

114 2439 208 2504 odam
234 2437 287 2503 ais
311 2435 431 2518 filiorm,
461 2437 539 2518 quia
566 2439 612 2502 est
638 2436 674 2501 in
703 2457 737 2503 eo
764 2434 940 2503 inuisibilis
967 2437 1054 2503 alius
1105 2436 1183 2503 Deo.
1230 2437 1294 2505 Sed
1324 2440 1424 2507 realis
1456 2441 1559 2521 illius,
1592 2439 1821 2507 etincisibilis
1847 2441 1926 2523 filii,
1958 2461 2050 2523 quem
2063 2443 2089 2527 ¹)

68 2460 174 2607 bbere,
204 2524 299 2606 qnasi
326 2522 442 2588 radius
464 2522 597 2589 decinis.
643 2519 787 2589 Monstro
813 2541 926 2606 maquo
946 2521 1055 2588 Deum
1105 2523 1240 2604 asseris,
1272 2544 1370 2608 monn
1393 2526 1465 2611 cnr)
1496 2526 1714 2609 formationem
1740 2526 1859 2592 dabis?
1904 2526 2090 2610 Impostnra

70 2610 232 2690 ᾱὲεεαῃεὲε,
254 2627 363 2673 oerum
382 2606 488 2688 etlinun
508 2606 661 2688 obliteras,
683 2614 713 2673 ct
728 2607 814 2674 Deos
834 2627 928 2675 nocco
946 2608 1052 2693 dupin
1106 2607 1224 2676 diaboli
1250 2615 1312 2686 est,
1345 2615 1373 2678 ct
1404 2610 1597 2694 impossibile
1626 2617 1799 2678 montrum
1831 2613 1866 2678 in
1898 2611 1976 2678 Deo.
2021 2613 2090 2679 Ad-

72 2696 118 2761 Te
133 2695 233 2776 plane
252 2693 364 2776 fefellit
387 2692 587 2777 mannum
612 2693 733 2759 dictum
756 2693 794 2760 de
819 2693 979 2776 sapierttia
999 2714 1052 2778 qe·
1104 2699 1187 2760 certe
1218 2699 1337 2777 auten,
1374 2697 1457 2779 quod
1492 2697 1580 2779 apud
1614 2695 1813 2764 saumonem
1848 2697 1993 2765 turam
2029 2718 2089 2764 oca

68 2782 147 2860 nito,
168 2800 249 2862 qnae
269 2782 429 2844 etoreata
450 2777 575 2859 dicitur,
603 2784 640 2844 ut
660 2779 709 2844 oct
728 2779 802 2845 binc
822 2779 958 2863 αοῑῑὶααε,
986 2798 1054 2845 esse
1104 2764 1253 2865 'nbbtnb
1280 2780 1405 2862 totam,
1433 2802 1496 2849 non
1518 2783 1650 2866 proprie
1670 2782 1831 2867 siquitbcat
1850 2784 2089 2868 qenerationern,

65 2864 239 2950 fiqruatam
258 2864 479 2946 nqnntonem.
525 2864 739 2931 Realitatibnts
765 2863 834 2930 illis
854 2865 970 2932 nedum
988 2864 1054 2931 dis-
1103 2865 1161 2931 sed
1181 2867 1410 2947 captationem
1431 2873 1460 2934 et
1478 2868 1704 2950 farmanno,
1726 2868 1832 2951 qrealis
1852 2869 1916 2951 fnit
1936 2871 1973 2934 in
1991 2874 2090 2937 marte

66 2952 207 3033 cerpitur
223 2949 324 3029 Dens,
345 2951 401 3016 sed
422 2953 451 3015 ct
471 2949 533 3016 dno
553 2949 616 3030 filii
636 2950 810 3016 dissimiles
825 2955 932 3031 aperte
948 2951 1053 3017 docet·
1105 2951 1224 3017 diviua.
1268 2951 1312 3017 In
1337 2954 1448 3019 anima
1475 2953 1616 3021 bominis
1643 2959 1689 3020 est
1708 2956 1835 3035 notitia,
1864 2955 2018 3039 imaqiuis
2037 2975 2089 3022 eu-

65 3040 130 3117 tur,
153 3036 233 3102 abur
254 3036 458 3118 iruaporcus
478 3035 668 3116 inuisibilis,
689 3035 769 3102 alter
790 3055 954 3119 corporeus
974 3037 1053 3103 uisi-
1098 3038 1241 3118 pressio,
1268 3038 1390 3120 famae
1417 3041 1586 3122 conceptio,
1608 3045 1707 3106 certae
1727 3041 1776 3106 rei
1794 3041 1987 3124 fiquratio.⁴)
2031 3042 2089 3107 An

68 3121 152 3188 bilis.
192 3121 348 3188 Absurda
364 3119 439 3186 baec
457 3125 485 3186 te
501 3140 564 3186 non
581 3127 715 3188 movent:
735 3122 772 3187 id
788 3127 909 3188 tantum
925 3121 1052 3188 cuna.-
1097 3128 1268 3206 propterea
1300 3129 1462 3206 conceptus
1494 3125 1548 3190 ille
1579 3126 1616 3190 iu
1647 3126 1758 3191 anima
1788 3130 1901 3191 nostra
1932 3126 2086 3209 dictum)

70 3208 110 3274 Si
136 3207 225 3274 borno
252 3207 296 3273 sit
324 3225 442 3286 senno,
471 3206 549 3271 duos
576 3226 642 3273 csse
669 3227 832 3289 semones,
862 3227 919 3273 cur
940 3211 1052 3274 uonet
1101 3207 1220 3289 nitius?
1266 3208 1479 3292 Nequaquam
1505 3210 1641 3294 profecto
1673 3210 1740 3275 nisi
1766 3210 1980 3290 metaphorice.
2027 3210 2088 3275 Po-

67 3294 148 3360 dnos
168 3292 277 3373 filios?
323 3291 419 3358 Nibil
438 3297 472 3356 tu
499 3290 545 3357 ibi
566 3292 733 3373 discernis,
763 3294 858 3377 qnasi
884 3297 1052 3376 utrumqne
1102 3295 1180 3359 tiore
1200 3312 1272 3359 vero
1292 3296 1413 3361 ratione
1432 3295 1588 3361 diceretur
1607 3297 1643 3362 iu
1671 3296 1781 3361 anima
1797 3300 1904 3361 nostra
1925 3314 2088 3361 asserere

62 3379 242 3463 proruiscm
274 3377 367 3444 tueor
394 3377 518 3444 caius
552 3378 700 3460 confusis.
751 3378 792 3446 Ut
824 3379 1051 3445 absurditatem
1105 3383 1134 3444 et
1163 3380 1264 3445 realis
1289 3381 1447 3464 qeneratio
1478 3380 1571 3447 iilius
1602 3385 1778 3461 unceptus,
1811 3400 1907 3464 quam
1938 3381 1974 3445 in
2006 3379 2084 3446 Deo.

67 3482 186 3530 omnem
206 3468 235 3529 et
255 3463 466 3545 confusionem
483 3461 583 3544 ntia,
605 3465 695 3530 ααὶεα
715 3467 744 3530 te
763 3484 846 3548 roqo,
866 3484 906 3529 ne
926 3462 1050 3530 vocibuis
1106 3463 1190 3546 Quia
1211 3465 1338 3532 animae
1358 3470 1481 3532 nodrae
1501 3465 1579 3548 quid
1601 3467 1794 3532 enuinsencs
1814 3464 1941 3531 aduenit
1960 3465 2088 3532 realiter

66 3548 221 3647 abutaris.
258 3547 296 3615 Si
311 3550 483 3631 propriam
500 3548 757 3650 aquitonionem
773 3555 808 3615 tu
825 3569 942 3649 arnas,
960 3549 1051 3648 aliud
1102 3549 1291 3630 distircetnm,
1312 3571 1374 3617 non
1394 3555 1498 3616 auum
1514 3549 1632 3634 Deo.⁶)
1668 3550 1753 3617 Erat
1773 3551 1810 3617 in
1829 3550 1901 3649 Deo
1921 3549 2088 3650 eneruati-

60 3634 1051 3818 tttttttttttttbtttttttttt‘tt
1101 3639 1432 3787 ῗὲὲαΨόἴμεΨΕ
1445 3637 1635 3804 ΜΞ
1650 3636 2088 3820 totttwtcttt

68 3811 114 3872 est
134 3805 353 3871 substantialis
371 3808 538 3891 penerotio.
583 3805 896 3886 1n[pag.678]boc
916 3811 1050 3872 ostrea
1100 3824 1152 3871 res
1179 3825 1298 3886 omues,
1331 3827 1413 3889 quae
1441 3807 1572 3884 futurae
1602 3813 1694 3875 erartt
1718 3827 1755 3872 nn
1782 3811 1860 3891 ipso.
1903 3806 1993 3874 Haec
2019 3812 2087 3873 crat

65 3891 108 3957 lis
128 3891 295 3971 distinctio,
317 3911 380 3958 non
401 3893 437 3956 in
458 3891 523 3957 ulto.
569 3890 635 3958 Hic
653 3891 742 3957 bourn
760 3891 858 3972 filius,
880 3891 958 3974 quia
971 3911 1049 3972 pro-
1100 3891 1211 3957 dioiua
1232 3893 1392 3973 sapientia
1408 3898 1516 3960 cunda
1533 3912 1714 3975 componens
1736 3893 1779 3958 ad
1797 3893 1936 3978 qloriam
1956 3891 2085 3974 Olcristi,

66 3977 183 4044 tutan
203 3976 269 4043 Dei
287 3979 413 4063 penitus
435 3983 494 4056 est,
516 3977 633 4042 dieitur
653 3996 764 4042 sermo.
807 3975 853 4042 et
873 3996 975 4042 sermo
995 3975 1049 4041 ute
1100 3975 1298 4043 etObrictus
1323 3976 1360 4042 in
1381 3977 1458 4045 Dec.
1502 3977 1610 4062 luca)
1640 3999 1702 4044 non
1729 3984 1799 4045 erat
1828 3979 1864 4044 in
1884 3978 1955 4045 Deo
1985 3978 2086 4043 realis

65 4063 149 4142 clun,
170 4064 247 4144 quia
269 4064 313 4129 ad
331 4064 396 4145 tilii
411 4063 639 4146 qenerationem
659 4061 807 4141 indebat,
829 4061 980 4143 etfilium
1000 4081 1049 4126 re-
1097 4061 1202 4144 filius,
1237 4063 1293 4129 sed
1311 4083 1451 4145 persono
1482 4061 1604 4130 Christi
1632 4063 1745 4131 realiis
1769 4063 1842 4146 ulti.
1900 4063 2085 4130 Relucentia

64 4147 190 4228 ferebat,
213 4148 373 4215 dicebatur
392 4149 490 4230 lilius.
536 4147 621 4213 Erat
646 4166 747 4212 sermo
772 4148 916 4230 referens,
938 4166 1049 4227 perso-
1100 4153 1170 4213 erat
1187 4148 1294 4230 futuri
1312 4147 1387 4230 filii,
1409 4150 1497 4216 etad
1512 4149 1578 4232 filit
1592 4152 1818 4234 qmerationan
1834 4147 2084 4213 substantialiter

67 4232 153 4297 nolis
178 4233 278 4313 filius.
325 4232 448 4319 Goqita,
472 4233 560 4315 λόγον
589 4253 655 4300 esse
678 4233 833 4299 rationem
858 4232 1048 4314 referentem,
1100 4231 1247 4299 tendebat.
1292 4233 1542 4302 Similitudinum
1568 4235 1709 4319 aliquam
1734 4239 1809 4315 [pag.
1835 4237 1910 4312 579]
1937 4234 1987 4299 uei
2011 4232 2084 4297 binc

65 4315 217 4395 etfilinm
238 4338 304 4383 esse
325 4340 363 4385 ec
385 4319 499 4386 Mario
518 4321 665 4405 qenitrcm.
712 4317 752 4384 Si
771 4319 907 4400 proprio
928 4317 1049 4401 siquid·
1094 4322 1184 4401 potes
1205 4319 1356 4399 accipere.
1404 4321 1534 4403 Quando
1556 4321 1591 4385 in
1612 4326 1707 4402 patre
1726 4319 1832 4403 futuri
1857 4318 1946 4384 Petri
1968 4323 2014 4384 est
2033 4338 2084 4404 qe·

65 4404 138 4466 catu
159 4399 246 4481 λόγος
267 4407 311 4468 est
332 4425 432 4471 sarno
452 4406 598 4488 refereris,
627 4424 683 4471 scu
704 4405 787 4470 ratio
805 4403 952 4485 rosanus,
973 4404 1048 4484 quis
1099 4405 1226 4469 uiturae
1246 4403 1451 4473 substantiale
1472 4426 1589 4486 semen,
1618 4411 1662 4471 est
1689 4406 1818 4470 iamin
1845 4424 1880 4470 oo
1907 4404 2085 4471 undantia
2220 4421 2224 4427 ·

64 4490 163 4552 temen
184 4484 284 4554 dicere
305 4491 430 4570 audeat,
452 4491 605 4558 Ioannou
623 4511 692 4557 vesse
711 4490 870 4556 ubuum?
908 4488 947 4555 Si
967 4489 1048 4554 dnos
1097 4487 1170 4571 tilii,
1192 4491 1332 4557 ααααααα
1350 4491 1441 4573 filius
1462 4493 1540 4575 ipse.
1586 4490 1737 4558 Nondum
1755 4495 1800 4557 est
1821 4495 1892 4557 tuuc
1913 4489 2002 4557 bomo
2025 4490 2084 4555 Pe-
2116 4489 2119 4494 ’

64 4590 231 4651 sermome,
261 4578 318 4637 ant
343 4575 421 4640 dnos
447 4576 532 4656 filios
551 4578 673 4644 ratione
699 4577 811 4659 aliqua
832 4575 935 4642 dicere
956 4573 1045 4654 iubet,
1576 4578 1580 4586 ’

64 4657 200 4724 uberum
231 4677 298 4723 esse
329 4658 467 4742 Quam
493 4661 626 4728 aterius
653 4663 818 4729 dicendum
844 4665 898 4727 est.
942 4659 1047 4742 Atque
1167 4710 1182 4763 1

63 4743 113 4809 ita
134 4741 259 4808 tandm
276 4746 497 4825 cmceniemus,
519 4747 661 4827 dicentes,
681 4746 784 4831 fnisse
801 4746 875 4813 olim
890 4745 955 4827 filii
969 4765 1046 4827 per-
1167 4713 1199 4848 23
1216 4718 1352 4838 gesna.
1908 4794 1911 4800 ·

63 4848 175 4896 sunum
202 4834 230 4894 eb
256 4828 404 4916 fiqurum.
456 4831 549 4898 Vobis
569 4833 679 4915 polius
707 4833 854 4899 tuantur
880 4852 946 4898 esse
973 4831 1045 4911 dito,
1167 4846 1199 4915 8)
1219 4848 1266 4905 Sic
1283 4849 1397 4972 scripsit
1415 4847 1545 4903 Murrina
1557 4862 1615 4917 pro
1633 4832 1744 4917 rnbbm
1763 4847 1857 4914 [Pr0v.
1875 4845 1901 4917 8,
1919 4844 1978 4929 24).
2015 4843 2080 4902 MS.

1098 4932 1150 4973 om.
1168 4917 1324 4974 hebraicam
1352 4919 1524 4984 imaturam
1541 4923 1568 4973 et
1584 4917 1683 4985 nbc'que
1700 4917 1820 4973 anun:
1838 4916 1943 4972 notan.

1166 4985 1197 5050 4)
1217 4985 1386 5056 significatio.
1950 5035 1953 5041 .

133 5010 162 5116 Ιἕ)
184 5050 261 5122 Quae
278 5055 311 5109 cn
328 5053 454 5124 nonne
476 5054 521 5110 na
543 5054 741 5110 catanance
762 5054 887 5109 tantan
904 5053 1046 5126 somnne
1167 5053 1197 5121 c)
1217 5054 1330 5111 dicatur.

62 5134 97 5175 aa
114 5120 379 5256 epdicffiiffirffleinci
393 5129 537 5193 acceptae
553 5129 618 5180 cunt
639 5123 674 5178 dc
690 5139 744 5194 quo
760 5123 823 5179 uide
841 5122 1044 5191 Proteqomeno.
1166 5121 1198 5260 bb
1215 5125 1250 5246 {1¹1l
1252 5123 1328 5247 elieo.
