4762 5918
217 316 257 375 aa
801 274 804 278 ⁴
1031 304 1396 376 assentantis.
2005 254 2007 259 ’
2175 313 2219 375 oc

215 499 382 566 doctrinae
404 504 535 561 nostrae
563 493 746 577 triumphos
773 494 916 577 quotidie
943 501 1078 578 spectet.
1122 494 1192 576 Ipsi
1243 495 1413 565 infamiam
1440 501 1474 560 81
1500 494 1619 560 bonam
1651 494 1781 559 famam.
1831 493 1947 576 Neque
1979 495 2068 560 enim
2094 494 2224 561 Christi

215 606 342 668 quoque
364 580 553 658 adversarii,
582 581 733 663 quamvis
755 578 971 658 dissimulent,
993 580 1125 647 insania
1146 589 1193 643 ta·
1243 582 1349 646 servis
1371 580 1481 644 minus
1500 581 1651 645 sinistros
1679 597 1829 644 rumores
1856 588 2065 645 contemnere
2085 602 2222 669 necesse

215 690 294 734 men
311 674 519 750 rumpuntur,
535 663 622 748 quod
640 664 791 731 homines
802 666 894 748 prius
905 665 1191 747 intemperantiae,
1244 673 1309 743 est,
1338 687 1436 748 quam
1464 663 1506 732 ab
1532 664 1642 730 inanis
1670 663 1794 749 gloriae
1823 665 1971 747 aucupiis
1993 685 2065 731 esse
2087 666 2221 732 8118188.

213 754 367 831 lasciviis,
389 751 626 835 impudicitiae,
656 749 753 816 vanis
775 749 891 815 mundi
912 751 1054 833 pompis,
1082 750 1192 815 avari-
1243 751 1330 815 Nam
1352 770 1408 815 eos
1424 751 1547 832 iniquis
1565 749 1694 815 iudiciis
1713 749 1882 834 gravando
1900 749 1963 817 hoc
1983 760 2094 834 captat
2104 749 2221 830 Satan,

215 841 297 916 tiae,
325 838 451 921 rapinis
481 835 623 912 deditos,
655 856 744 921 nunc
771 834 813 900 ad
834 835 1057 912 sobrietatem,
1089 835 1192 901 conti·
1243 843 1284 900 ut
1303 844 1393 900 recte
1411 834 1530 920 agendi
1551 835 1755 900 alacritatem
1773 836 1810 898 in
1830 833 1898 900 illis
1919 835 2058 919 frangat,
2081 836 2135 902 vel
2156 837 2223 902 sal·

214 925 371 1003 18111811,
393 923 587 1000 castitatem,
610 920 813 998 modestiam,
842 921 1041 1003 aequitatem
1062 940 1192 1003 compo-
1244 929 1312 985 1811
1339 929 1495 986 moretur.
1547 921 1736 998 Caeterum,
1769 926 1808 984 ut
1834 941 1895 985 nos
1924 942 1943 985 e
1970 921 2077 1004 gradu
2108 931 2222 988 nostro

215 1011 295 1075 sitos
323 1028 395 1074 8888
423 1007 545 1072 vident
595 1005 694 1088 Quod
722 1006 751 1071 si
777 1013 979 1088 quaeruntur
1006 1005 1062 1087 qui
1089 1006 1192 1071 conti·
1243 1006 1370 1072 moveri
1391 1007 1526 1072 minime
1547 1006 1709 1083 convenit,
1732 1006 1860 1088 quoties
1882 1003 1966 1071 bene
1987 1006 2115 1090 agendo
2136 1007 2223 1073 male

214 1117 319 1160 nuum
346 1095 434 1160 vitae
469 1102 615 1158 tenorem
653 1112 712 1175 per
744 1092 885 1158 virtutes
917 1098 951 1155 et
990 1091 1193 1174 praeclaram
1244 1090 1411 1156 audimus:
1434 1093 1481 1155 ita
1501 1112 1567 1155 non
1590 1091 1654 1156 nisi
1676 1111 1737 1156 sua
1757 1090 1854 1173 culpa
1873 1091 2059 1169 turbantur,
2087 1093 2142 1175 qui
2165 1113 2223 1157 ex-

214 1182 338 1246 iamam
360 1179 531 1243 duxerint:
554 1197 660 1259 noque
677 1177 800 1258 optimo
822 1176 938 1241 1811881
960 1197 1097 1241 numero
1119 1174 1192 1240 des·
1244 1175 1403 1259 cipiendis
1443 1177 1589 1242 susurris
1627 1175 1783 1258 falsisque
1823 1174 2042 1242 delationibus
2081 1177 2225 1243 nimium

213 1265 376 1339 tituimur.
410 1264 546 1329 Possem
564 1263 646 1327 satis
663 1262 784 1326 multos
804 1263 975 1327 nominare
995 1260 1054 1344 qui
1064 1281 1193 1327 summa
1243 1260 1393 1328 credulos
1414 1283 1449 1327 se
1469 1261 1635 1344 praebent
1679 1260 1733 1327 De
1757 1260 1909 1326 liuthero
1935 1282 2034 1344 quam
2054 1262 2167 1342 multa,
2191 1271 2226 1331 81

214 1349 314 1416 laude
343 1351 378 1413 11
412 1355 535 1433 papatu
564 1347 642 1412 olim
677 1353 900 1430 praestantes,
939 1367 980 1411 ex
1010 1367 1074 1430 quo
1108 1345 1192 1410 divi·
1244 1348 1280 1411 in
1311 1346 1521 1413 concionibus
1551 1354 1584 1412 et
1618 1346 1712 1412 libris
1739 1346 1852 1423 editis,
1892 1367 1951 1428 per
1984 1355 2069 1412 totos
2102 1348 2224 1433 viginti

215 1436 306 1501 111118
329 1455 412 1518 pura
433 1433 596 1516 evangelii
617 1433 803 1517 cognitione
825 1432 936 1497 donati
958 1440 1050 1510 sunt,
1081 1432 1192 1496 vivam
1244 1431 1390 1515 quinque
1418 1452 1523 1496 annos
1556 1432 1695 1499 fabulati
1726 1439 1805 1497 sunt
1840 1432 1967 1497 hostes!
2018 1432 2119 1498 Nulla
2146 1442 2225 1500 sunt

215 1540 306 1587 nunc
332 1520 495 1584 virtutum
522 1518 702 1602 imaginem
732 1519 769 1582 in
796 1519 864 1582 vita
890 1538 951 1582 sua
978 1514 1192 1598 exprimendo
1244 1516 1492 1583 mendaciorum
1512 1524 1673 1601 portenta
1696 1538 1780 1600 quae
1801 1537 1869 1582 non
1889 1518 1926 1581 in
1944 1537 2003 1582 nos
2021 1518 2226 1585 comminisci

216 1606 370 1671 umbram
404 1625 439 1669 se
471 1611 600 1668 tantum
634 1603 774 1668 antehac
812 1601 964 1668 habuisse
1002 1599 1191 1668 ostendunt
1245 1610 1280 1668 et
1306 1602 1471 1668 blaterare
1500 1600 1572 1668 ausi
1599 1603 1729 1669 inerint
1774 1603 1927 1668 Picartus
1941 1606 1966 1685 ¹)
1995 1603 2107 1669 doctor
2128 1605 2225 1669 Pari·

216 1689 286 1757 Sed
306 1712 350 1755 ne
371 1689 426 1755 hio
439 1750 440 1753 ,
455 1709 562 1754 sermo
589 1696 723 1771 propter
749 1687 893 1770 aliquam
919 1687 1094 1754 iactantiae
1119 1707 1193 1769 spe-
1246 1688 1379 1766 8181818,
1408 1687 1589 1753 turbulenti
1616 1689 1750 1771 quidem
1775 1688 1899 1753 cerebri
1928 1686 2042 1767 homo,
2078 1688 2226 1773 adeoque

216 1778 300 1843 ciem
328 1777 372 1841 811
398 1774 542 1852 odiosus,
576 1773 722 1839 breviter
748 1772 956 1839 concludam:
991 1777 1136 1851 [118881]
1165 1770 1194 1836 si
1245 1773 1421 1852 fanaticus,
1448 1773 1506 1838 aed
1533 1780 1646 1838 tantae
1671 1775 1760 1838 inter
1786 1793 1862 1839 suos
1890 1773 2158 1852 existimationis,
2186 1781 2226 1840 ut

215 1882 298 1945 quos
319 1868 513 1944 permovent
534 1859 700 1941 exempla,
728 1861 876 1923 virorum
897 1857 996 1923 simul
1019 1877 1056 1923 ae
1077 1855 1194 1922 mulie·
1246 1879 1312 1941 pro
1328 1860 1426 1925 certis
1452 1857 1593 1924 oraculis
1622 1859 1806 1925 habeantur
1833 1877 1948 1923 omnes
1977 1858 2047 1925 eius
2076 1860 2225 1937 naeniae,

216 1968 301 2025 rum,
324 1967 389 2011 non
410 1945 521 2011 minus
542 1952 648 2010 morte
669 1965 770 2027 quam
789 1944 858 2009 vita
874 1951 995 2009 testata
1016 1941 1194 2025 singilaris
1247 1944 1327 2009 dum
1347 1963 1440 2009 more
1461 1965 1520 2008 suo
1541 1963 1603 2025 pro
1626 1953 1784 2028 suggestu
1809 1941 2005 2022 baechatur,
2034 1942 2141 2010 dicere
2162 1944 2227 2010 sibi

215 2034 330 2115 pietas,
353 2030 494 2108 iustitia,
522 2030 671 2108 castitas,
702 2029 932 2112 temperantia,
946 2031 971 2113 ¹)
992 2027 1098 2093 multo
1120 2026 1194 2110 plus
1288 2030 1410 2105 rmisit,
1450 2049 1574 2112 negare
1612 2030 1681 2094 iam
1712 2050 1773 2094 nos
1810 2049 1945 2111 prorsus
1978 2030 2121 2112 aliquem
2153 2050 2227 2096 esse

216 2114 1056 2196 8111118188811118118181118181811811811811811
1076 2132 1194 2179 nocere
1281 2118 1404 2193 euml)
1460 2114 1507 2178 Et
1533 2112 1589 2178 ille
1615 2114 1749 2197 quidem
1783 2135 1818 2179 se
1849 2113 2060 2197 impudenter
2091 2116 2227 2181 mentiri

214 2201 466 2284 incompositam
488 2199 628 2265 aliorum
650 2201 754 2266 vitam
775 2221 915 2283 aequum
938 2199 990 2265 811
1246 2219 1314 2264 181
1335 2200 1482 2283 ignorat:
1505 2198 1564 2264 sed
1586 2201 1663 2282 quia
1684 2198 1847 2265 eiusmodi
1868 2198 2056 2266 homiuibus
2078 2221 2136 2283 pro
2197 2202 2226 2265 i-

301 2287 374 2351 1811
396 2284 439 2351 ad
460 2285 611 2350 ultimam
633 2285 862 2351 scandalorum
885 2285 1025 2371 classem
1045 2291 1194 2349 1181888-
1246 2292 1320 2349 tum
1342 2293 1393 2349 881
1413 2283 1531 2367 quovis
1554 2283 1650 2350 modo
1671 2307 1731 2350 nos
1758 2304 1964 2369 oppugnare,
1994 2283 2129 2368 quidqui
2172 2285 2247 2359 ins,

215 2393 301 2451 mus,
322 2392 421 2454 quam
439 2371 562 2454 partim
583 2393 626 2436 ex
647 2371 733 2436 fictis
750 2371 925 2436 calumniis
943 2374 1093 2436 constare
1115 2367 1194 2446 dixi,
1246 2369 1371 2436 vidiam
1399 2370 1541 2435 conflare
1569 2371 1665 2435 nobis
1692 2377 1814 2453 potest,
1849 2369 1912 2435 sibi
1939 2369 1977 2433 in
2004 2391 2065 2436 nos
2093 2371 2226 2438 effutire

214 2458 338 2542 partim
365 2477 408 2522 ex
441 2456 596 2540 malignis
629 2455 893 2523 cavillationibus
926 2455 1074 2539 prodire,
1113 2473 1194 2537 quas
1246 2455 1380 2521 fasesse
1402 2456 1570 2538 putant⁸)
1605 2457 1652 2520 Et
1672 2475 1763 2533 sane,
1785 2454 1916 2538 quando
1938 2454 2005 2520 iam
2026 2455 2148 2539 optime
2165 2477 2226 2521 no·

215 2542 419 2626 praeposteri
451 2541 602 2607 homines
634 2540 732 2625 longe
763 2542 883 2625 petitas
915 2542 951 2606 in
985 2539 1195 2624 evangelium
1246 2547 1368 2607 verunt
1388 2540 1478 2606 omni
1494 2562 1530 2607 se
1544 2541 1671 2607 ratione
1682 2540 1825 2621 destitui,
1848 2541 1912 2606 nisi
1925 2541 2082 2606 miseram
2094 2541 2227 2626 plebem

215 2628 339 2695 1118818
360 2633 522 2710 18118811
566 2628 619 2692 De
641 2625 815 2693 calumniis
840 2625 903 2692 hoo
929 2625 1073 2708 praefari
1099 2623 1194 2690 libet:
1246 2647 1357 2692 seeum
1377 2626 1552 2704 infatuant,
1571 2647 1640 2691 non
1657 2627 1778 2691 mirum
1798 2633 1857 2704 881,
1880 2627 2064 2692 necessario
2081 2646 2137 2692 eos
2155 2627 2227 2694 suf-

216 2732 285 2778 non
311 2712 432 2777 mirum
461 2733 546 2790 esse,
582 2713 609 2777 si
638 2731 694 2777 eas
721 2710 863 2795 improbi
896 2711 1046 2777 homines
1078 2708 1195 2792 procul
1245 2712 1262 2776 f
1307 2711 1336 2777 'o
1363 2710 1464 2777 abuti
1509 2710 1679 2795 Quidquid
1713 2718 1823 2777 autem
1849 2711 1945 2794 ipsis,
1973 2712 2072 2776 811811
2100 2712 2226 2796 absque

217 2796 403 2881 spargendo
435 2797 535 2862 iidem
562 2794 730 2862 doctrinae
755 2805 888 2862 nostrae
915 2794 1002 2879 apud
1030 2794 1195 2877 simplices
1247 2732 1363 2873 oblim,
1384 2799 1510 2880 fingere
1532 2797 1680 2874 libuerit,
1708 2795 1810 2862 fidem
1831 2796 1880 2861 ita
1907 2797 2056 2879 protinus
2077 2798 2227 2864 obtinere

216 2883 408 2949 subvertere
428 2882 614 2947 moliantur.
648 2881 718 2948 Nec
740 2903 819 2947 vero
840 2880 1007 2947 communi
1024 2900 1195 2947 servorum
1246 2903 1314 2947 non
1336 2881 1507 2947 debuerat:
1531 2890 1716 2947 esttamen
1738 2882 1819 2947 adeo
1842 2883 2014 2960 usitatum,
2044 2893 2082 2946 nt
2103 2903 2161 2965 pro
2183 2883 2226 2947 li·

217 2968 284 3034 Dei
304 2967 377 3052 lege
398 2987 458 3032 uos
479 2967 581 3032 eximi
602 2968 763 3033 convenit
808 2966 885 3031 Non
907 2973 978 3031 erat
999 2974 1088 3031 certe
1104 2966 1195 3031 Pau·
1246 2968 1311 3032 8118
1332 2966 1433 3032 etiam
1455 2967 1602 3033 ducat-ur.
1641 2966 1694 3032 De
1716 2989 1769 3032 me
1791 2967 1820 3032 81
1841 2988 2103 3046 commemorem,
2125 2988 2226 3051 quam

215 3053 268 3119 lua
286 3060 354 3117 tam
372 3073 531 3130 morosus,
553 3063 591 3116 ut
608 3052 830 3135 querimonias
847 3051 920 3118 illas
937 3050 1193 3128 frustraederet,
1246 3052 1352 3117 multa
1369 3050 1510 3117 absurda
1527 3062 1562 3117 et
1578 3052 1717 3118 ridicula
1734 3053 1850 3136 nugati
1868 3053 1945 3131 8111,
1964 3052 2145 3135 periculum
2163 3063 2225 3134 est,

215 3158 300 3222 quae
326 3142 450 3220 passim
478 3146 612 3203 exstant
644 3139 679 3202 in
708 3139 778 3203 eius
810 3138 947 3220 seriptis.
991 3135 1103 3202 Multa
1135 3156 1194 3218 pro
1246 3159 1288 3202 18
1310 3158 1425 3202 eorum
1453 3137 1587 3219 ineptiis
1614 3159 1668 3203 me
1689 3137 1867 3204 involvam.
1911 3138 2056 3203 Tantum
2077 3139 2165 3203 dico:
2194 3140 2227 3205 si
2262 3144 2277 3158 ‘

216 3245 278 3290 sua
305 3222 482 3306 prudentia
517 3223 661 3300 tacebat,
694 3222 801 3288 multa
827 3221 1017 3306 ignoscebat
1043 3241 1105 3305 pro
1133 3241 1195 3286 sua
1246 3222 1308 3287 hoe
1329 3223 1412 3288 iuris
1437 3223 1474 3286 in
1500 3243 1562 3288 nos
1590 3228 1739 3303 [118881]
1769 3224 1938 3302 statuitur,
1969 3230 2006 3288 ut
2032 3243 2097 3307 quo
2124 3233 2226 3291 erunt

214 3308 385 3388 modestia,
413 3307 518 3372 multa
563 3328 600 3372 ro
623 3308 725 3375 animi
748 3308 801 3374 sui
823 3306 1053 3392 magnitudine
1075 3307 1194 3373 tacitus
1246 3307 1357 3373 hostes
1379 3308 1483 3373 nostri
1504 3306 1546 3372 ad
1562 3306 1789 3373 mentiendum
1810 3310 1915 3393 magis
1937 3309 2098 3375 effraenes
2118 3317 2152 3374 81
2171 3309 2227 3375 in·

216 3394 408 3461 devorabat:
441 3402 475 3458 et
494 3329 647 3458 vidpamus
668 3405 780 3458 tamen
803 3394 930 3475 quoties
952 3413 988 3458 88
1009 3411 1070 3474 per
1091 3391 1194 3458 88818-
1248 3392 1438 3471 verecundi,
1466 3412 1504 3458 88
1526 3393 1571 3459 811
1590 3393 1756 3476 evangelii
1777 3414 1878 3460 88888
1905 3393 2059 3473 deterior,
2090 3414 2128 3459 88
2148 3403 2226 3459 tan·

216 3481 282 3546 sias
303 3478 413 3546 odiose
431 3479 534 3545 fuisse
554 3478 741 3545 traductum
764 3487 929 3562 queratur.
973 3479 1025 3543 De
1050 3477 1195 3542 sinistris
1246 3476 1384 3543 tundem
1406 3499 1449 3543 ex
1471 3479 1541 3543 eius
1562 3475 1627 3544 lide
1649 3478 1797 3544 decedat:
1820 3499 1889 3544 non
1911 3488 1962 3544 est
1979 3478 2064 3562 quod
2081 3500 2225 3562 queran-

215 3564 506 3631 obtrcotationibus
534 3563 665 3646 loquor,
694 3560 812 3646 quibus
840 3562 994 3629 malevoli
1023 3562 1195 3628 absentem
1246 3572 1302 3627 tur
1324 3571 1394 3627 tam
1415 3563 1521 3647 iniqui
1546 3563 1671 3629 iudices
1692 3563 1885 3629 scandalum
1913 3564 1975 3629 sibi
1997 3562 2108 3641 obiici,
2136 3564 2226 3646 quod

216 3658 250 3716 et
271 3650 412 3715 inscium
433 3648 521 3732 apud
542 3651 683 3715 nimium
705 3648 854 3714 credulos
876 3661 1051 3730 rerumque
1068 3657 1102 3712 81
1122 3648 1195 3714 veri
1245 3648 1334 3714 ultro
1366 3669 1402 3714 se
1432 3658 1588 3733 appetere
1620 3648 1808 3740 ostendunt.
1864 3648 1967 3714 Nobis
1998 3659 2108 3714 881811
2145 3669 2225 3716 cum

216 3735 350 3818 ignaros
377 3734 568 3818 gravabant
613 3734 700 3799 Nam
729 3735 852 3817 apertis
878 3734 1052 3800 calumniis
1084 3734 1194 3816 palam
1246 3733 1352 3798 Paulo
1384 3753 1496 3800 secure
1529 3734 1637 3800 dicere
1668 3734 1779 3800 liceat:
1812 3733 1879 3814 Qui
1911 3734 2059 3819 ignorat,
2091 3735 2225 3819 ignoret

217 3821 384 3901 impetitos
403 3819 504 3884 fuisse
526 3817 591 3883 Dei
613 3838 742 3895 servos,
771 3818 916 3901 adeoque
941 3818 1047 3883 filium
1075 3821 1193 3901 ipsum,
1248 3821 1278 3901 (l
1301 3819 1375 3884 Cor.
1398 3825 1447 3898 14,
1467 3819 1532 3903 38).

217 3904 293 3987 plus
323 3905 403 3969 satis
432 3910 547 3969 notum
575 3914 634 3969 est
685 3904 810 3967 Verum
839 3902 960 3980 Satan,
993 3902 1048 3967 ubi
1082 3911 1194 3986 aperto
1332 3905 1441 3970 Venio
1459 3904 1501 3969 ad
1519 3905 1658 3971 alteram
1675 3904 1949 3970 obtrectationum
1967 3905 2118 3987 speciem,
2136 3925 2225 3989 quae

217 3997 324 4054 marte
345 3988 430 4053 nihil
452 4009 487 4054 88
508 3991 665 4070 proficere
686 3986 784 4065 videt,
829 3990 936 4054 iorum
958 3990 1079 4052 lamam
1101 3989 1195 4070 quasi
1246 4010 1312 4054 non
1339 3989 1437 4054 modo
1465 4010 1508 4054 ex
1537 3989 1653 4055 eadem
1678 3987 1822 4055 Satanae
1851 3991 1983 4056 officina
2009 3989 2133 4072 prodit,
2166 3990 2229 4056 sed

217 4095 278 4158 per
299 4072 468 4140 cuniculos
490 4071 575 4139 olam
603 4072 759 4139 adoritur.
861 4094 917 4138 um
944 4074 1053 4154 itaque
1081 4073 1193 4154 procul
1247 4094 1347 4156 super
1368 4073 1483 4138 eadem
1516 4095 1645 4157 quoqne
1674 4076 1742 4140 fere
1769 4074 1887 4141 incude
1920 4075 2106 4141 fabricatur.
2150 4075 2229 4142 Hoc

217 4160 255 4224 in
288 4160 476 4244 longinquis
510 4158 698 4243 regionibus
733 4158 849 4223 duram
881 4159 1035 4224 militiam
1068 4157 1194 4222 Paulus
1246 4158 1352 4222 solum
1374 4166 1427 4223 est
1448 4156 1664 4239 (111811111118,
1695 4159 1782 4242 quod
1805 4161 1928 4242 priores
1950 4160 2015 4239 illi,
2044 4158 2228 4243 dequibus

218 4243 333 4324 obiret,
352 4266 455 4327 quum
477 4264 537 4328 per
558 4243 649 4308 mille
671 4243 862 4310 (1188111118
884 4244 1035 4309 tenderet
1056 4241 1099 4307 ad
1119 4264 1194 4325 pro·

217 4329 418 4395 movendum
441 4327 567 4395 Christi
595 4351 750 4412 regnum,
779 4329 927 4395 assiduos
954 4329 1091 4394 haberet
1117 4349 1193 4394 eum

217 4415 319 4480 variis
345 4413 495 4480 hostibus
522 4415 708 4492 conflictus,
743 4415 809 4481 huc
837 4424 871 4479 et
897 4414 976 4480 illuc
999 4411 1193 4479 cursitando
1316 4447 1345 4513 1)
1365 4448 1535 4503 Mam,
1546 4447 1651 4503 piem
1667 4463 1688 4501 ,⁸
1709 4447 1850 4518 pfcwd
1867 4448 1902 4501 nd
1918 4447 2083 4503 Memmi
2091 4448 2226 4504 meio,

217 4508 333 4583 gentes
354 4499 500 4565 locorum
518 4501 633 4583 spatiis
653 4499 750 4584 longa
768 4499 890 4565 divisas
910 4499 1062 4583 colligere
1082 4497 1193 4564 studo-
1246 4516 1370 4571 durensis
1388 4518 1522 4585 11888188,
1546 4517 1700 4596 theologiae
1719 4518 1824 4586 doctor,
1842 4517 2018 4571 concionator
2034 4517 2227 4639 plehliuffrstio·

217 4593 270 4650 ret
296 4585 332 4649 in
360 4585 437 4651 fidei
464 4587 639 4651 unitatem:
673 4587 785 4669 ignavi
813 4598 847 4650 81
874 4584 971 4649 nihili
1000 4604 1194 4650 susurrones
1246 4601 1293 4639 sus
1320 4585 1482 4640 Iesuitarum
1500 4584 1671 4639 adversarius
1690 4586 1738 4640 scd
1747 4584 1859 4640 Calvino
1878 4593 1907 4639 81
1915 4585 2098 4640 Lutheranis'
2147 4586 2224 4652 atior,

218 4691 295 4736 eum
315 4669 392 4735 ,a
413 4669 560 4754 aare
578 4671 770 4737 18181
791 4671 982 4736 onerabant·
1016 4668 1100 4751 aaa
1247 4627 2226 4791 1111111181111118118181111111

217 4767 308 4821 imm
335 4755 398 4821 Sibi
426 4756 584 4822 mmmm
608 4761 682 4836 luta·
701 4760 755 4835 82]
785 4757 825 4821 ab
853 4756 943 4820 ⁰mni
969 4755 1194 4853 imllmbqfflm
1352 4790 1560 4845 Navarr.Paris.
1580 4789 1685 4843 etHist
1706 4789 1755 4844 des
1772 4776 1881 4857 Eglises
1897 4788 1948 4844 111.
1965 4789 1998 4842 de
2016 4787 2123 4844 Franco
2140 4787 2162 4843 I.
2180 4788 2225 4859 30,

218 4861 330 4907 morsu
358 4842 480 4907 famam
503 4841 660 4924 postulet,
689 4862 790 4923 quum
816 4862 858 4906 18
885 4840 1027 4907 Paulum
1062 4840 1195 4923 qudem
1247 4855 1265 4911 5
1294 4874 1324 4913 se
1362 4859 1474 4913 .Hunc
1491 4857 1573 4912 talem
1590 4859 1676 4911 virum
1695 4856 1835 4927 designare
1854 4857 1972 4912 voluisse
1981 4856 2119 4912 calvinum
2138 4873 2226 4927 supra

218 4947 279 4992 888
298 4927 473 5010 integritas
494 4928 595 4994 tutari
617 4925 780 5009 potuerit?
811 4927 892 5004 Im,
916 4926 1002 5010 quod
1024 4926 1196 4992 8181881888
1248 4942 1310 4995 pag·
1383 4926 1574 4996 praecedentis
1582 4925 1733 4995 voluminis,
1752 4926 1874 4995 adeoque
1883 4932 1976 4980 notam
1992 4931 2114 4981 nostram
2122 4926 2158 4981 ibi
2177 4942 2226 4996 ap·

219 5018 360 5076 testatur
381 5012 416 5096 (2
438 5011 513 5079 (lor.
533 5018 562 5091 6,
585 5012 631 5095 8),
653 5033 829 5096 pergamus
850 5013 987 5080 infracto
1009 5012 1118 5078 animo
1136 5031 1197 5093 per
1247 4993 1654 5131 118811ἔί1ιῷρέῃέἒὲῗοίηὲ
1655 5010 1740 5117 m
1740 4996 1926 5131 uqfflcffi:

552 5185 564 5198 ,
1316 5129 1347 5194 3)
1366 5130 1439 5184 aad
1458 5129 1533 5185 Brief
1551 5129 1584 5183 ils
1607 5128 1667 5183 1811
1689 5147 1741 5185 818
1759 5130 1886 5185 devotion
1905 5131 1939 5185 de
1957 5129 2054 5185 1181111
2070 5144 2142 5198 pour
2159 5129 2226 5187 bien

289 5194 318 5263 1)
337 5204 531 5268 attrompancc.
1248 5199 1390 5255 1181118111
1406 5199 1466 5254 1881
1483 5198 1530 5268 foy
1548 5197 1711 5268 catholique,
1728 5197 1806 5268 qu’ils
1823 5199 1970 5267 appellent
