4702 5926
205 305 271 371 643

693 295 964 365 ΒΕΕἮΤΔΤΙΟ
984 294 1220 366 ERRORUM
1239 296 1503 366 MIOHAELIS
1524 297 1738 367 scevam

2159 298 2228 363 644

210 487 297 572 qnod
318 485 564 572 promissiones,
596 482 716 568 quibus
748 482 945 551 describitur
966 483 1092 552 Christi
1118 486 1191 551 offi·
1241 491 1369 550 mutato
1401 491 1598 551 testamento
1630 485 1761 552 diversa
1794 483 1980 551 haereditas
2008 489 2225 549 monstretur.

210 575 297 640 ιίιιι
319 580 354 638 et
375 572 492 650 virtus,
516 569 672 655 amplecti
691 590 825 638 necesse
842 569 972 649 habeat,
995 571 1074 636 solis
1089 571 1190 636 mira·
1241 571 1312 636 Nos
1333 591 1413 636 vero
1436 569 1515 636 dicit
1536 569 1713 655 participes
1735 571 1838 636 factos
1860 569 2008 636 coelestis
2027 569 2161 654 gloriae,
2184 575 2227 636 ut

208 658 292 725 culis
314 665 348 723 et
368 655 458 721 nuda
480 676 559 723 voce
581 661 746 735 contenta,
769 655 856 737 quod
867 654 1024 723 Christus
1039 657 1085 721 sit
1101 656 1190 723 filius

206 743 281 810 Dei.
326 741 425 808 Unde
451 742 597 807 infertur
623 742 660 805 in
690 740 843 824 precibus
872 761 1093 824 supervacuas
1119 761 1190 808 esse

207 828 457 914 promissiones:
485 827 552 893 imo
575 826 716 893 absurde
737 826 845 892 facere
867 847 932 907 eos,
955 827 1012 910 qui
1033 826 1190 910 precandi

207 915 365 981 fiduciam
394 912 472 979 inde
494 919 642 990 sumant,
675 911 753 994 quia
765 911 789 993 ¹)
812 913 906 978 Deus
933 933 968 978 se
990 912 1190 978 exorabilem

207 1001 277 1066 fore
298 999 505 1082 promittens,
526 997 708 1063 liberaliter
728 1017 785 1062 eos
807 997 850 1062 ad
871 1019 907 1062 se
928 998 1058 1064 inritat
1102 997 1190 1064 Oen-

207 1093 261 1151 tra
282 1104 363 1152 vero
384 1104 454 1149 non
474 1084 605 1150 obstare
616 1083 735 1149 Τιιιίι
756 1084 1012 1167 promissionum
1029 1083 1192 1150 delectum

206 1172 287 1256 quin
307 1170 371 1236 rite
392 1175 579 1255 precentur.

420 1355 594 1439 Quaenam
616 1355 660 1423 sit
680 1355 807 1422 iustitia
828 1355 978 1423 Secreto.

294 1510 493 1577 iustificatos
527 1510 568 1577 ab
601 1509 698 1574 initio
729 1509 832 1576 luisse
861 1509 939 1574 dicit
971 1508 1043 1574 sive
1070 1528 1113 1573 ex
1133 1507 1191 1574 Iu-

207 1595 308 1676 daeis,
349 1596 421 1662 sive
448 1618 491 1662 ex
516 1595 681 1679 gentibus,
717 1595 776 1677 qui
807 1602 898 1660 recto
930 1600 1070 1659 naturae
1097 1600 1191 1658 motu

206 1680 291 1747 bene
301 1681 468 1748 vixerunt
496 1679 698 1764 Quanquam
719 1686 829 1745 autem
851 1679 1105 1763 legisiustitiam
1119 1699 1190 1744 car-

208 1766 317 1833 nalem
347 1767 448 1832 fuisse
473 1765 568 1845 dicit,
608 1772 642 1830 et
682 1765 805 1830 latetur
834 1773 904 1830 tarn
925 1764 1066 1830 Iudaees
1093 1786 1192 1847 quam

210 1859 326 1937 gentes
348 1872 415 1917 non
433 1871 493 1934 per
510 1852 622 1917 omnia
633 1849 706 1917 Deo
724 1850 930 1930 satisfecisse,
951 1851 1063 1914 finalis
1080 1856 1192 1914 temen

208 1937 322 2005 iudicii
341 1937 467 2002 intuitu
487 1937 650 2003 iustitiam
671 1935 764 2001 illam
785 1935 863 2001 licet
883 1934 1051 2002 carnalem
1072 1942 1191 2001 etmu-

208 2023 303 2089 tilam
327 2022 472 2089 valuisse
495 2026 571 2101 [pag.
594 2027 669 2099 261]
692 2021 860 2087 contendit
880 2021 952 2087 sine
973 2020 1038 2086 fide
1056 2018 1190 2098 Christi,

207 2116 245 2174 nt
276 2109 312 2173 in
344 2107 519 2174 coelestem
551 2107 692 2192 gloriam
727 2128 803 2174 eum
837 2106 972 2173 Christo
1005 2114 1189 2190 resurgant.

206 2192 377 2260 Iustitiam
396 2213 485 2271 vero,
506 2213 593 2276 quae
614 2191 710 2258 nobis
730 2191 797 2258 fido
818 2193 923 2277 gratis
945 2192 1122 2271 confertur,
1145 2193 1192 2258 sic

209 2279 341 2363 copulat
375 2298 451 2344 cum
483 2285 624 2344 naturae
645 2278 790 2357 iustitia,
823 2284 862 2342 ut
888 2291 964 2342 non'
977 2276 1113 2342 tollatur
1133 2277 1192 2342 illa

208 2385 345 2447 operum
372 2364 519 2443 bonitas,
553 2383 620 2446 qua
646 2362 749 2428 etiarn
775 2362 938 2428 inereduli
962 2363 1034 2427 Deo
1062 2362 1192 2447 probati

177 2500 182 2508 .
209 2449 353 2515 fuerunt
399 2449 496 2514 Bona
522 2467 621 2532 porro
649 2468 668 2513 ο
711 2469 764 2527 ιι,
796 2468 881 2530 quae
908 2448 1193 2531 regenerationem

210 2542 405 2617 sequuntur,
428 2555 495 2599 non
516 2532 614 2598 modo
636 2554 655 2598 ι
701 2532 888 2618 augendam
904 2533 1065 2597 iustitiam
1082 2533 1194 2600 valere

210 2618 298 2698 dicit,
322 2617 380 2685 sed
402 2620 502 2685 etiam
524 2638 598 2684 esse
620 2620 691 2684 eius
706 2625 846 2701 partem,
869 2624 907 2683 ιι
920 2637 988 2682 non
1001 2619 1194 2700 simpliciter

207 2704 303 2769 nobis
330 2704 478 2788 gratuita
498 2703 626 2770 institia
645 2704 845 2786 imputetur,
874 2703 933 2770 sed
953 2701 1046 2768 Deus
1069 2724 1129 2769 nos
1151 2723 1193 2768 ex

208 2807 345 2871 operum
375 2789 518 2869 meritis,
559 2788 646 2856 sicut
673 2810 715 2854 ex
743 2787 870 2855 Christi
897 2788 1056 2874 gratim
1087 2789 1193 2854 iustos

209 2874 371 2940 aestimet

209 3058 384 3142 Quaenam
412 3061 457 3127 sit
477 3060 665 3128 differentia
686 3060 810 3128 veteris
836 3069 871 3127 et
890 3061 970 3127 novi
993 3061 1192 3142 testamenti

294 3214 407 3280 Deum
430 3214 493 3282 sub
514 3215 588 3300 lege
608 3235 781 3299 nunquam
802 3215 903 3282 fuisse
925 3214 1107 3300 cognitum,
1135 3214 1193 3281 sed

208 3299 346 3383 angelos
376 3301 467 3366 illius
494 3303 652 3385 temporis
680 3302 758 3367 deos
785 3302 887 3368 fuisse
916 3300 1031 3366 tradit:
1061 3308 1097 3366 et
1124 3301 1193 3366 cul·

208 3391 289 3464 tum,
313 3387 371 3469 qui
384 3386 458 3452 Deo
479 3388 539 3452 uni
560 3387 707 3466 debetur,
730 3387 859 3472 angelis
879 3387 979 3455 fuisse
997 3384 1191 3452 exhibitum.

207 3470 261 3535 Ad
284 3471 384 3551 haec,
416 3472 595 3556 quidquam
618 3473 789 3557 spirituale
815 3471 965 3557 patribus
993 3472 1095 3537 husee
1116 3493 1192 3555 pro-

206 3556 351 3623 missum
372 3566 490 3642 negat,
520 3559 574 3626 vel
596 3559 729 3625 vivifico
752 3559 871 3643 spiritu
893 3558 995 3623 fuisse
1016 3559 1191 3642 regendos,

208 3641 267 3706 ssd
305 3649 474 3709 terrenam
513 3643 773 3711 benedictionem
811 3644 994 3728 quaesisse,
1034 3644 1111 3726 quia
1149 3664 1192 3708 ex

275 3860 305 3927 1)
325 3861 447 3917 d’autant
472 3863 551 3933 qu’ils
569 3863 680 3919 veulsnt
696 3865 801 3934 obliger
818 3862 890 3920 Dien
908 3879 942 3921 ec
958 3862 985 3919 le
1004 3870 1137 3920 sommant
1154 3863 1188 3919 de

206 3941 251 3984 ses
269 3944 430 3998 promesses.

274 3996 306 4065 2)
325 4000 395 4054 siem
411 4015 446 4054 ex
464 3998 564 4056 Christi
581 4002 669 4069 gratie
685 4015 737 4056 em.
757 4000 792 4056 θ.

1242 656 1325 723 tales
1348 657 1451 723 simus
1468 656 1504 721 in
1526 663 1623 736 terra,
1641 654 1748 739 qualis
1769 656 1804 720 in
1827 655 1916 722 coelo
1939 654 2032 721 Deus
2054 660 2113 720 est

1329 910 1477 976 Tametsi
1489 908 1512 996 ¹)
1543 930 1585 975 ex
1612 912 1775 978 immensa
1801 910 1941 977 colluvie
1973 918 2103 993 partem
2135 908 2226 977 hanc

1243 995 1399 1075 delibavi,
1428 1005 1462 1062 et
1489 995 1629 1078 simplex
1657 1017 1677 1061 a
1703 1019 1758 1063 me
1784 996 1933 1063 recitatio
1960 995 2069 1078 posita
2089 1000 2154 1074 est,
2184 1015 2226 1060 ea

1243 1087 1355 1146 tamen
1382 1081 1469 1146 ultro
1497 1102 1532 1147 sc
1554 1083 1679 1163 prefert
1700 1082 1900 1160 absurditas,
1928 1100 2012 1162 quae
2039 1100 2108 1145 non
2125 1079 2227 1146 modo

1243 1165 1413 1231 fastidium
1434 1176 1468 1233 et
1489 1187 1647 1232 nauseam
1668 1174 1823 1252 provocet
1843 1163 2029 1244 lectoribus,
2052 1164 2110 1230 sed
2132 1186 2226 1232 sum·

1243 1272 1333 1317 mam
1365 1252 1617 1319 detestationem
1649 1254 1814 1320 accendat.
1863 1251 1937 1317 Vae
1970 1258 2080 1316 autem
2107 1272 2226 1317 eorum

1244 1339 1381 1422 stupori,
1395 1337 1461 1421 qui
1482 1337 1525 1403 ad
1547 1338 1706 1405 eiusmodi
1727 1344 1880 1423 portenta
1900 1358 1968 1402 non
1989 1335 2192 1404 horrescant.

1330 1600 1404 1674 [pag.
1433 1598 1509 1673 ιιι]
1550 1592 1640 1659 Ηιὶι
1666 1592 1750 1658 libro
1778 1592 2082 1677 subscripseruntl)
2110 1592 2228 1660 Geno-

1243 1679 1356 1746 vensis
1378 1679 1533 1746 ecelesiae
1556 1679 1706 1745 Ministri
1727 1699 1766 1745 ac
1786 1679 1956 1746 Pastores:

1706 1834 1875 1899 Iohannes
1898 1831 2067 1898 Calvinus.

1705 1918 1834 1985 Abelus
1855 1918 2058 2000 Pouppinus.

1706 2003 1846 2070 Iacobus
1868 2001 2070 2068 Bernardus.

1707 2089 1865 2154 Nicolaus
1888 2088 2052 2154 Gelasius.

1705 2175 1902 2240 Franciscus
1924 2174 2145 2259 Bourgonius.

1706 2260 1864 2326 Nicolaus
1886 2259 2065 2342 Parvusl)

1706 2345 1911 2411 Reimondus
1933 2343 2099 2411 Oalvetus.

1707 2431 1898 2496 Matthaeus
1920 2429 2130 2497 Malesianus.

1706 2516 1851 2582 Michael
1874 2515 1996 2599 Oopus.

1708 2601 1876 2667 Iohannes
1895 2601 2135 2752 Pyreriusstgll

1707 2687 1874 2753 Iohannes
1897 2709 1917 2752 a
1939 2685 2061 2753 Sancto
2135 2683 2229 2753 drea

1706 2771 1874 2838 Iohannes
1895 2771 2066 2837 Beldinns.

1706 2856 1874 2924 Iohannes
1895 2857 2051 2937 Faber.⁵)

1707 2942 1877 3009 Iohannes
1899 2942 2114 3028 Maenas)
2194 2969 2198 2974 ·

1708 3029 1864 3096 Nicolaus
1885 3026 2108 3096 Oolladonius.
2137 3062 2139 3066 ⁴

1312 3249 1343 3308 1)
1362 3248 1491 3304 Combien
1508 3263 1560 3318 que
1578 3249 1603 3304 ie
1621 3247 1698 3318 n’aye
1720 3250 1787 3305 faict
1809 3253 1891 3319 qn’un
1910 3249 2005 3320 simple
2028 3248 2098 3306 reeit
2115 3248 2165 3305 dee
2184 3264 2230 3305 er·

1243 3331 1321 3373 reurs
1339 3316 1373 3373 de
1391 3317 1497 3384 Servat,
1515 3332 1579 3372 sans
1597 3331 1708 3373 amener
1724 3317 1765 3374 les
1783 3321 1889 3375 raisons
1906 3335 1958 3387 par
1974 3317 2123 3388 lesquelles
2138 3319 2165 3374 ie
2183 3318 2230 3375 les

1243 3401 1370 3456 pouvoye
1388 3401 1546 3456 reprouver,
1565 3391 1594 3440 et
1610 3401 1663 3454 qne
1681 3386 1744 3441 d’un
1761 3386 1796 3440 eb
1815 3403 1871 3443 eme
1888 3385 1964 3442 inlini
1980 3385 2050 3455 i'sye
2066 3387 2119 3441 tire
2136 3385 2229 3442 seule·

1243 3460 1318 3509 ment
1335 3455 1451 3524 quelque
1489 3469 1524 3509 eu
1542 3453 1687 3524 d’erticles‚
1706 3405 1849 3511 tcuteslois
1867 3455 1886 3509 il
1903 3472 1921 3524 y
1938 3471 1956 3511 ι
1973 3455 2007 3511 de
2025 3453 2185 3510 l’sbsurdite
2204 3455 2229 3510 si

1242 3522 1353 3593 lourde,
1380 3469 1497 3592 laquelle
1525 3537 1555 3577 ιι
1581 3531 1701 3577 meusne
1724 3524 1758 3578 ds
1776 3539 1826 3594 roy
1842 3539 1942 3579 mesme
1961 3540 2014 3606 que
2031 3522 2074 3579 les
2089 3523 2228 3579 Lecteurs

1242 3606 1298 3646 non
1319 3591 1471 3647 seulement
1494 3606 1528 3645 en
1551 3589 1666 3645 devrcnt
1687 3597 1760 3647 estre
1788 3592 1899 3648 lesches
1920 3607 1987 3649 mars
2003 3592 2079 3649 ιιιιὶ
2095 3592 2174 3649 avoir
2192 3607 2227 3647 en

1243 3659 1409 3715 detestaticn
1426 3677 1463 3714 uu
1480 3659 1519 3713 tel
1536 3665 1666 3714 monstre.

1311 3725 1341 3792 2)
1360 3729 1501 3797 apprcuve
1518 3733 1548 3782 et
1565 3728 1689 3783 somerit.

1309 3794 1340 3862 3)
1359 3796 1440 3851 Petit

1309 3863 1341 3932 4)
1358 3864 1436 3919 Pirer
1454 3865 1536 3930 (cici)

1310 3931 1341 4069 ιζ
1361 3933 1387 3988 le
1405 3932 1501 3988 Ferre.

1310 4000 1328 4054 6
1357 4001 1478 4057 Macerd.
