4604 5896
77 324 140 389 669
769 320 1032 389 ΕΡΙΒΤΟΙιΑΕ
1055 318 1120 385 ΔΙ)
1143 313 1403 384 OALVINUM.
2029 327 2093 387 670

79 530 148 575 nem
167 510 232 575 dici
251 508 364 590 filiam,
382 511 491 593 pratia
507 506 646 586 unionis,
668 529 731 573 non
748 510 874 573 onitate
893 509 1064 592 pencratio
1116 506 1153 570 in
1173 504 1268 585 {inali
1290 507 1407 571 iudicio
1426 525 1531 570 cnam
1548 503 1616 570 Deo
1632 505 1813 588 profrdura.
1857 506 1902 572 Et
1923 513 2024 573 tamen
2045 509 2092 575 ibi

79 597 140 661 nis.
209 595 297 676 Qtiod
330 600 375 659 est
402 594 592 659 Anticbristi
623 595 768 659 maxima
799 594 1002 677 blasphemio,
1037 598 1065 657 et
1115 591 1198 655 nibil
1225 591 1263 655 de
1284 591 1549 672 promissionibus
1570 592 1708 655 auditur.
1764 591 1860 657 Libro
1888 595 2022 659 socienda
2055 597 2094 661 de

80 686 225 747 munima
243 681 379 746 duorum
398 681 540 762 tiliorum
561 679 745 759 impostura.
1116 675 1249 741 Iustitia
1266 679 1355 760 requi
1375 675 1502 754 Gltristi,
1524 696 1591 756 cop.
1614 681 1639 740 2
1660 682 1688 740 et
1711 681 1733 740 3
1749 677 1916 760 plerosque
1937 679 2089 759 iustifica-

1115 767 1161 826 tos
1186 763 1320 840 ostendi,
1353 762 1467 843 quibus
1488 762 1579 827 nullo
1601 767 1673 826 tanc
1694 763 1889 827 succurrebat
1909 767 2091 844 nanneto.

1118 845 1348 911 Promissiones
1375 848 1500 928 quidun
1527 847 1658 912 addebat
1685 847 1760 912 olim
1780 847 1871 913 Deus
1897 851 1931 913 in
1959 850 2037 932 lepe,
2066 855 2094 914 et

347 933 582 1002 EPIS'POLA
603 934 796 1001 DECIMA.
1109 933 1341 1011 promissiones
1363 932 1496 997 addebat
1518 932 1676 1011 Obristus,
1703 952 1775 996 cum
1796 934 1975 999 salubribus
1988 937 2011 1015 ¹)
2034 936 2093 1000 mi-

1113 1018 1242 1095 raculis,
1265 1022 1301 1080 ut
1322 1018 1364 1082 ad
1384 1038 1417 1081 se
1437 1018 1569 1098 facilites
1590 1039 1646 1081 nos
1667 1018 1809 1083 alliceret.
1850 1018 1970 1100 Scopas
1991 1025 2093 1086 tamen

170 1104 247 1170 Sine
264 1106 477 1185 promissione
496 1106 649 1170 neminem
665 1125 759 1185 posse
780 1103 958 1185 iustificari,
984 1124 1061 1185 per-
1112 1101 1188 1182 fidei
1214 1107 1338 1166 nostrae
1363 1109 1407 1167 est
1432 1105 1500 1182 ipse
1529 1102 1690 1174 Christus,
1725 1109 1760 1167 at
1788 1124 1858 1168 enan
1886 1125 1952 1169 esse
1980 1126 2091 1170 acram

80 1191 227 1256 tiuaoiter
248 1190 402 1271 defendis,
432 1195 461 1254 et
479 1190 574 1271 {idem
597 1189 715 1255 Christi
736 1209 842 1271 veram
861 1189 974 1254 callide
996 1190 1060 1253 dis·
1115 1187 1279 1265 Messium,
1300 1187 1405 1268 {ilium
1416 1188 1489 1266 Dei,
1511 1189 1697 1253 saluatorem
1714 1194 1862 1268 nostrum,
1881 1190 1999 1271 fiducia
2011 1197 2094 1256 certa

81 1276 225 1341 amulas.
270 1275 326 1338 Eo
345 1275 412 1339 solo
431 1281 555 1356 aspecta
579 1275 707 1354 Oloristi,
729 1275 886 1339 miracula
905 1273 1060 1354 facientis,
1113 1274 1294 1338 aedanus:
1316 1273 1359 1337 ad
1380 1274 1511 1355 idque‘2)
1528 1274 1795 1353 promissionibus
1820 1275 1946 1354 diuinis,
1968 1281 1997 1340 et
2015 1276 2093 1341 aliis

74 1363 201 1442 poterat
221 1361 336 1426 mulier
349 1359 550 1440 Obananaea,
571 1361 620 1426 oel
633 1359 848 1424 Caesarianus
870 1360 990 1439 aliquis
1011 1358 1062 1422 illi
1114 1358 1151 1422 de
1171 1358 1251 1423 coelo
1273 1359 1409 1436 testibus,
1431 1360 1534 1442 inopis
1553 1360 1723 1439 firmemur.

80 1447 207 1512 aedeis
227 1445 414 1526 iustificari,
444 1451 517 1525 [pag.
542 1451 616 1524 603]
640 1447 764 1510 etiamsi
785 1445 823 1509 de
838 1444 1061 1524 promissioni-

82 1532 140 1597 bus
161 1530 245 1596 nibil
260 1551 400 1612 unquam
422 1532 622 1597 audivissem.
635 1531 660 1613 ¹)
694 1531 782 1596 Nam
805 1529 949 1595 Obristas
967 1529 1061 1609 factis

82 1619 236 1699 quoque2)
260 1617 448 1696 declarabat,
469 1637 503 1681 se
524 1637 591 1681 esse
610 1617 714 1698 filium
734 1615 807 1694 Dei,
835 1620 865 1679 et
885 1615 921 1679 id
938 1615 1061 1679 meden-
1344 1613 1578 1679 EPISTOLA
1600 1613 1857 1681 UNDEGIMA.

81 1709 126 1767 tes
153 1701 292 1766 bomines
324 1701 480 1782 salvabat,
516 1709 544 1768 et
571 1702 776 1783 iustiticobat,
808 1700 934 1765 etiamsi
962 1703 1060 1764 essent

83 1787 261 1872 senaar)
283 1787 404 1852 nnllam
425 1789 670 1870 promissionem
696 1787 845 1852 babentes.
890 1784 960 1849 Imo
980 1784 1061 1848 ridi·
1202 1785 1286 1865 Quia
1306 1784 1392 1866 facta
1414 1785 1528 1862 annia,
1552 1788 1581 1847 et
1597 1790 1685 1850 actus
1706 1806 1904 1868 quoscunque
1926 1786 2018 1852 bonos
2038 1808 2092 1852 aas

81 1872 201 1950 aelam,
229 1873 259 1936 si
287 1873 360 1953 qais
385 1893 446 1938 non
467 1873 511 1937 sit
532 1873 599 1939 Deo
628 1875 819 1950 crediturus,
848 1872 914 1934 nisi
937 1869 1060 1950 aliquid
1112 1889 1217 1934 omncs
1239 1870 1396 1947 deluditis,
1413 1874 1513 1934 aestro
1535 1871 1570 1932 in
1582 1868 1730 1935 Iacobum
1751 1879 1922 1952 mimante,
1946 1872 2092 1937 Abraba-

81 1958 150 2037 ipse
168 1959 340 2038 promittat.
389 1959 451 2039 Qui
480 1964 569 2023 eram
598 1960 634 2023 in
662 1960 738 2023 nani
760 1978 830 2022 cnm
852 1954 947 2033 Iona,
976 1960 1004 2018 ct
1024 1956 1059 2018 in
1111 1974 1197 2019 mum
1218 1956 1353 2019 dicentm
1375 1975 1440 2018 esse
1459 1956 1554 2035 tactis
1575 1954 1789 2036 iustificatum,
1818 1958 1929 2036 idest,
1952 1958 2091 2024 declara·

83 2043 217 2121 Ninive,
245 2043 442 2108 crediderunt
471 2043 553 2122 Deo,
582 2044 664 2108 nibil
684 2042 894 2125 promittenti,
929 2041 984 2105 scd
1012 2042 1059 2103 eis
1112 2045 1178 2103 tum
1199 2041 1333 2104 iustum:
1355 2040 1618 2121 operaepretium
1637 2061 1686 2104 me
1705 2041 1866 2123 factarum
1881 2048 1971 2123 pato,
1993 2044 2023 2107 si
2044 2064 2090 2107 er-

80 2131 208 2192 mortem
233 2128 376 2193 minanti.
423 2128 564 2195 Fiducia
584 2135 667 2194 certo
687 2150 720 2193 se
740 2129 792 2192 illi
815 2127 883 2193 Deo
904 2126 1059 2190 mmanue-
1110 2145 1213 2190 emera
1234 2124 1317 2190 bunc
1338 2125 1502 2189 eliminare
1523 2129 1683 2190 tentavero.
1725 2126 1842 2191 Fateor
1863 2128 1996 2208 andare,
2022 2149 2089 2208 ope-

80 2217 163 2289 rant,
186 2213 347 2291 credentes,
370 2233 439 2277 eum
451 2234 546 2293 posse
566 2220 695 2279 mortem
715 2219 859 2289 anemae,
878 2212 914 2276 ob
936 2211 972 2275 id
992 2211 1059 2274 ius·
1110 2211 1199 2275 ribus
1220 2211 1379 2275 declarari
1403 2211 1511 2292 tidem,
1540 2212 1594 2275 sed
1621 2231 1715 2291 opera
1742 2213 1818 2293 quid
1846 2213 1937 2277 (client
1958 2212 2086 2294 efficere,

80 2297 207 2378 tifiaati,
235 2303 308 2363 teste
332 2298 462 2364 bleristo.
507 2300 717 2383 Eoonpeliam
739 2298 804 2364 Dei
812 2296 841 2381 ⁴)
870 2301 914 2360 est
936 2316 1058 2359 annun-
1109 2297 1217 2361 multis
1230 2297 1405 2362 rationibus
1423 2297 1554 2361 ostendo.
1586 2295 1713 2360 Primo.-
1735 2296 1907 2380 Malefacta
1923 2298 2016 2362 alind
2024 2298 2091 2379 edd

80 2383 174 2449 ciatio
193 2384 253 2450 illa
269 2382 335 2449 Dei
348 2386 469 2466 patris:
492 2385 557 2449 Hic
578 2390 623 2451 est
642 2384 732 2465 tilius
753 2403 839 2448 meus
861 2382 1001 2459 dilectus,
1023 2383 1058 2445 in
1111 2383 1204 2459 munt,
1215 2401 1310 2462 quam
1320 2383 1490 2448 declarare.
1513 2381 1657 2460 Furtum,
1670 2381 1869 2461 adulterium,
1879 2382 2089 2462 homicidium,

79 2489 139 2549 qao
160 2468 239 2532 mibi
266 2470 483 2550 complacitum
509 2476 567 2549 est,
598 2473 704 2550 ipsum
730 2469 845 2534 audite.
893 2465 987 2530 Nibil
1007 2465 1059 2532 bic
1111 2472 1140 2530 et
1160 2468 1229 2532 alia
1250 2468 1404 2533 eiusmodi
1424 2487 1524 2532 nonne
1544 2472 1618 2531 sunt
1632 2468 1785 2548 peccata?
1835 2467 1874 2533 Si
1895 2468 2014 2533 adibas
2030 2468 2090 2549 bis,

73 2554 248 2634 promittit:
270 2560 390 2618 tantcan
407 2556 554 2636 declarat,
577 2557 654 2638 quid
671 2556 751 2634 uelit,
773 2559 800 2618 et
817 2554 895 2634 quid
911 2551 973 2616 sibi
984 2551 1059 2633 pla·
1110 2553 1176 2617 siae
1186 2558 1316 2632 caterae,
1333 2555 1400 2618 siae
1410 2553 1528 2618 interne
1538 2554 1681 2633 sumptis,
1692 2554 1853 2633 respondet
1862 2553 1972 2633 aliqua
1977 2574 2090 2634 poena,

80 2644 153 2704 ceat.
198 2639 252 2703 Ita
276 2638 422 2705 Cbristus
443 2643 541 2719 docet,
572 2642 652 2706 banc
679 2661 746 2705 esse
771 2640 957 2704 uoluntatem
984 2637 1058 2716 Dei,
1111 2659 1209 2720 quare
1225 2640 1466 2704 contrariisnon
1482 2637 1676 2717 respondebit
1691 2639 1802 2719 aliqua
1817 2639 1944 2722 plocio?
1969 2636 2089 2703 Saltem

80 2723 169 2789 nobis
190 2724 391 2804 declaratam,
414 2733 450 2791 ut
470 2727 552 2791 banc
567 2728 671 2808 filium
687 2727 834 2803 uidentes,
855 2725 889 2788 in
911 2743 982 2788 eum
998 2743 1061 2787 cre·
1109 2730 1181 2806 post
1201 2725 1416 2806 ademptomss)
1443 2725 1595 2806 pratiam,
1625 2744 1663 2788 ae
1684 2729 1719 2788 tu
1749 2727 1856 2790 omnia
1878 2730 1969 2789 antea
1989 2725 2091 2805 faisse

78 2810 207 2888 damus,
242 2808 355 2874 Ioann.
382 2816 411 2874 d.
466 2812 607 2878 Etiamsi
633 2812 739 2877 nudae
757 2811 892 2894 fuissent
919 2827 1058 2889 unquam
1104 2831 1212 2891 praua
1229 2811 1395 2875 cacilleris.
1448 2809 1558 2873 Virtus
1577 2810 1701 2891 oratioe
1720 2815 1872 2891 aequatur
1893 2811 2002 2874 uirtuti
2017 2831 2088 2891 pao

73 2896 316 2975 promissiones,
344 2915 398 2961 nec
424 2897 488 2976 lae,
517 2919 571 2964 nec
587 2897 773 2979 propbetac,
800 2896 887 2961 sotus
909 2895 1059 2959 adventus
1110 2897 1181 2975 cati,
1202 2916 1239 2960 ac
1261 2896 1353 2961 diam
1374 2894 1608 2974 superabundat
1632 2895 1721 2959 Rom.
1746 2900 1773 2959 5.
1824 2895 1910 2979 Erpa
1934 2895 2091 2976 benefacta

80 2979 200 3045 Obristi
222 2979 410 3060 iustificaret
431 2982 493 3046 sibi
515 2985 681 3061 credentes,
709 2982 758 3047 oel
779 2982 844 3047 solo
865 2981 935 3062 ipso
952 2979 1060 3062 patris
1112 2983 1145 3044 in
1166 2983 1273 3063 pratia
1294 2985 1417 3046 tantum
1433 2981 1543 3058 balad,
1567 2981 1610 3044 ad
1630 2983 1804 3064 aupendam
1824 2982 1969 3064 plocium,
1990 3001 2089 3062 quan-

80 3066 261 3129 testimonio.
315 3065 405 3130 Sicut
431 3067 517 3133 solas
544 3074 686 3151 aspectus
713 3067 879 3150 serpentis,
907 3067 953 3129 ita
974 3064 1060 3129 solus
1110 3072 1178 3130 tam
1197 3068 1365 3150 malefacta
1382 3069 1417 3130 in
1434 3071 1560 3148 peccato
1576 3066 1680 3130 ualent
1696 3067 1738 3131 ad
1757 3068 1932 3148 armandam
1944 3087 2087 3146 poeriam.

77 3149 154 3230 fidei
175 3151 309 3215 intuitus
329 3151 366 3214 in
390 3151 559 3231 Christum,
582 3154 722 3219 salvabat
744 3155 838 3219 etiam
859 3151 981 3229 merdas,
1004 3151 1059 3231 qai
1114 3152 1270 3217 Secundo:
1298 3151 1513 3234 Copnoscenda
1535 3150 1591 3214 tibi
1613 3156 1657 3215 est
1677 3152 1727 3215 ais
1748 3152 1895 3217 dictiaris
1917 3151 2090 3216 ecclamoac

74 3237 320 3318 promissionem
348 3237 470 3304 riudam
506 3240 619 3306 audire
639 3244 794 3320 poteraut.
847 3237 903 3302 Ea
933 3241 1060 3319 aspectu
1112 3237 1236 3303 Iacobi:
1260 3238 1334 3303 Non
1355 3258 1393 3301 ec
1419 3238 1480 3319 fide
1502 3241 1622 3300 tontum
1642 3238 1829 3317 iustificatos
1850 3243 1893 3301 est
1916 3235 2089 3316 Abrabam,

81 3323 165 3386 enim
181 3327 304 3404 poterat
330 3323 365 3386 in
387 3324 434 3386 eis
454 3323 616 3405 sufficiens
643 3325 750 3390 baberi
772 3324 809 3389 de
832 3323 954 3388 Obristo
973 3322 1060 3404 noes.
1111 3323 1166 3389 sed
1192 3343 1230 3387 cu
1261 3324 1355 3405 factis
1390 3342 1517 3403 amque.
1566 3321 1655 3404 Erpa
1688 3323 1730 3386 ad
1763 3323 1892 3386 eandem
1924 3322 2089 3401 iustitiam,

80 3405 135 3470 Ea
156 3407 221 3472 solo
242 3408 337 3472 etiam
359 3410 445 3490 aprrd
466 3410 605 3475 absentes
625 3412 746 3476 audita.
781 3408 825 3475 In
847 3408 968 3473 Israile
984 3428 1060 3487 pro-
1111 3429 1207 3490 quom
1235 3408 1316 3489 rides
1347 3408 1499 3489 effecerat,
1539 3409 1614 3484 [pag.
1642 3412 1718 3485 605]
1753 3408 1894 3488 aliquid,
1912 3408 2090 3472 adiecerunt

79 3492 246 3556 missiones
267 3493 402 3573 babente,
424 3515 486 3560 non
507 3495 626 3561 inuenit
645 3496 791 3561 Obristus
813 3499 934 3559 tantam
953 3492 1057 3574 fidem,
1109 3493 1203 3575 facta.
1240 3494 1360 3559 Tertio:
1386 3492 1567 3558 Dedaratio
1589 3491 1650 3554 illa
1671 3512 1722 3556 res
1742 3493 1852 3557 imanis
1873 3497 1926 3570 est,
1947 3491 2088 3574 lippocri·

81 3578 290 3657 quantumin
315 3578 513 3646 Centuriones
533 3582 570 3645 in
589 3602 648 3662 qao
668 3583 736 3646 sine
751 3580 971 3663 mommsione,
991 3579 1061 3642 sine
1111 3581 1159 3644 sis
1180 3584 1233 3658 est,
1256 3580 1287 3644 si
1308 3579 1375 3644 sola
1396 3577 1566 3642 declaratio
1583 3581 1762 3656 quaeratur.
1797 3577 1889 3642 Solus
1906 3583 1974 3643 erat
1987 3577 2089 3643 Abra-

74 3662 186 3743 priore
201 3662 410 3744 instmctione,
433 3671 501 3730 erat
519 3665 640 3746 fiducia
661 3673 726 3731 tam
741 3685 901 3749 praesens,
924 3669 990 3728 tam
1011 3684 1059 3727 oe·
1111 3665 1185 3729 bam
1206 3686 1276 3730 cam
1293 3663 1371 3743 Deo,
1392 3664 1447 3744 qui
1467 3661 1675 3728 declaratione
1696 3683 1759 3727 non
1779 3663 1945 3746 indipebat,
1965 3664 2020 3727 sed
2042 3682 2090 3726 oc-

79 3747 203 3812 bemens
239 3748 350 3814 Mattb.
381 3755 411 3815 8.
467 3751 607 3817 Fiducia
631 3752 735 3831 idias,
763 3771 853 3834 ouem
880 3749 1002 3814 videbat
1032 3752 1061 3813 et
1110 3771 1183 3816 rom
1203 3756 1231 3815 et
1251 3755 1452 3832 spontaneam
1479 3767 1606 3828 operinn
1633 3750 1835 3813 accessionem
1855 3747 1958 3814 adbuc
1979 3752 2089 3832 eapos-

79 3832 218 3899 credebat
240 3855 334 3917 posse
359 3837 473 3901 ornnia.
510 3837 674 3922 Possem⁶)
696 3838 740 3902 ad
760 3838 814 3902 boc
834 3842 923 3900 tuum
943 3835 1061 3899 dictum
1112 3836 1203 3902 cebat.
1252 3838 1384 3917 Quoto:
1417 3833 1539 3899 Merces
1568 3852 1710 3912 operam,
1739 3834 1859 3899 doctore
1889 3834 2025 3912 Cbristo,
2056 3855 2090 3898 re

78 3919 304 4000 euplodendum
326 3922 502 3986 testimonia
520 3923 589 3987 alia
610 3928 639 3987 et
660 3924 801 4006 exempla
822 3920 1060 4000 ludificatorem
1112 3924 1185 4005 ipsa
1208 3922 1333 4003 aliquid
1355 3919 1510 4000 estquod
1536 3920 1730 4000 rependetur.
1739 3920 1769 4004 ⁴)
1814 3917 1957 3998 Intellipe
1978 3939 2091 3984 mercc-

79 4004 234 4104 adducere
255 4007 432 4085 innumera,
455 4011 520 4070 tam
539 4013 612 4071 ante
628 4011 749 4090 tempus
768 4008 852 4090 lepis,
874 4025 970 4103 quam
987 4011 1060 4069 tenc-
1114 4010 1193 4086 dem,
1211 4008 1254 4072 ad
1273 4011 1387 4071 certam
1397 4024 1578 4102 mansuram
1593 4003 1687 4102 factis
1698 4004 1834 4088 siupulis
1851 4004 2089 4102 respondentem,

75 4089 1061 4270 ababtatttttttttblbbllbttbb
1111 4098 1477 4260 bbmbqqt
1495 4089 2089 4256 tbttbbtbttttdbtb

82 4258 144 4322 sibi
165 4261 284 4341 saetam
300 4265 542 4345 promissionem
564 4264 618 4329 itte
638 4269 710 4328 time
731 4263 853 4342 sciebat,
880 4262 937 4327 sed
957 4261 1059 4326 aeoe-
1112 4263 1278 4342 declarari,
1302 4268 1337 4326 ut
1358 4263 1393 4325 in
1414 4261 1561 4325 iridiciali
1581 4259 1659 4341 foro.
1703 4260 1836 4341 Alioqui
1853 4258 2024 4338 iustificare
2041 4259 2088 4323 di-

81 4339 132 4404 bat
153 4363 218 4408 esse
239 4347 396 4415 iustitiam
421 4350 457 4413 in
479 4349 557 4416 Deo.
604 4349 695 4415 Idem
721 4350 872 4415 scribitur
893 4348 931 4411 de
952 4348 1059 4428 reqess)
1113 4351 1204 4427 citur,
1226 4349 1281 4430 qui
1300 4368 1338 4412 en
1359 4348 1476 4412 iniusto
1495 4348 1532 4427 bt
1551 4346 1661 4423 iustas,
1685 4350 1713 4408 et
1733 4347 1789 4426 qui
1806 4364 1845 4407 cc
1865 4345 1947 4408 iusto
1966 4344 2004 4424 m
2024 4345 2091 4408 ius·

80 4425 256 4493 Abinieleab
280 4432 356 4496 Gen.
378 4439 434 4513 20,
452 4435 490 4500 de
508 4435 602 4501 Raab
619 4456 769 4521 carmena,
791 4435 829 4500 de
847 4432 1060 4511 Samaritano,
1115 4437 1184 4513 tior,
1205 4455 1262 4500 sea
1283 4435 1374 4499 cuius
1395 4432 1535 4497 iustitiae
1556 4431 1682 4512 aliquid
1700 4431 1823 4508 auco,
1845 4434 1880 4493 ut
1901 4429 2014 4511 accipit
2036 4429 2091 4494 Ia-

82 4516 112 4576 et
126 4511 288 4608 plerisque
308 4517 394 4582 aliie.
450 4518 494 4584 Iu
519 4522 636 4587 insulis
657 4523 763 4601 novis,
793 4522 858 4587 soto
884 4523 958 4600 [pag.
982 4523 1058 4595 604]
1113 4519 1212 4585 cobus.
1260 4518 1348 4583 Sicut
1369 4520 1426 4600 oui
1447 4517 1597 4582 sordidus
1619 4521 1672 4594 est,
1695 4515 1842 4581 sordescit
1863 4515 1979 4595 adbuc,
2008 4514 2092 4596 citit

81 4599 287 4663 conscientiae
304 4604 475 4667 testimonio
491 4606 649 4672 inoniitm
664 4608 740 4689 fidei
761 4606 949 4672 etiustitiae
968 4603 1060 4682 ratio,
1112 4605 1289 4669 sordidior:
1314 4605 1359 4669 ita
1380 4605 1436 4686 qai
1457 4604 1560 4668 iustas
1581 4606 1634 4679 est,
1656 4600 1847 4680 iustificetur
1868 4601 1979 4679 adbuc,
2008 4606 2034 4665 et
2053 4600 2091 4681 fit

1112 4691 1234 4769 iustior,
1255 4694 1328 4754 teste
1340 4688 1468 4755 Ioanne.
1503 4685 1628 4752 Paulus
1649 4705 1769 4766 quoque
1785 4706 1847 4768 per
1867 4706 1961 4768 opera
1983 4687 2092 4768 anperi

1110 4777 1195 4842 docet
1221 4775 1363 4840 iustitiae
1383 4776 1569 4856 proventum
1602 4776 1634 4836 2.
1659 4769 1727 4837 Gor.
1754 4776 1783 4836 9.
1840 4770 1947 4837 Sento:
1990 4771 2089 4835 Facta

147 4870 178 4991 ὲ)
196 4872 325 4928 audisset.

146 4943 178 5076 Bb
196 4957 375 5065 {affigam
1002 5081 1005 5089 .
1115 4980 1117 4984 Ι
1179 5014 1208 5079 1)
1229 5012 1400 5095 salutaribus.

147 5078 178 5142 4)
196 5078 248 5134 De1
266 5095 316 5133 om.
1179 5082 1210 5148 2)
1228 5091 1310 5152 atque
1326 5081 1363 5135 al.

148 5145 177 5211 5)
196 5147 319 5203 Possum.
617 5185 622 5196 ·
1178 5151 1209 5216 3)
1228 5153 1364 5219 adeptam.

147 5215 178 5283 6)
196 5230 261 5285 rege
279 5233 330 5272 om.
1178 5217 1210 5286 4)
1228 5218 1392 5289 rependitur.
