4680 5918
1135 241 1318 324 Paoehs
2173 258 2241 319 666

1227 452 1230 549 Ι
1255 453 1305 510 116
1327 444 1357 510 16
1379 445 1432 510 fila
1454 445 1494 511 de
1516 446 1613 520 Dieu,
1637 467 1656 510 6
1678 445 1746 511 dict
1766 444 1948 510 Iesuchrist
1974 452 2088 510 nostre
2114 445 2169 509 fils
2199 442 2240 509 de

650 547 778 613 ῙΝῙΠ,
1254 533 1341 596 Ι)166
1365 531 1405 595 de
1427 540 1515 595 toute
1537 533 1686 607 etemite,
1720 533 1792 596 ains
1823 541 1897 595 tant
1928 531 2113 596 seulement
2145 529 2240 594 dem·

1254 637 1341 700 pays
1363 638 1422 681 sou
1443 617 1659 681 incarnation.

1341 703 1427 767 Item
1445 712 1479 766 et
1495 710 1608 767 contre
1627 724 1663 768 ec
1682 724 1745 785 que
1763 701 1830 767 diet
1847 701 2041 785 lescripture
2052 701 2241 767 Iesuchrist

1255 793 1342 852 estre
1362 788 1416 852 fila
1439 788 1479 852 de
1497 786 1607 854 David
1628 788 1718 853 selon
1736 788 1770 853 la
1786 787 1887 865 cheir,
1910 786 1935 851 11
1954 787 1985 853 16
2003 809 2069 871 nye
2087 787 2240 851 malheu·

1257 886 1444 937 reusement
1466 873 1576 938 disant
1596 874 1703 957 iceluy
1725 882 1812 938 estre
1838 893 1912 939 eree
1935 871 1975 938 de
2003 873 2035 937 la
2061 874 2242 939 substance

1257 957 1297 1022 de
1321 960 1407 1023 Dieu
1430 959 1460 1023 le
1482 980 1569 1042 pere,
1592 969 1693 1044 ayant
1715 979 1811 1024 recen
1832 970 1922 1044 troya
1942 958 2088 1024 clemens
2106 958 2243 1042 diceluy

1230 1049 1232 1110 l
1256 1051 1290 1108 et
1311 1066 1379 1126 nug
1402 1052 1474 1109 tant
1495 1045 1679 1110 seulement
1702 1044 1742 1109 de
1771 1044 1804 1109 la
1833 1047 1959 1128 vierge:
1994 1068 2035 1109 eu
2059 1065 2149 1128 quoy
2172 1066 2244 1108 me-

1258 1129 1463 1194 schamment-
1485 1132 1507 1194 il
1535 1130 1673 1213 pretend
1706 1130 1812 1196 abolir
1844 1130 1877 1194 la
1909 1151 2011 1215 vrayc
2045 1138 2080 1195 et
2113 1131 2244 1194 entiere

1258 1215 1426 1279 humanite
1454 1216 1495 1280 de
1523 1226 1634 1281 nostre
1654 1215 1818 1300 Seigueur
1839 1217 2021 1280 Iesuehrist
2053 1216 2087 1280 la
2122 1237 2244 1280 souve-

1260 1301 1348 1365 16166
1370 1302 1570 1366 consolation
1595 1301 1639 1366 du
1662 1324 1787 1386 pouvre
1809 1323 1910 1385 genre
1933 1301 2080 1366 humaiu.

1344 1387 1430 1450 Item
1453 1397 1486 1451 et
1508 1409 1571 1470 que
1593 1388 1624 1451 lc
1647 1388 1815 1471 baptesme
1837 1386 1894 1452 des
1922 1387 2006 1469 petis
2028 1388 2149 1454 enfans
2170 1398 2245 1451 nest

1257 1494 1321 1556 que
1343 1494 1409 1537 une
1430 1475 1599 1537 invention
1622 1473 1806 1556 diabolique
1829 1485 1862 1537 et
1883 1471 2078 1538 sorcellerie.

312 1561 362 1623 Ire
384 1579 497 1643 proces
519 1559 598 1625 16161
625 1567 657 1622 61
683 1559 786 1622 forme
812 1579 874 1641 par
896 1557 1021 1621 devant
1048 1578 1107 1622 noa
1138 1567 1206 1622 tres
1343 1559 1429 1622 Item
1452 1568 1485 1623 et
1507 1559 1672 1641 plusieurs
1705 1560 1828 1623 anltres
1860 1559 1971 1640 points
1995 1568 2029 1621 et
2051 1557 2190 1623 articles
2212 1572 2245 1622 ct

224 1645 399 1712 redoubtes
428 1645 598 1728 seignenrs
632 1643 826 1724 scindiques,
865 1643 959 1727 iuges
997 1642 1054 1708 des
1092 1650 1233 1734 6666661
1259 1645 1446 1709 6166161166
1478 1645 1685 1726 blasphemes
1719 1644 1776 1709 des
1808 1644 1903 1726 quela
1940 1642 2041 1708 ledict
2072 1644 2162 1707 livre
2196 1657 2245 1708 est

226 1731 425 1797 criminclles
447 1728 488 1793 de
511 1738 599 1795 ceste
621 1731 683 1795 cite
703 1752 723 1794 a
745 1729 777 1792 la
798 1730 980 1810 poursuitte
1003 1734 1037 1792 et
1058 1729 1206 1793 instance
1230 1739 1233 1798 1
1259 1741 1329 1794 tout
1357 1731 1449 1814 farcy
1481 1729 1700 1813 grandcmeut
1732 1728 1931 1795 seandaleux
1954 1739 1986 1792 61
2008 1740 2125 1794 contre
2147 1729 2244 1794 11166-

226 1819 270 1883 du
293 1819 447 1901 seigneur
468 1815 651 1880 lientenant
672 1814 713 1878 de
735 1824 823 1880 ceste
844 1812 929 1879 dicte
951 1814 1024 1890 cite,
1047 1835 1082 1878 66
1104 1814 1207 1880 dictes
1230 1805 1234 1932 1
1258 1837 1342 1880 6661
1374 1818 1565 1880 6116616616
1588 1816 1628 1880 de
1650 1816 1746 1893 Dieu,
1781 1815 1825 1879 du
1858 1814 1910 1878 fila
1943 1814 1984 1879 de
2006 1814 2098 1879 Dieu
2132 1827 2168 1878 et
2201 1813 2244 1878 du

225 1925 338 1970 causes
361 1903 487 1967 1661661
1231 1935 1233 1953 -
1259 1901 1375 1967 Saiuet
1397 1903 1508 1983 esprit,
1531 1915 1625 1983 quest
1642 1923 1713 1984 ung
1730 1900 1818 1966 eruel
1837 1909 1871 1964 ct
1889 1899 2033 1964 horrible
2050 1902 2244 1965 mut-trisse·

1259 1997 1350 2051 ment
1370 1987 1535 2069 perdition
1557 1998 1590 2050 et
1613 1990 1708 2051 ruine
1731 1986 1772 2051 de
1792 1986 1955 2068 plusieurs
1977 2007 2122 2068 pauvres
2142 2007 2242 2061 ames,

655 2086 777 2153 contre
1231 2139 1233 2156 ,
1258 2082 1368 2137 estant
1395 2094 1457 2155 par
1486 2095 1522 2137 sa
1544 2072 1658 2136 dessus
1686 2070 1771 2136 dicte
1800 2071 1964 2155 desleyale
1998 2084 2032 2135 et
2059 2069 2243 2137 (1616616116

226 2177 348 2244 Michcl
371 2174 492 2240 Scrvet
514 2173 555 2238 de
576 2173 784 2238 Villeneufve
807 2194 850 2239 au
872 2195 1030 2259 royaume
1049 2173 1206 2259 dAragon
1231 2162 1233 2241 l
1258 2159 1405 2223 (10111110
1428 2157 1557 2222 mihies·
1603 2157 1971 2240 Ο110511110111111111θ
1994 2158 2170 2256 316011θῆ

589 2281 629 2323 01,
653 2259 844 2342 Hespagng
1231 2271 1233 2320 l
1344 2244 1479 2308 1161661
1499 2243 1605 2326 lequel
1625 2242 1747 2307 Servat
1765 2242 1892 2327 remply
1911 2242 1951 2306 de
1969 2241 2088 2306 mahee
2105 2242 2243 2306 16111616

1230 2330 1233 2402 l
1258 2329 1366 2413 iceluy
1385 2350 1443 2393 sou
1456 2329 1538 2394 livre
1550 2330 1634 2394 ainsi
1653 2328 1763 2393 dresse
1781 2339 1894 2393 contre
1906 2329 1993 2392 Dieu
2015 2339 2049 2391 et
2062 2350 2100 2393 sa
2117 2329 2243 2393 saincte

311 2414 437 2497 Lequel
459 2414 715 2496 premieremcut
737 2426 787 2477 est
809 2422 878 2478 este
897 2415 1017 2478 atteint
1034 2414 1159 2491 devoir,
1181 2415 1205 2478 il
1230 2460 1233 2539 Ι
1258 2415 1405 2480 doctrine
1433 2415 1648 2499 evangelique
1671 2414 1916 2479 Christianismi
1938 2413 2114 2491 restitutio,
2150 2421 2244 2497 quest

225 2503 451 2587 yaeuvirou
482 2501 580 2582 vingt
611 2508 705 2582 troys
728 2521 748 2563 a
769 2500 865 2583 vingt
886 2508 1002 2581 quatre
1036 2522 1096 2565 ans
1128 2502 1206 2565 faiet
1230 2558 1232 2583 ,
1258 2522 1278 2565 a
1310 2501 1379 2565 dire
1408 2501 1612 2565 Restitution
1646 2499 1690 2564 du
1723 2500 1986 2575 Christianisme,
2020 2508 2055 2562 et
2088 2520 2128 2564 ce
2162 2521 2244 2582 pour

225 2587 396 2670 imprimar
417 2607 487 2669 ung
514 2586 601 2663 livre
627 2590 648 2648 1
674 2586 790 2669 Agnou
819 2608 860 2649 en
882 2586 1065 2670 Alemague
1092 2596 1205 2651 contre
1230 2595 1232 2665 ξ
1258 2587 1381 2651 mieulx
1404 2586 1545 2670 seduyre
1567 2593 1600 2650 et
1621 2593 1769 2667 tromper
1790 2585 1838 2649 les
1860 2605 2001 2668 pouvres
2028 2586 2192 2668 ignorans
2212 2595 2245 2648 ct

225 2673 258 2738 la
279 2675 403 2738 saincte
425 2680 459 2735 et
480 2669 650 2734 individue
673 2671 808 2749 Trinite,
838 2681 1015 2736 contenent
1043 2672 1205 2754 plusieurs
1230 2673 1232 2752 ξ
1257 2693 1341 2756 pour
1362 2673 1437 2755 plus
1455 2671 1716 2736 commodement
1732 2670 1869 2736 16166161·
1886 2670 1927 2734 de
1943 2690 2003 2735 sou
2022 2670 2244 2735 malheureux

293 726 503 810 Seuteuce
534 733 770 837 prononcee
802 707 1142 806 contruserat.

228 928 468 1012 (6666616
490 931 595 991 6666
610 926 723 1008 praet
742 925 785 991 16
803 930 884 989 aas
904 924 948 987 eu
964 926 1073 1005 proca
1093 923 1203 988 616.
1229 875 1231 1011 l

225 1014 321 1080 Areh.
345 1015 383 1078 de
408 1013 596 1077 1166166-
624 1011 778 1092 Imprimc
798 1012 881 1076 dens
902 1010 961 1074 les:
995 1008 1150 1074 Memoirs
1173 1008 1209 1088 ef
1229 1015 1231 1032 ⁴

226 1102 404 1165 [literature
433 1098 498 1163 Vel.
523 1096 573 1161 ΙΙ.
598 1096 688 1161 Febr.
712 1096 754 1161 N.
776 1095 836 1161 00.
857 1115 888 1175 p.
915 1099 960 1160 75
980 1115 1006 1160 6.
1028 1116 1094 1175 per
1113 1095 1151 1159 de
1173 1115 1205 1158 16

226 1186 336 1250 1166116.
349 1222 390 1232 -
402 1184 497 1250 Deus
503 1183 741 1262 Allwoerdenp.
755 1187 823 1247 107
833 1202 870 1261 6.,
882 1180 1045 1261 1166116161,
1058 1180 1206 1245 Andura.

234 1273 320 1336 Vera
337 1294 372 1353 p.
397 1267 710 1417 4411.,111151166
736 1273 804 1332 115
825 1288 878 1343 66,
902 1266 1013 1349 Henry
1043 1266 1108 1332 Vol.
1132 1264 1204 1329 HI.

616 1354 849 1436 mpffiw

118 2801 121 2808 ·
225 2770 261 2824 et
300 2779 400 2841 graus
428 2756 651 2838 blasphemes
690 2767 802 2820 contre
845 2757 947 2832 icelle,
989 2758 1232 2841 816611616661ἱ
1258 2775 1291 2822 et
1323 2757 1494 2822 meschant
1528 2757 1626 2821 veuin
1659 2757 1707 2820 les
1741 2755 1883 2821 leeteurs
1913 2755 2037 2820 (16666
2067 2757 2139 2820 diet
2161 2756 2244 2820 livre

225 2843 427 2910 scandaleon
450 2864 484 2906 66
507 2842 636 2924 Eglises
659 2841 819 2907 desdictes
843 2842 1056 2926 Alemag'nes:
1097 2844 1205 2925 lequel
1229 2882 1232 2916 r
1258 2845 1358 2908 soubz
1381 2844 1510 2907 lumbrc
1533 2842 1573 2910 de
1594 2842 1704 2907 bonne
1725 2841 1882 2907 doctrine.

226 2931 310 2994 livre
332 2929 355 2992 il
377 2950 396 2990 a
418 2936 670 3010 spontanement
691 2930 837 2992 66616666
866 2929 958 3003 avoir
986 2929 1064 2993 16161
1091 2926 1232 3013 impu-l
1344 2930 1428 2992 Item
1451 2943 1483 2992 ct
1516 2927 1621 2993 cultre
1647 2928 1678 2992 le
1704 2928 1820 2993 (1666116
1843 2928 1910 2992 diet
1940 2927 2034 3002 livre,
2068 2928 2245 2997 assaillaut

226 3037 312 3091 mer,
343 3014 543 3078 nonobstant
578 3013 625 3076 les
654 3023 916 3078 remonstrances
944 3023 978 3076 ot
1006 3016 1205 3080 corrections
1230 3009 1232 3080 ἶ
1257 3036 1317 3097 par
1347 3016 1460 3079 lettres
1493 3035 1632 3079 mesmes
1666 3020 1778 3078 nostre
1810 3015 1866 3097 foy
1900 3023 1933 3076 ct
1965 3021 2114 3076 mettant
2148 3013 2243 3094 peine

227 3122 247 3165 a
267 3101 315 3165 lui
338 3101 451 3164 1616166
471 3098 511 3163 de
533 3119 585 3162 ses
608 3099 728 3162 faulses
750 3100 900 3181 opinions
922 3121 982 3182 par
1004 3099 1050 3164 les
1068 3122 1206 3167 6661666
1229 3082 1232 3186 l
1257 3101 1351 3165 icelle
1377 3101 1515 3165 16166161
1536 3100 1576 3164 de
1598 3121 1634 3164 sa
1656 3099 1770 3182 poison
1799 3120 1819 3162 a
1845 3098 2134 3163 voluntairemeut
2165 3119 2243 3163 cou-

225 3187 379 3253 docteurs
401 3184 620 3268 evangelistes
643 3184 802 3249 desdictes
826 3185 1032 3268 Alemagnes.
1230 3225 1232 3259 1
1257 3188 1342 3251 16666
1370 3197 1402 3249 61
1431 3207 1616 3269 recongneu
1649 3186 1744 3248 avoir
1776 3186 1897 3267 escript
1928 3184 2026 3248 lettre
2048 3204 2069 3246 a
2091 3205 2165 3267 ung
2187 3183 2244 3247 des

312 3273 408 3346 Item,
431 3279 464 3334 et
485 3270 592 3352 lequel
615 3269 698 3333 livre
726 3280 776 3334 est
803 3281 872 3334 oste
900 3291 960 3352 par
987 3272 1036 3336 les
1056 3272 1206 3337 doeteurs
1230 3285 1232 3340 ἑ
1259 3274 1424 3336 1616161166
1447 3272 1486 3335 de
1508 3281 1596 3336 ceste
1618 3273 1690 3348 cite,
1719 3271 1801 3335 dans
1830 3270 1970 3352 laquelle
1997 3287 2095 3332 entre
2118 3269 2243 3333 aultres

226 3358 359 3424 dicelles
382 3357 500 3440 eglises
523 3355 738 3437 dAlcmagne,
767 3377 893 3420 comme
922 3357 1008 3438 plein
1039 3357 1206 3423 dheresies
1231 3385 1232 3389 ¹
1258 3359 1420 3441 plusieurs
1444 3357 1603 3421 herribles
1636 3365 1669 3419 61
1701 3377 1851 3420 enormes
1885 3354 2096 3437 blasphemes
2129 3364 2243 3420 666116
2331 3424 2332 3431 χ

228 3465 387 3528 reprouve
421 3452 453 3504 et
487 3439 585 3504 lcdict
614 3439 734 3504 Servat
766 3442 870 3505 rendu
904 3443 1017 3525 fugitif
1045 3443 1206 3509 desdictcs
1231 3436 1233 3518 ᾗ
1258 3453 1370 3506 666116
1393 3441 1527 3507 8616616
1550 3443 1704 3524 Religion
1726 3442 1952 3524 Evangelique
1979 3441 2002 3503 il
2031 3439 2103 3505 dict
2129 3449 2242 3504 nostre

229 3529 428 3611 Alemagnes
450 3549 469 3590 6
492 3547 589 3590 66666
613 3525 726 3591 dudiet
748 3527 839 3590 livre.
1231 3520 1233 3602 Ξ
1260 3529 1422 3611 ldvnngile
1445 3537 1530 3592 estre
1553 3550 1630 3592 6666
1657 3528 1712 3611 foy
1734 3534 1768 3589 et
1794 3549 1871 3590 sans
1894 3525 1981 3589 Dieu
1997 3536 2043 3590 ¹et
2067 3546 2133 3608 que
2162 3547 2242 3608 pour

313 3615 409 3687 Item,
433 3622 466 3675 et
488 3613 688 3675 nonobstant
710 3612 780 3676 cela
802 3613 900 3677 ledict
919 3611 1039 3678 Servet
1059 3637 1078 3678 a
1097 3636 1207 3697 perse·
1231 3619 1234 3661 1
1258 3636 1327 3698 ung
1349 3615 1434 3678 Dieu
1457 3635 1540 3678 nens
1561 3634 1665 3678 avons
1686 3634 1756 3696 ung
1777 3612 1919 3677 Cerbero
1941 3632 1960 3675 a
1982 3621 2077 3695 troya
2099 3621 2212 3676 testes.

227 3720 308 3764 vere
330 3720 371 3762 en
394 3719 446 3762 ses
469 3698 589 3762 faulses
612 3719 752 3777 crreurs,
786 3700 945 3764 infectant
973 3698 1104 3764 dicelles
1134 3701 1207 3783 plu·
1324 3700 1430 3782 ,Item
1453 3707 1486 3765 et
1515 3721 1534 3764 a
1568 3699 1751 3781 davantage
1784 3698 2063 3762 voluntaircment
2097 3698 2241 3762 confesse

229 3789 336 3851 sieurs
357 3804 376 3847 a
398 3805 458 3847 666
480 3783 629 3865 possible.
700 3785 702 3789 ’
1260 3809 1321 3868 que
1344 3808 1385 3849 au
1409 3784 1523 3850 dessus
1546 3785 1612 3849 dict
1634 3784 1699 3847 lieu
1722 3783 1761 3847 de
1783 3784 1923 3859 Vieuuo,
1947 3805 1967 3847 a
1989 3803 2090 3847 cause
2113 3783 2240 3866 dieelup

315 3871 410 3946 Item,
445 3883 478 3932 et
505 3890 569 3931 uon
600 3870 1207 3953 66616611166616666161166111111-
1261 3872 1431 3943 6166611661
1460 3880 1493 3934 61
1521 3868 1725 3934 abominable
1759 3870 1842 3933 livre
1875 3879 1908 3932 et
1940 3870 2104 3951 opinions,
2138 3869 2163 3931 il
2196 3870 2242 3932 fut

230 3956 370 4040 vulguer
401 3962 435 4018 et
466 3954 646 4036 espancher
683 3976 741 4019 son
775 3955 842 4021 dict
882 3959 982 4020 veuiu
1015 3965 1049 4021 61
1081 3956 1208 4023 11616616
1232 3994 1235 4036 1
1259 3959 1338 4023 16161
1366 3958 1561 4040 prisennier,
1598 3955 1771 4037 lesquelles
1806 3957 1934 4037 priscus
1968 3953 2191 4036 perfidemeut
2220 3953 2239 4016 il

230 4042 393 4124 dempuys
416 4061 477 4122 pen
499 4038 539 4102 dc
563 4048 667 4123 temps
690 4063 728 4104 66
753 4063 791 4106 66
809 4043 830 4104 11
850 4042 928 4106 16161
949 4044 1118 4125 imprimer
1139 4067 1208 4128 ung
1232 4039 1235 4102 l
1260 4044 1381 4126 rompit
1403 4052 1438 4105 et
1457 4043 1629 4124 esclrappa.

230 4127 925 4192 6611161166666616116611666116666
954 4151 995 4192 en
1018 4107 1235 4226 Daulphinej
1346 4128 1431 4191 Item
1465 4136 1498 4190 et
1530 4137 1605 4191 6661
1637 4125 1821 4190 seulement
1854 4126 1964 4189 dresse
1997 4123 2100 4188 lediet
2123 4126 2240 4190 Servet

230 4213 359 4297 remply
381 4211 543 4275 desdictes
569 4211 722 4286 heresias,
761 4213 921 4278 horribles
955 4224 988 4277 et
1021 4217 1208 4281 execrables
1233 4232 1235 4264 ¹
1261 4235 1351 4278 ensa
1373 4214 1519 4279 doctrine
1542 4221 1655 4276 contre
1677 4212 1711 4275 la
1730 4232 1833 4297 vraye
1843 4211 1996 4291 Religion
2018 4211 2237 4283 chrestienne,

230 4299 436 4380 blasphemes
459 4306 570 4362 contre
593 4297 624 4359 16
647 4298 771 4360 saincte
793 4298 930 4375 Trinite,
953 4307 1065 4364 contre
1088 4301 1118 4365 le
1135 4302 1209 4365 utu
1233 4274 1235 4341 l
1260 4301 1344 4363 mais
1367 4320 1492 4363 comme
1514 4306 1669 4381 arrogant
1701 4299 1896 4361 innovateur
1919 4295 2097 4374 dheresies,
2133 4308 2239 4362 contre

230 4383 369 4448 deDien
392 4392 506 4447 contre
528 4382 559 4446 le
582 4382 749 4465 baptesme
772 4381 829 4446 des
840 4385 924 4466 petis
948 4388 1063 4449 661666
1084 4395 1117 4449 61
1139 4388 1209 4451 aul·
1233 4372 1236 4456 l
1261 4387 1293 4450 la
1315 4386 1497 4468 papistique
1527 4393 1560 4447 61
1581 4384 1715 4458 61111166,
1746 4383 1774 4447 61
1802 4405 1865 4466 que
1893 4381 2067 4447 aVieune
2101 4401 2239 4447 mesmes

188 4486 190 4489 ·
230 4481 297 4534 tres
319 4469 483 4552 plusieurs
505 4470 627 4533 saincte
654 4488 807 4551 passages
835 4477 868 4531 et
895 4470 1086 4535 fondemens
1109 4471 1149 4536 de
1178 4472 1446 4549 161116616616
1474 4470 1584 4536 116616
1606 4492 1647 4534 66
1675 4471 1792 4552 effigie,
1826 4483 1865 4532 et·
1892 4466 1933 4532 de
1966 4467 2109 4533 sesdiota
2144 4469 2238 4532 livres

179 4575 182 4580 ·
231 4555 368 4638 religion
392 4553 608 4617 chrestienne.
1233 4560 1335 4639 ffcinq
1358 4557 1465 4621 baeles
1489 4557 1642 4620 bruslees.

318 4641 403 4704 Item
426 4647 460 4703 et
480 4658 500 4701 6
521 4647 773 4720 spontanement
805 4642 949 4705 66616666
980 4663 1067 4722 quen
1101 4644 1209 4728 icelny
1349 4642 1443 4717 Item,
1473 4651 1506 4706 et
1527 4642 1726 4705 nonobstant
1757 4650 1829 4704 tout
1861 4641 1939 4714 cela,
1976 4648 2091 4704 estant
2124 4642 2178 4722 icy
2208 4660 2239 4701 es

231 4728 315 4792 livre
337 4726 362 4789 il
384 4723 512 4807 appelle
533 4742 616 4787 ceux
638 4724 694 4808 qui
723 4735 858 4811 eroyent
880 4749 920 4790 66
943 4726 977 4790 16
999 4728 1127 4793 ’1116116
1149 4731 1207 4793 tri·
1233 4719 1236 4800 i
1260 4729 1391 4811 prisone
1414 4725 1456 4791 de
1475 4737 1561 4793 ceste
1591 4730 1654 4791 cite
1676 4724 1796 4790 deteuu
1817 4747 1862 4790 66
1887 4726 1985 4791 161666
2013 4725 2055 4789 de
2084 4728 2240 4809 persistet

123 4873 125 4876 .
230 4814 367 4877 nitaires
390 4821 424 4874 61
445 4809 611 4873 6111616166.
1233 4836 1235 4878 1
1262 4815 1538 4878 1661161666616661
1560 4834 1602 4876 66
1624 4810 1779 4878 6661116166
1806 4813 2014 4876 moechantes
2044 4822 2079 4875 et
2102 4811 2240 4876 detesta-

318 4898 404 4961 Item
438 4904 472 4958 et
499 4896 567 4977 quil
590 4896 717 4979 appelle
737 4896 831 4961 icelle
853 4898 980 4963 Triuite
1013 4921 1082 4984 ung
1103 4900 1209 4965 diable
1233 4895 1235 4941 t
1262 4897 2029 4975 1166666616,166166616616666166116166
2055 4899 2187 4963 iniures
2213 4914 2241 4960 61

229 4991 265 5047 61
286 4990 432 5046 16666116
455 5002 475 5045 6
497 4991 590 5064 troys
611 4990 721 5049 testes.
1261 4985 1441 5050 calumnies
1467 4994 1580 5050 contre
1608 4991 1683 5047 tous
1706 5005 1805 5068 vrays
1827 4983 2020 5048 0116611666
2052 4994 2090 5047 61
2119 4983 2242 5048 lidclles

318 5067 406 5133 Item
436 5075 470 5131 et
502 5075 614 5132 contre
647 5069 677 5133 le
699 5091 783 5154 vray
805 5069 994 5135 fondement
1016 5070 1055 5135 de
1077 5071 1110 5136 la
1132 5073 1209 5137 reli·
1261 5071 1494 5136 tenementiers
1517 5070 1557 5135 de
1579 5069 1612 5133 la
1633 5090 1714 5151 pure
1737 5068 1931 5135 immaculee
1953 5068 2115 5152 Religion
2138 5069 2241 5137 chres

230 5155 308 5235 gion
331 5153 539 5217 chrestianus
560 5163 594 5217 et
613 5154 1208 5250 11661666611161661611661661666-
1232 5181 1235 5207 1
1261 5160 1379 5236 116666,
1412 5157 1460 5221 166
1493 5155 1660 5239 appellant
1692 5156 1881 5234 trinitaires,
1914 5154 2078 5221 atheistcs
2111 5168 2147 5222 et
2178 5177 2243 5222 sor·
