4604 5896
77 319 141 383 637
836 306 1099 377 monnulus
1122 305 1335 376 stravam
2028 325 2091 389 aas

78 505 128 571 dit
149 505 259 582 etiam,
283 524 387 585 quum
408 496 580 567 iustificari
602 498 646 564 sit
666 498 741 564 fieri
758 519 800 563 ex
813 496 1058 581 impioiustum,
1196 495 1252 561 En
1273 516 1374 579 quam
1396 499 1498 564 scitus
1518 501 1619 566 fuerit
1639 505 1867 586 reprehensor,
1890 514 1927 570 ut
1948 508 2109 590 optanda

78 591 151 658 fieri
173 591 273 655 etiam
302 608 344 653 ex
371 588 468 652 iustis
489 586 653 651 iustiores.
698 583 786 665 Quia
812 582 897 648 nihil
925 581 1060 648 adducit
1110 581 1160 645 illi
1182 581 1283 646 fuerit
1303 585 1450 649 censoria
1470 586 1505 649 in
1527 608 1581 653 me
1603 587 1749 655 libertas.
1794 587 1878 670 Quis
1899 598 2010 657 tamen
2033 594 2090 660 ob·

77 675 166 761 quod
187 696 254 740 nou
275 672 405 738 abunde
437 672 474 736 in
503 690 578 734 moa
599 670 813 735 Institutione
834 667 1058 745 refutaverim,
1111 664 1219 731 stabat
1240 668 1429 750 quominus,
1459 670 1488 735 si
1510 691 1592 754 quos
1615 694 1743 740 errores
1770 674 1806 738 in
1833 695 1887 740 mc
1908 675 2091 759 deprehen-

78 779 283 845 supervacua
304 758 527 840 disputatione
548 756 688 821 lectores
706 777 772 820 non
787 753 945 818 morabor.
970 753 1059 816 Pan·
1111 751 1228 830 disset,
1267 772 1382 817 eorum
1414 755 1599 838 catalogum
1632 760 1807 826 conficeret
1838 782 1898 825 suo
1931 762 2088 828 arbitrio?

78 855 152 912 tum
173 865 309 910 monere
330 843 429 921 volui,
462 841 546 907 nihil
580 841 670 905 aliud
702 841 803 905 fuisse
835 838 962 903 homini
982 853 1071 920 pro··
1111 834 1382 919 Sesquimensem
1414 841 1537 906 otiosus
1568 845 1733 927 transegit
1763 845 1968 910 incarcere:
2002 868 2091 911 nun·

76 931 237 1016 positum,
277 929 343 994 nisi
365 936 403 992 ut
430 948 546 995 eversa
572 927 735 1011 gratuitae
762 924 907 989 iustitiae
928 922 1058 1000 fiducia,
1110 941 1209 1004 quam
1231 933 1353 1006 negata
1373 924 1437 988 fuit
1458 923 1617 992 librorum
1638 930 1739 1011 copia.
1784 928 1893 1010 Quam
1920 930 2091 998 licentiose

27 1095 33 1104 ‚
76 1018 216 1083 miseras
249 1016 376 1080 animas
408 1013 445 1077 in
473 1020 668 1096 perpetuam
698 1009 959 1094 inquietudinem
980 1028 1059 1073 con·
1110 1006 1225 1071 stilum
1246 1007 1282 1072 iu
1303 1029 1356 1072 me
1378 1011 1571 1088 exercuerit,
1593 1012 1723 1080 illustre
1737 1016 1902 1098 specimen
1915 1014 2091 1082 lectoribus

76 1104 199 1169 iiceret
1111 1091 1255 1157 exhibui.
1279 1143 1281 1147 ,
1300 1093 1480 1175 Nunquam
1502 1107 1585 1178 prae
1603 1120 1639 1163 se
1661 1098 1752 1176 tulit,
1782 1099 1874 1165 aliud
1894 1121 1929 1165 se
1952 1120 2090 1183 carpen-

164 1185 256 1267 Quas
278 1191 390 1250 autem
412 1185 448 1248 in
469 1204 529 1248 nos
548 1180 731 1247 calumnias
750 1185 877 1245 eructat
887 1177 1057 1256 Servatus,
1110 1176 1191 1241 dum
1213 1176 1342 1243 habere.
1387 1180 1530 1245 Tantum
1554 1203 1611 1263 pro
1633 1204 1772 1249 censura
1793 1185 1974 1269 supplicem
1994 1187 2090 1253 libel·

77 1293 145 1338 non
166 1276 278 1336 minus
300 1290 414 1336 secure
436 1269 583 1353 negligo,
622 1285 722 1348 quam
750 1265 778 1329 si
804 1264 946 1347 ignavus
970 1263 1058 1345 quis·
1109 1261 1179 1325 lum
1202 1264 1395 1345 compesuit,
1428 1266 1464 1328 in
1498 1287 1561 1347 quo
1593 1289 1647 1332 me
1679 1270 1866 1350 postulabat
1899 1270 1941 1336 ad
1973 1274 2089 1354 capitis

77 1359 168 1441 piam
200 1358 291 1423 canis
324 1377 366 1421 ex
406 1375 465 1421 suo
497 1352 702 1435 sterquilinio
736 1355 810 1429 [pag.
834 1355 909 1427 252]
944 1347 1057 1431 procul
1110 1346 1319 1429 supplicium,
1352 1369 1490 1431 meaque
1522 1350 1608 1416 bona
1639 1352 1702 1417 sibi
1735 1354 1915 1421 adiudicari
1941 1358 2088 1438 petebat:

76 1444 221 1508 latraret
265 1442 307 1506 In
327 1441 491 1524 Apologia
512 1437 553 1502 ad
575 1436 843 1502 Melancthonem
863 1453 924 1498 nos
946 1435 1058 1497 omnia
1109 1434 1250 1513 opimam
1283 1432 1410 1498 scilicet
1430 1435 1587 1517 praedam
1619 1459 1662 1502 ex
1694 1438 1858 1521 plumbeis
1886 1440 2050 1509 thesauris
2062 1443 2088 1526 ¹)
2118 1460 2121 1466 ·

77 1527 163 1593 bona
183 1548 284 1610 opera
303 1525 461 1592 damnare
483 1525 655 1591 blatterat:
677 1522 783 1605 Epist
800 1524 837 1584 13
860 1540 913 1583 mc
931 1520 1056 1602 fingere
1109 1524 1254 1599 captans.
1301 1518 1346 1582 Et
1367 1528 1479 1583 tamen
1501 1522 1631 1603 saepius
1660 1544 1714 1588 me
1734 1525 1968 1591 exsecrabilem
1990 1547 2088 1592 vcca-

76 1613 222 1679 iustitiae
244 1613 508 1694 imputationem,
531 1629 615 1691 quae
636 1609 672 1672 in
689 1607 822 1672 homine
840 1605 923 1671 nihil
940 1613 1056 1681 mutet,
1109 1602 1171 1667 vit:
1204 1602 1280 1683 quia
1313 1604 1508 1683 criminalis,
1540 1614 1577 1669 ut
1599 1606 1741 1686 dicebat,
1774 1630 1879 1675 essem
1908 1624 2087 1677 accusator.

76 1706 116 1762 ut
136 1697 221 1763 nihil
243 1698 284 1762 ab
306 1698 429 1762 iniusto
451 1696 584 1760 differat
604 1695 720 1758 iustus.
752 1692 857 1774 Quasi
879 1712 957 1757 vcro
978 1691 1056 1754 futi—
1108 1687 1156 1751 At
1176 1687 1205 1750 si
1227 1687 1309 1751 mihi
1329 1689 1497 1773 integrum
1528 1712 1676 1757 errorum
1709 1695 1779 1759 eius
1801 1695 1906 1760 catalo
1932 1717 1987 1760 um
2008 1697 2088 1762 scri-

75 1783 164 1848 libus
185 1782 314 1865 probris
336 1781 520 1848 doctrinam
542 1787 689 1844 nostram
711 1785 760 1843 tot
781 1778 873 1843 libris
888 1775 1056 1842 luculente
1109 1770 1186 1836 bere
1209 1773 1412 1870 propositum
1433 1775 1559 1854 fuisset,
1582 1776 1798 1860 duplicandus
1820 1786 1892 1845 erat
1907 1715 2005 1848 iiber.
2032 1782 2089 1847 Ex

77 1876 233 1933 testatam
273 1867 381 1932 dolere
419 1875 538 1950 posset.
590 1865 664 1929 Hoc
697 1863 777 1942 dico,
819 1864 846 1927 si
880 1863 952 1944 quis
984 1861 1056 1926 eius
1108 1857 1276 1922 uberrima
1307 1861 1410 1941 copia,
1443 1860 1571 1927 duobus
1603 1885 1692 1930 nune
1725 1865 1886 1948 exemplis
1920 1888 1976 1934 cro
2009 1888 2087 1934 con-

76 1954 167 2018 rixas
179 1952 204 2036 ¹)
237 1953 279 2018 ad
312 1954 434 2036 scripta
473 1955 585 2016 nostra
623 1949 783 2027 conferat,
826 1947 1056 2030 phreneticum
1108 1949 1227 2007 tentus.
1375 1971 1377 1974 ·

76 2039 189 2104 statim
213 2037 335 2103 videbit
365 2039 435 2103 sine
457 2034 566 2121 gladio
599 2044 632 2099 et
654 2036 754 2099 armis
776 2033 983 2111 tumultuari,
1017 2039 1056 2095 ut
1195 2027 1293 2108 Quod
1327 2049 1402 2114 pag.
1430 2035 1494 2094 460
1528 2030 1569 2096 de
1602 2033 1723 2115 triplici
1762 2035 1899 2117 spiritus
1931 2035 2087 2103 missione

75 2145 151 2189 cum
174 2124 292 2189 umbra
312 2144 372 2189 sua
393 2121 568 2206 depugnat.
607 2120 809 2185 Praesertim
831 2117 1056 2200 impudentiae
1108 2111 1195 2192 dicit,
1218 2135 1286 2178 non
1308 2115 1412 2199 attigi.
1458 2115 1586 2198 Inque
1614 2127 1726 2182 tamen
1752 2140 1819 2184 non
1841 2121 1952 2185 minus
1973 2121 2087 2202 perni-

75 2210 147 2275 cius
169 2207 321 2273 cumulus
353 2207 504 2291 Epistola
535 2205 718 2289 penultima
750 2227 786 2270 se
812 2204 965 2287 proferet,
998 2201 1054 2266 ubi
1107 2199 1193 2264 cicse
1214 2219 1311 2281 quam
1334 2200 1370 2264 in
1391 2201 1464 2283 ipsa
1485 2201 1621 2284 spiritus
1642 2205 1785 2268 esserrtm
1807 2204 1931 2271 delirat.
1971 2206 2087 2272 Prima

74 2314 128 2359 me
149 2294 343 2359 concludere
365 2293 427 2368 ait,
461 2291 591 2356 nullum
617 2292 654 2354 in
676 2311 779 2372 regno
800 2288 965 2355 coelorum
986 2288 1055 2353 fore
1107 2283 1155 2347 illi
1188 2286 1300 2349 missio
1332 2292 1384 2350 est
1416 2286 1452 2348 in
1485 2285 1603 2351 umbra
1635 2300 1712 2352 ante
1734 2288 1860 2354 Christi
1893 2289 2084 2370 adventum,

75 2378 198 2462 gloriae
221 2378 396 2442 discrimen
418 2376 471 2444 vel
487 2373 647 2459 operum,
676 2375 729 2440 val
749 2374 836 2439 fidei.
882 2373 971 2456 Quid
993 2393 1055 2457 ego
1108 2371 1186 2450 quia
1206 2370 1341 2451 spiritus
1368 2371 1474 2435 instar
1501 2392 1601 2436 aurae
1622 2373 1766 2439 volitans
1788 2394 1887 2458 super
1909 2396 2020 2457 aquas,
2052 2384 2086 2441 ct

75 2465 200 2529 crimen
222 2463 284 2527 hoc
316 2485 336 2528 a
363 2484 417 2527 me
447 2461 572 2526 diluere
594 2459 749 2538 laborem,
782 2460 876 2526 cuius
908 2461 944 2524 in
977 2480 1054 2523 con-
1107 2474 1176 2519 non
1199 2454 1323 2520 habens
1345 2456 1403 2520 ubi
1436 2456 1563 2539 integre
1585 2458 1817 2540 requiesceret,
1850 2480 2003 2526 reversus
2025 2471 2085 2539 est,

74 2549 210 2613 trariam
232 2557 361 2631 partem
383 2553 518 2612 exstant
550 2552 585 2610 et
605 2545 763 2629 leguntur
795 2555 864 2609 tam
884 2544 1055 2627 praeclara
1106 2559 1144 2604 ac
1166 2559 1201 2604 se
1223 2541 1258 2604 in
1280 2539 1369 2604 coelo
1392 2544 1466 2618 [pag.
1490 2544 1565 2619 254]
1588 2543 1797 2620 continuit.²)
1836 2544 1933 2610 Nunc
1956 2555 2086 2611 sanctos

74 2633 285 2698 testimonia?
320 2633 466 2697 Valeant
488 2652 568 2716 ergo
591 2630 751 2696 eiusmodi
772 2651 891 2714 nugae,
914 2650 998 2713 quae
1019 2629 1055 2694 in
1106 2633 1216 2707 patras
1237 2625 1372 2707 spiritus
1394 2625 1502 2708 gratia
1529 2647 1564 2691 se
1591 2628 1724 2692 crbasse
1752 2642 1852 2712 neget
1873 2629 1930 2711 qui
1953 2631 2085 2695 umbra-

73 2738 183 2783 aerem
204 2719 313 2800 potius
335 2737 434 2800 quam
461 2718 497 2781 in
530 2738 589 2782 nos
617 2719 756 2781 iactatae
778 2722 894 2798 sponte
916 2736 1053 2781 evanes-
1106 2709 1198 2774 tilam
1230 2710 1324 2791 quasi
1355 2719 1521 2775 momento
1555 2714 1746 2793 apparuisse
1771 2714 1910 2797 fingens,
1943 2715 1980 2778 in
2001 2715 2084 2780 coeli

73 2812 160 2869 cunt.
194 2804 289 2869 Haec
310 2804 394 2868 torte
415 2803 500 2867 ratio
522 2808 574 2867 est
595 2822 655 2866 cur
676 2801 737 2867 sibi
760 2800 858 2865 licere
880 2801 1052 2883 optaverit,
1106 2793 1206 2877 adyta
1245 2815 1323 2859 mex
1360 2794 1508 2867 recludit.
1574 2797 1764 2879 Oorporaiis
1802 2799 1865 2863 fnit
1903 2799 2086 2865 secundum

72 2890 240 2972 integrum
278 2907 428 2953 errorum
465 2908 615 2951 meorum
654 2888 840 2970 catalogum
879 2887 1052 2952 conficere:
1104 2879 1215 2961 ipsum
1248 2880 1361 2945 missio
1369 2879 1398 2962 8)
1430 2879 1583 2960 secunda,
1617 2883 1747 2964 quando
1781 2885 1994 2967 corporaliter
2022 2886 2085 2951 visi

72 2974 167 3057 quasi
189 2973 316 3039 scilicet
337 2972 423 3038 belle
441 2972 472 3037 ei
494 2974 646 3038 cessisset
668 2993 728 3037 sua
749 2972 925 3055 protervia,
949 2991 1052 3053 quum
1105 2974 1182 3029 sunt
1204 2966 1325 3048 aperiri
1347 2964 1437 3043 coeli,
1467 2974 1501 3031 et
1521 2965 1657 3049 spiritus
1679 2967 1802 3034 visibili
1822 2970 1928 3036 forma
1950 2969 2084 3037 descen·

72 3080 113 3123 ex
136 3059 205 3125 suis
238 3058 375 3124 latebris
409 3056 517 3123 adhuc
549 3057 632 3122 liber
664 3058 800 3140 impune
833 3055 1052 3122 debacchatus
1104 3048 1190 3115 dere.
1246 3050 1359 3116 Tertia
1391 3071 1475 3133 quae
1508 3052 1690 3133 spiritualis
1727 3062 1778 3118 est
1821 3065 1918 3138 atque
1951 3057 2085 3122 interna

72 3152 130 3209 est.
153 3145 230 3209 Non
247 3165 338 3210 meos
351 3145 460 3220 unius,
483 3143 540 3208 sed
561 3142 718 3226 publicos,
741 3151 778 3207 ut
790 3142 877 3218 dicit,
900 3139 1052 3206 ecclesia·
1103 3136 1216 3201 missio
1238 3157 1306 3200 non
1327 3133 1460 3201 additur
1482 3138 1637 3203 continuo
1659 3144 1741 3220 post,
1764 3141 1956 3205 utsciamus
1968 3139 2084 3206 (ibris-

71 3250 146 3294 rum
168 3237 358 3295 nostrarum
380 3249 507 3294 errores
518 3228 743 3294 Melancthoni
757 3227 945 3312 exprobrat.
968 3225 1051 3307 Qut-
1103 3231 1176 3318 tum
1197 3241 1316 3288 arcano
1349 3220 1445 3286 modo
1476 3222 1569 3287 intus
1597 3243 1727 3304 semper
1755 3223 1958 3307 gubernasse
1980 3225 2083 3290 eccle·

72 3335 150 3379 nam
171 3325 282 3379 autem
314 3313 363 3378 illi
386 3314 487 3379 sunt?
532 3314 640 3379 Unius
666 3313 732 3378 Dei
760 3315 926 3379 dissectio:
953 3331 1051 3376 verae
1103 3326 1200 3373 uam:
1236 3305 1294 3373 sed
1316 3305 1358 3369 ad
1380 3307 1628 3373 renovationem
1660 3307 1771 3373 nescio
1799 3329 1898 3390 quam
1920 3309 2081 3390 differtur,

71 3397 147 3463 fidei
160 3398 286 3465 Christi
309 3399 496 3482 abnegatio:
518 3400 679 3464 bonorum
699 3419 836 3482 operum
856 3398 1049 3464 destructio:
1103 3393 1159 3458 ubi
1181 3391 1338 3457 abolitum
1361 3392 1461 3455 fuerit
1482 3413 1621 3476 regnum
1643 3413 1756 3474 papae.
1766 3394 1795 3475 ⁴)
1832 3393 1979 3458 Interius
2001 3414 2080 3479 ergo

71 3482 155 3566 legis
177 3503 252 3548 cum
275 3485 455 3569 evangelio,
478 3492 512 3548 et
533 3483 649 3549 Iudaei
670 3505 747 3550 cum
760 3484 950 3549 Christiano
972 3501 1050 3547 con·
1101 3478 1237 3560 spiritus
1259 3477 1423 3560 regimen,
1451 3497 1515 3558 quo
1538 3499 1615 3543 vere
1637 3485 1776 3543 testatus
1797 3486 1849 3542 est
1869 3477 2023 3545 Christum
2043 3500 2080 3547 se

72 3568 166 3633 fusio.
212 3567 326 3635 Secari
359 3592 379 3635 a
406 3569 501 3634 nobis
523 3571 633 3634 Deum
654 3570 766 3653 fingit,
800 3569 876 3652 quia
909 3566 1051 3650 simplex
1101 3565 1279 3645 mysticum
1301 3581 1372 3625 esse
1394 3561 1548 3626 ecclesiae
1570 3583 1649 3627 suae
1670 3570 1778 3644 caput,
1800 3564 1934 3645 penitus
1951 3563 2081 3629 deletur

71 3653 143 3717 eius
165 3657 308 3719 essentia
329 3655 433 3720 tribus
454 3655 605 3737 personis
622 3654 845 3739 distinguitur,
868 3664 969 3736 quum
982 3653 1050 3734 ipse
1101 3668 1122 3711 a
1143 3647 1291 3724 Servate,
1320 3657 1357 3709 ut
1378 3644 1485 3710 instar
1506 3646 1698 3725 Mahometi,
1727 3668 1801 3713 cum
1823 3669 1912 3714 nova
1933 3658 1967 3713 et
1988 3649 2080 3731 prius

69 3738 105 3803 in
128 3747 197 3804 tres
218 3741 378 3805 essentias
399 3737 510 3804 Deum
533 3739 677 3804 dilaniet.
720 3740 763 3805 In
790 3738 926 3822 reliquis
948 3757 1049 3820 quarn
1100 3733 1269 3815 incognita
1286 3729 1496 3809 revelatione,
1519 3732 1596 3797 novi
1611 3730 1727 3796 mundi
1742 3733 1943 3799 instaurator
1955 3741 2079 3818 surgat

69 3824 218 3907 improbe
245 3834 280 3891 et
307 3827 378 3892 sine
399 3824 507 3890 colore
529 3823 713 3904 maledicat,
749 3846 791 3890 ex
812 3824 905 3890 libris
927 3824 1049 3889 nostris
1100 3820 1223 3883 Annon
1251 3816 1285 3881 id
1312 3821 1365 3880 est
1390 3815 1549 3898 quidquid
1576 3815 1713 3900 adeptus
1740 3825 1792 3883 est
1819 3818 1942 3902 gloriae
1963 3818 2080 3886 uhra-

67 3911 279 3995 perspicuum
301 3918 359 3976 est.
404 3912 528 3976 Postea
549 3910 638 3975 idem
660 3919 712 3975 ter
734 3917 793 3975 aut
819 3918 935 3992 quater
956 3930 1049 3991 repe·
1100 3913 1162 3981 tus,
1185 3925 1228 3968 ex
1249 3900 1377 3986 quoad
1399 3901 1502 3982 patris
1524 3901 1693 3967 dexteram
1704 3904 1862 3982 consedit,
1885 3903 2079 3969 exinanire?

68 3996 167 4061 tendo
189 3997 283 4080 quasi
315 3999 353 4062 in
386 3997 544 4063 circulum
577 3996 769 4061 revolvitur.
813 3994 908 4059 Inter
928 3993 993 4059 alia
1013 3994 1048 4058 id
1100 3988 1216 4073 Neque
1238 3989 1337 4067 enirn,
1365 3993 1404 4051 ut
1426 3987 1488 4052 sibi
1515 3988 1673 4071 privatim
1694 3997 1859 4071 regnaret,
1892 3990 1929 4054 in
1952 3996 2080 4055 tantam

69 4090 185 4146 notatu
213 4081 366 4165 dignum,
399 4080 486 4165 quod
507 4080 600 4159 dicit,
628 4102 689 4147 nos
709 4083 743 4145 in
764 4081 915 4163 precibus
937 4079 1047 4144 Deum
1100 4073 1290 4141 conscendit
1311 4068 1534 4138 altitudinem:
1564 4073 1622 4139 sed
1641 4079 1679 4138 ut
1701 4074 1837 4158 spiritus
1864 4076 1915 4140 sui
1938 4076 2080 4159 gratiam

67 4172 190 4232 temere
211 4173 285 4246 [pag.
309 4172 385 4248 263]
406 4170 443 4232 in
464 4168 517 4232 ius
538 4187 655 4233 vocare
687 4175 727 4230 ut
747 4167 908 4249 promissa
926 4174 1047 4244 servet,
1100 4159 1307 4235 diffunderet,
1329 4178 1427 4242 quam
1448 4160 1484 4223 in
1505 4158 1657 4225 cordibus
1678 4161 1748 4225 suis
1768 4168 1860 4227 certo
1881 4159 1958 4224 fidei
1979 4180 2079 4224 sensu

68 4267 105 4312 ac
127 4251 156 4312 si
178 4271 219 4315 ex
242 4251 351 4318 debito
374 4253 468 4318 nobis
489 4262 577 4318 esset
598 4250 772 4336 obligatus,
801 4272 838 4317 aa
860 4273 928 4316 non
949 4251 1048 4334 plura
1100 4243 1302 4311 reconditam
1342 4259 1525 4325 agnoscunt
1563 4244 1686 4324 fideles,
1726 4246 1803 4311 licet
1838 4244 1977 4312 visibilis
2012 4265 2078 4309 non

67 4333 162 4409 nobis
185 4355 283 4416 quam
306 4337 439 4404 Iudaeis
460 4338 671 4422 praestiterit,
693 4339 816 4421 pagina
836 4341 908 4403 673.
953 4338 1047 4403 Nihil
1098 4336 1263 4414 appareat·

67 4421 179 4480 tamen
218 4423 364 4500 pressius
401 4432 506 4507 urget,
547 4446 647 4508 quam
680 4423 921 4507 phantasticam
953 4444 1046 4489 suom
1183 4416 1428 4496 Diuturnum⁶)
1457 4414 1544 4498 quod
1565 4414 1663 4499 fingit
1683 4415 1839 4482 ecclesiae
1860 4434 1879 4479 e
1900 4413 1999 4480 terris
2020 4435 2079 4480 ex·

66 4505 352 4584 resurrectionem,
385 4509 426 4574 de
457 4529 521 4592 qua
552 4509 652 4593 paulo
684 4517 759 4593 post
785 4509 980 4587 videbimus,
1013 4517 1047 4573 et
1097 4501 1217 4581 silium,
1241 4522 1308 4567 non
1329 4502 1436 4584 attigi:
1470 4499 1545 4584 in⁶)
1566 4521 1631 4583 quo
1651 4500 1762 4567 Deum
1783 4500 1894 4583 palam
1915 4499 2079 4568 mendacii

67 4585 261 4736 allegoricas
283 4611 360 4656 suas
382 4593 628 4677 speculationes,
651 4617 735 4678 quae
757 4595 938 4679 scripturas
958 4593 1046 4659 thal·
1502 4654 1508 4668 .

65 4693 123 4737 mu
146 4692 196 4773 ico
218 4678 396 4761 artifici02)
418 4680 662 4744 transformant.
696 4683 818 4747 Postea
840 4680 880 4746 de
902 4682 990 4746 tritis
1013 4688 1047 4744 et
1166 4656 1197 4791 ἐξ
1214 4653 1560 4791 fflfflffgggfliqdfafflg
1578 4720 1612 4775 d,
1630 4719 1691 4774 Lo

65 4758 248 4843 nugacibus
271 4762 418 4829 articulis
439 4764 610 4846 pueriliter
630 4765 823 4845 balbutiens,
847 4774 1005 4848 tanquam
1027 4786 1046 4831 e
1122 4816 1124 4820 -
1166 4794 1196 4859 3)
1216 4765 1315 4845 Ha‘et
1331 4792 1363 4844 aa
1379 4805 1434 4859 seq.
1456 4789 1554 4843 Gutta
1566 4760 1728 4857 pepercis-
1745 4788 1838 4843 vision.

64 4855 224 4929 suggestu
245 4848 515 4914 Melancthonem
539 4857 608 4914 tam
636 4853 844 4933 superciliose
877 4851 979 4932 docet,
1006 4857 1046 4917 ut
1166 4861 1198 4924 4)
1217 4860 1274 4915 Ha
1295 4860 1392 4913 anteat
1417 4856 1530 4912 Genua·
1555 4859 1632 4912 Ainsi
1653 4856 1672 4911 il
1695 4855 1765 4912 n'est
1786 4858 1864 4926 point
1881 4858 2006 4926 question
2024 4871 2076 4936 que

65 4928 154 4997 dicas
175 4953 317 5016 puerum
338 4956 410 5001 esse
432 4932 493 5002 sub
514 4935 586 4999 eius
606 4935 720 5000 ferula,
1096 4930 1118 4984 1.
1137 4932 1165 4985 0.
1184 4928 1281 4997 depuis
1305 4927 1331 5007 le
1355 4935 1410 4982 tem
1432 4943 1445 4979 s
1465 4925 1667 5008 deotpostres
1689 4927 1729 5006 ait
1745 4928 1881 4994 gouverne
1906 4942 1956 4979 son
1974 4923 2076 4992 Eghse,

1097 5014 1131 5052 ne
1149 5014 1201 5067 que
1227 4998 1254 5051 le
1280 5004 1369 5050 sama
1417 5001 1486 5063 spnt
1508 5002 1546 5049 art
1568 4994 1634 5048 iarct
1651 5001 1735 5049 senar
1759 5009 1790 5048 sa
1811 5000 1890 5048 vertu
1907 5007 1962 5048 aux
1980 5006 2077 5048 coeurs

133 5136 163 5206 1)
180 5138 221 5194 les
238 5140 344 5195 riettes.
1096 5065 1146 5122 des
1163 5064 1288 5198 gielddiu
1304 5131 1330 5185 le
1349 5097 1492 5185 second-ie
1510 5129 1572 5199 n’ay
1587 5130 1664 5198 pohrt
1681 5130 1782 5185 toucht
1799 5144 1828 5184 ec
1844 5127 1912 5198 qa'il
1928 5127 1971 5186 aa
1987 5134 2036 5187 rte.

132 5208 164 5277 2)
183 5208 259 5264 Add.
277 5216 305 5264 et
323 5212 340 5265 a
357 5208 385 5264 la
402 5208 482 5278 sapon
500 5208 549 5265 des
567 5207 724 5265 Cabalistes.
1166 5201 1196 5268 6)
1213 5201 1292 5255 Haec
1308 5200 1450 5255 mactis
1462 5213 1534 5268 pars
1551 5199 1627 5254 abest
1644 5215 1663 5253 a
1678 5200 1784 5268 gattico.
