4762 5918
225 335 266 397 47
463 324 466 332 ’
904 370 905 373 =
1047 318 1111 394 DE
1133 323 1408 393 SOANDALIS.
1624 367 1629 376 ·
1962 315 1966 323 “
2192 329 2235 391 48

225 519 389 602 integram
421 515 468 579 illi
501 533 669 579 servemus
700 512 843 597 coniugii
874 511 990 590 fidem,
1023 512 1060 576 in
1087 511 1203 595 primis
1254 512 1304 577 At
1324 532 1402 576 vero
1424 530 1492 574 non
1514 508 1573 575 abs
1594 530 1631 574 re
1652 509 1773 575 timent
1793 531 1852 590 ne,
1878 512 2045 577 siincerti
2068 532 2131 594 quo
2152 534 2236 578 eun·

226 602 409 670 cavendum
437 608 524 675 esse,
558 619 601 662 ne
627 598 695 663 suis
722 596 893 663 lenociniis
927 618 988 662 nos
1014 604 1203 680 corrumpat
1255 595 1335 660 dum
1363 597 1407 661 sit
1431 594 1593 660 flexibiles
1619 615 1655 661 se
1679 595 1873 678 praebeant,
1902 617 1964 661 sna
1978 597 2053 662 *hac
2079 596 2235 664 facilitate
2323 668 2325 671 .

226 687 347 754 saum
368 706 447 750 uam
468 684 496 750 si
518 680 649 765 aliquod
670 684 738 747 iam
759 683 806 746 im
830 682 1124 765 udicitiaesignum
1147 681 1202 746 de-
1254 682 1464 764 implicentur
1486 693 1641 745 'errorum
1669 679 1804 762 laqueis.
1849 682 1913 746 Est
1934 681 1997 748 hoc
2018 681 2152 764 quidem
2174 684 2236 748 ali·

187 789 196 806 ·
226 770 313 838 disee
340 769 488 848 videtur,
516 788 598 850 quae
618 767 760 833 lenoniie
785 767 791 780 “
821 768 945 833 ecebris
972 787 1086 832 aurem
1108 789 1202 850 prae-
1240 766 1347 850 quid:
1387 765 1445 832 sed
1477 765 1549 830 eius
1581 765 1719 848 periculi
1757 766 1822 830 alia
1853 766 1972 836 melior
2004 776 2075 832 erat
2108 768 2232 834 cautio:

226 856 298 922 buit
318 855 451 921 mulier:
474 874 591 937 parum
612 861 800 918 castasesse
820 854 985 918 animasa
1008 858 1109 935 paret,
1132 852 1202 935 qni·
1255 859 1402 934 nempe,
1417 858 1455 916 ut
1475 871 1512 916 se
1532 850 1590 932 pia
1615 850 1821 927 humilitate,
1850 850 2028 931 modestia,
2049 851 2234 932 sobrietate,
2293 885 2296 889 ·

225 942 287 1007 bus
310 941 352 1007 ad
373 940 533 1024 perfidam
555 937 769 1004 defectionem
792 873 1078 1003 sollicitari'dulce
1100 942 1158 1002 e‘st
1255 937 1455 1013 reverentia,
1490 934 1563 1000 Deo
1591 935 1799 1001 subiicerent
1848 936 1963 1019 Neque
1995 938 2083 1002 enim
2111 938 2235 1004 frustra

312 1026 389 1091 Non
411 1024 569 1091 absimilis
592 1029 644 1088 est
670 1043 819 1089 errorum
841 1023 989 1087 omnium
1010 1022 1104 1087 ratio.
1135 1022 1202 1087 La·
1254 1020 1407 1104 promisit
1427 1020 1596 1098 Christus,
1623 1019 1833 1104 pulsantibus
1860 1022 1994 1089 ianuam
2017 1029 2169 1105 apertum
2190 1024 2234 1089 iri

106 1084 108 1088 ὗ
170 1112 330 1178 .'bascit
351 1111 531 1175 multorum
553 1103 660 1174 lides:'
677 1108 733 1173 alii
757 1109 856 1172 etiam
880 1127 1016 1190 prorsus
1040 1108 1080 1172 ab
1103 1127 1203 1172 evan·
1255 1106 1392 1190 (Matth.
1411 1111 1440 1184 7,
1460 1106 1503 1187 7).
1547 1106 1619 1170 Nec
1640 1106 1764 1171 frustra
1785 1107 1904 1190 spiritu
1924 1105 2036 1174 iudicii
2058 1114 2092 1172 et
2113 1107 2234 1174 discre-

269 1198 312 1262 lio
334 1197 528 1271 desciscunt,
551 1194 627 1275 quia
643 1193 765 1258 erroris
774 1201 921 1276 segetem
933 1213 1004 1259 esse
1014 1192 1202 1258 coniiciunt.
1255 1191 1356 1271 tionis
1377 1198 1507 1279 epatre
1528 1190 1669 1256 donatus
1687 1195 1746 1257 est.
1760 1189 1785 1273 ¹)
1820 1192 1897 1258 Non
1917 1193 2042 1258 trustra
2058 1194 2158 1258 etium
2173 1215 2236 1278 per

227 1219 332 1364 Qeuasi
359 1302 439 1348 vero
473 1287 627 1343 aterrae
662 1277 792 1344 cultura
819 1286 865 1342 et·
881 1279 1008 1343 satione
1029 1278 1203 1360 quisquam
1256 1297 1293 1342 os
1314 1277 1441 1343 Iesaiae
1465 1277 1629 1359 promittit
1654 1277 1819 1345 Dominus
1848 1278 2074 1363 paedagogum
2106 1299 2142 1344 se
2163 1280 2234 1346 fore

226 1368 417 1443 abhorreat,
448 1364 525 1447 quia
553 1383 674 1447 purum
703 1383 815 1428 semen
835 1365 870 1427 in
892 1363 1007 1427 lolium
1027 1382 1124 1446 saepe
1146 1362 1203 1428 de·
1255 1362 1376 1445 populo
1404 1383 1479 1441 suo,
1507 1362 1563 1444 qui
1589 1360 1631 1426 ad
1659 1362 1821 1446 regendos
1850 1365 1922 1428 eius
1949 1363 2073 1448 gradus
2096 1385 2117 1429 a
2138 1371 2233 1449 tergo
2354 1392 2359 1400 ·

201 1452 372 1604 'generat
402 1451 454 1516 Ne
476 1470 574 1532 quem
590 1447 785 1531 percelleret
800 1449 849 1512 rei
867 1449 1005 1525 novitas,
1033 1447 1204 1512 admonuit
1255 1456 1386 1529 praesto
1408 1447 1452 1515 sit
1474 1447 1552 1530 (Ies.
1572 1451 1622 1546 3.⁰’
1643 1448 1708 1546 21).
1755 1448 1907 1547 Denique
1928 1468 1996 1513 non
2014 1448 2150 1515 fallendi
2170 1471 2233 1517 nec

256 1537 382 1602 hristus
394 1536 456 1602 hoe
467 1536 614 1600 futurum
626 1533 759 1617 (Matth.
784 1536 831 1611 13,
852 1534 917 1605 24).
951 1534 1097 1599 Tametsi
1114 1534 1203 1599 enim
1255 1533 1437 1599 frustrandi
1448 1553 1547 1599 causa
1557 1552 1649 1597 vrum
1660 1540 1750 1598 vrtae
1772 1534 1865 1599 nobis
1886 1534 1923 1598 in
1945 1535 2045 1599 verbo
2068 1555 2233 1600 suomon·

123 1632 128 1642 ‘
199 1623 416 1707 hypocritas
432 1620 498 1686 illic
513 1619 647 1701 zizaniis
658 1625 834 1700 comparat,
853 1619 1202 1701 triticouerosacger·
1256 1614 1364 1683 strari'
1376 1618 1617 1701 pronunciat.²)
1650 1617 1750 1683 Unde
1767 1627 1904 1701 apparet
1923 1619 2041 1684 bonam
2059 1619 2233 1685 hominum

225 1728 340 1772 manos
351 1707 415 1771 Dei
432 1705 531 1771 filios:
550 1704 634 1769 hanc
650 1711 760 1768 tamen
779 1704 936 1768 usitatam
952 1701 1098 1769 Satanae
1114 1703 1202 1769 frau-
1254 1711 1382 1786 partem
1404 1704 1466 1768 hoc
1486 1703 1596 1786 ipsum
1605 1703 1776 1786 ingeniose
1795 1713 1959 1787 appetere,
1980 1712 2018 1769 ut
2036 1706 2234 1788 contemptis

227 1793 302 1858 dem
320 1811 390 1857 esse
416 1788 572 1868 ostendit,
595 1808 803 1870 corrumpere
825 1787 1074 1872 quibuscunque
1095 1795 1204 1871 potest
1255 1787 1409 1855 remediis
1431 1791 1467 1854 in
1488 1809 1548 1853 suo
1568 1788 1656 1853 malo
1677 1796 1831 1871 torpeat·
1932 1811 1934 1814 ⁴

218 1878 332 1943 ‚modis
348 1886 388 1941 et
409 1877 529 1940 vitiam
551 1873 688 1940 eoeleste
711 1873 775 1938 Dei
796 1895 923 1951 semen,
946 1874 1053 1939 need
1074 1874 1202 1957 frugem
1342 1879 1417 1952 [pag.
1437 1879 1491 1952 59]
1515 1872 1613 1954 Quod
1640 1881 1752 1939 autem
1779 1873 1901 1940 multos
1922 1873 2073 1941 videmus
2094 1874 2157 1941 hoc
2178 1874 2234 1940 vel

227 1964 409 2047 perveniat.
454 1959 618 2025 Mundum
640 1961 746 2024 instar
774 1958 896 2024 deserti
923 1969 958 2024 et
984 1959 1100 2026 inculti
1131 1960 1203 2044 agri
1256 1958 1313 2023 illo
1346 1979 1457 2024 errore
1488 1965 1600 2041 captos
1633 1980 1653 2025 a
1684 1964 1774 2037 repta
1801 1959 1857 2024 via
1888 1959 2019 2039 abduci,
2059 1980 2233 2042 nunquam

226 2046 348 2113 seimus
377 2047 434 2112 diu
462 2046 601 2110 iacuisse
627 2044 788 2109 sterilem:
823 2063 913 2109 nunc
941 2044 1105 2128 evangelii
1128 2044 1204 2110 doc·
1256 2045 1321 2109 nisi
1342 2045 1429 2109 iusta
1448 2045 1513 2109 Dei
1534 2044 1682 2110 vindicta
1709 2043 1836 2111 accidit
1880 2045 2032 2110 Primum
2059 2064 2139 2111 vere
2160 2045 2232 2110 Au·

226 2133 349 2198 trinam
372 2130 547 2197 seminavit
566 2130 658 2195 Deus
687 2150 747 2212 per
774 2150 850 2195 suos
878 2130 1055 2195 ministros.
1098 2129 1203 2195 Mira·
1256 2129 1409 2213 gostinus
1425 2130 1611 2211 superbiam
1633 2130 1783 2194 nominat
1799 2129 1978 2197 haereseon
1991 2131 2140 2195 omnium
2160 2151 2232 2196 ma·

225 2239 301 2287 mur
327 2217 357 2281 si
384 2215 488 2282 Satan
517 2234 728 2298 quascunque
754 2222 862 2297 potest
888 2235 1037 2280 errorum
1067 2235 1203 2298 corrup·
1256 2222 1356 2299 trem:
1379 2213 1489 2280 nullus
1506 2215 1596 2279 enim
1613 2229 1758 2297 unquam
1776 2215 1905 2280 exstitit
1922 2217 2042 2282 erroris
2061 2217 2231 2300 magister,

226 2303 309 2368 telas
330 2300 488 2367 misceat?
532 2301 578 2365 Et
600 2320 684 2383 quae
705 2320 770 2364 non
799 2300 910 2365 statim
934 2321 955 2365 a
975 2301 1082 2383 primo
1104 2320 1204 2366 evan·
1256 2320 1353 2382 quem
1375 2320 1443 2364 non
1465 2320 1568 2382 prava
1589 2299 1723 2364 ambitio
1750 2300 1785 2364 in
1807 2320 1906 2365 suum
1926 2301 2152 2383 praecipitium
2174 2321 2233 2366 ex·

208 2424 217 2440 ·
249 2388 304 2453 elii
331 2393 449 2454 exortu
476 2384 634 2452 falsorum
664 2383 856 2468 dogmatum
884 2385 1035 2468 plaustra
1055 2384 1205 2451 invexit?
1255 2384 1377 2450 tulerit
1408 2383 1540 2450 Scimus
1551 2386 1661 2450 Deum
1678 2385 1825 2468 parvulis
1842 2383 1946 2450 fidum
1964 2406 2035 2452 esse
2055 2386 2241 2453 doctorem..

225 2410 354 2539 hmine
387 2474 598 2538 innumeram
625 2469 880 2536 multitudinem.
925 2469 994 2536 Sed
1020 2470 1201 2548 Valentini,
1255 2469 1389 2536 Scimus
1410 2469 1580 2536 Christum
1608 2470 1748 2535 humiles
1777 2489 1815 2534 ac
1836 2478 2026 2537 mansuetus
2054 2471 2096 2537 ad
2117 2494 2153 2538 se
2174 2493 2233 2538 vo·

225 2558 379 2624 Montani
400 2564 434 2624 et
454 2554 725 2622 Manichaeorum
753 2554 877 2622 deliriis
899 2554 979 2638 quid
1000 2558 1107 2640 magis
1151 2577 1203 2621 ro·
1256 2576 1349 2635 care,
1377 2565 1415 2621 ut
1441 2575 1497 2623 ecs
1524 2554 1644 2621 habeat
1671 2555 1855 2639 discipulos.
1899 2555 2042 2622 Proinde
2063 2558 2119 2640 qui
2141 2578 2233 2623 arro-

227 2641 391 2726 digiosum
421 2642 504 2740 fingi
534 2639 665 2723 potest?
719 2640 886 2723 Perquam
918 2661 996 2706 vero
1028 2640 1111 2707 ridie
1147 2661 1205 2705 um
1256 2642 1371 2726 gantia
1391 2648 1541 2726 turgent,
1570 2661 1626 2707 ecs
1652 2660 1722 2706 non
1750 2641 1871 2706 mirum
1899 2649 1950 2707 est
1971 2639 2012 2708 ab
2034 2643 2097 2710 hac
2118 2642 2233 2709 schola

114 2758 119 2767 ·
230 2735 296 2809 est,
330 2747 386 2793 eos
414 2748 470 2810 qm
503 2724 665 2809 evangelii
692 2725 798 2791 lucem
825 2734 894 2791 tam
922 2725 1033 2791 densis
1059 2725 1205 2792 tenebris
1255 2727 1368 2811 pulsos
1390 2727 1485 2811 vagis
1512 2727 1579 2792 suis
1607 2726 1884 2810 speculationibus
1911 2748 2045 2794 sursum
2074 2749 2112 2794 ac
2137 2727 2233 2793 deor-

234 2834 303 2879 non
334 2812 437 2878 fuisse
464 2810 660 2877 exstinetam
687 2811 838 2877 miraculi
869 2810 939 2877 loco
967 2810 1105 2892 ducunt,
1134 2811 1205 2876 vim
1256 2833 1330 2879 sum
1358 2812 1492 2895 raptari
1537 2810 1710 2895 Quotquot
1739 2811 1802 2878 hac
1828 2819 1942 2878 nostra
1967 2820 2075 2878 aetate
2101 2835 2122 2879 a
2147 2833 2234 2896 pura

229 2899 300 2964 eius
328 2904 444 2965 contra
471 2903 521 2961 tot
549 2895 719 2961 machinas
732 2896 757 2978 ¹)
787 2896 917 2962 stetisse
944 2896 1102 2962 invictam
1129 2916 1204 2961 cum
1256 2896 1418 2981 evangelii
1440 2896 1587 2963 doctrina
1609 2896 1751 2980 prolapsi
1768 2897 1926 2963 falsorum
1945 2898 2136 2982 dogmatum
2158 2919 2233 2964 coe·

226 2982 343 3067 plausu
366 2982 513 3060 audiunt,
537 2981 613 3064 quia
630 2981 1031 3065 nuncquoquemendaeii
1051 2983 1205 3047 tenebras
1256 2991 1377 3066 peruut
1404 3003 1475 3048 esse
1509 2990 1654 3061 autores,
1688 2984 1891 3066 reperiemus
1918 3003 2032 3049 omnes
2058 2984 2233 3066 superbiae

226 3068 376 3135 offundat
397 3066 520 3143 Satan,
547 3065 710 3149 evangelii
739 3065 905 3133 doctrinae
933 3067 1078 3132 infensos
1099 3066 1202 3133 reddi.
1256 3068 1370 3134 morbo
1390 3076 1558 3150 correptos
1579 3067 1704 3151 ingenii
1722 3075 1888 3133 tormenta
1905 3069 1967 3134 sibi
1987 3077 2021 3132 et
2037 3069 2110 3134 aliis
2130 3069 2232 3133 fabri·
2340 3128 2347 3142 ,

155 3219 157 3223 ,
226 3153 364 3231 Verum,
388 3154 465 3235 quia
480 3151 522 3217 ad
543 3150 632 3216 hunc
655 3152 824 3234 scopulum
846 3152 947 3218 variis
955 3151 1063 3217 modis
1084 3152 1204 3235 impin·
1255 3173 1355 3219 casse.
1400 3153 1467 3218 Pro
1493 3152 1608 3217 multis
1633 3155 1737 3218 unum
1764 3151 1894 3219 Servati
1923 3153 2110 3237 exemplum
2138 3155 2232 3219 suffi-

226 3240 325 3322 gitur,
344 3238 487 3303 breviter
504 3234 675 3302 ostendam
692 3236 818 3302 nullam
835 3257 907 3302 esse
924 3237 1112 3303 offensionis
1130 3257 1204 3320 spe-
1255 3240 1328 3304 ciat
1339 3241 1368 3322 ³)
1421 3238 1457 3303 Is
1491 3238 1581 3302 enim
1611 3237 1784 3304 lusitanice
1814 3238 1903 3304 fastu
1934 3240 2084 3319 inflatus,
2123 3238 2232 3323 magis

227 3322 320 3401 ciem,
342 3324 377 3388 in
399 3336 498 3405 quam
519 3341 585 3386 non
607 3329 723 3404 sponte
734 3323 789 3387 vel
807 3321 962 3400 socordia,
979 3323 1034 3388 vel
1045 3322 1109 3390 alio
1126 3343 1203 3406 pro·
1255 3325 1437 3389 etiamnum
1470 3323 1602 3406 propria
1634 3323 1826 3406 arrogantia
1857 3335 2012 3408 turgens,
2050 3326 2136 3391 hanc
2167 3324 2233 3391 sibi

226 3409 298 3492 prio
315 3408 396 3474 vitio
415 3406 535 3490 singuli
553 3408 735 3472 incurrant
769 3406 837 3487 Qui
854 3407 1047 3490 simpliciter
1064 3414 1137 3488 [pag.
1150 3412 1204 3486 68]
1254 3407 1466 3492 comparandi
1487 3408 1629 3473 nominis
1651 3409 1813 3472 rationem
1834 3409 1992 3491 optimam
2010 3431 2082 3476 esse
2104 3410 2231 3498 statuit,

226 3515 331 3559 unum
358 3493 420 3559 hoe
446 3491 643 3569 obtendunt,
672 3500 776 3558 sectas
805 3514 848 3559 ex
870 3494 1032 3577 evangelii
1055 3493 1203 3559 doctrina
1254 3494 1283 3558 si
1305 3494 1416 3559 omnia
1436 3493 1606 3577 religionis
1627 3493 1790 3577 principia
1810 3494 2017 3562 convelleret
2062 3492 2233 3577 Quidquid

109 3611 116 3622 ·
226 3579 399 3662 pullulare,
422 3579 458 3642 hi
478 3578 599 3660 partim
620 3577 879 3660 qualemcunque
896 3586 1104 3662 praetextum
1126 3599 1201 3661 cap·
1253 3600 1332 3664 ergo
1350 3579 1390 3644 de
1412 3579 1517 3644 tribus
1537 3577 1657 3643 inDec
1678 3579 1826 3662 personia
1848 3580 1927 3645 clim
1949 3580 1989 3645 ab
2012 3583 2082 3663 ipso
2100 3588 2232 3664 aposto-
2357 3593 2360 3598 “

226 3672 308 3743 tant,
330 3664 453 3747 partim
474 3663 576 3726 nimia
598 3661 733 3728 levitate
750 3663 831 3728 mali
851 3684 985 3729 causam
1003 3665 1200 3748 in'evange·
1253 3664 1357 3730 lorum
1381 3663 1510 3729 saeculo
1531 3662 1688 3728 traditum
1708 3684 1728 3728 a
1745 3665 1901 3748 patribus,
1925 3666 2126 3732 eteontinue
2139 3675 2231 3731 aeta

226 3748 308 3813 lium
340 3747 598 3824 transscribtrnt,
633 3768 717 3830 quae
750 3741 829 3812 alibi
863 3744 993 3814 residet
1045 3747 1202 3831 Quisquis
1253 3756 1324 3815 tum
1346 3749 1430 3815 serie
1452 3750 1496 3837 ab
1515 3748 1667 3815 omnibus
1688 3750 1752 3832 piis
1774 3761 1942 3834 receptum
1959 3750 2030 3829 fuit,
2053 3772 2120 3817 non
2132 3751 2231 3817 modo
2304 3762 2307 3769 ”

227 3834 355 3917 aperire
377 3832 486 3898 oculos
508 3830 705 3913 dignabitur,
727 3832 933 3916 evangelium
946 3833 1122 3917 perspiciet
1136 3856 1200 3900 non
1253 3845 1409 3920 tanquam
1431 3835 1594 3900 insulsum
1615 3835 1780 3917 repudiat,
1809 3836 1868 3901 sed
1889 3836 1964 3919 plus
1989 3859 2088 3920 quam
2109 3839 2231 3904 atroci-
2321 3884 2323 3887 -

156 3943 159 3947 ·
226 3916 323 3983 modo
345 3938 462 4000 puram
490 3936 527 3980 ac
555 3916 715 3998 liquidam
743 3937 815 4003 esse
837 3919 901 3984 Dei
927 3919 1115 3996 veritatem,
1144 3918 1201 3984 sed
1253 3921 1314 3987 bus
1342 3922 1496 3987 conviciis
1522 3921 1670 4002 exagitat
1697 3942 1735 3987 ac
1767 3922 1958 4002 proscindit.
2008 3924 2080 3987 Iam
2112 3925 2232 3990 canina

132 4067 137 4077 ,
225 4003 386 4085 optimum
408 4009 540 4068 sanctae
563 4001 701 4067 unitatis
723 4002 902 4068 vinculum.
932 4004 1029 4070 Nunc
1050 4006 1078 4069 si
1089 4015 1202 4068 eontra
1253 4006 1312 4070 illa
1339 4004 1511 4071 mordendi
1543 4004 1754 4093 latrandique
1783 4006 1906 4081 rabies,
1941 4029 2039 4090 quam
2066 4008 2232 4074 ebulliunt

225 4088 370 4172 insurgit
391 4085 505 4165 Satan,
529 4095 565 4151 ut
586 4087 674 4151 hanc
694 4087 802 4154 lucem
824 4109 972 4154 erromm
995 4088 1123 4154 nebulis
1145 4088 1201 4154 ob-
1252 4112 1366 4157 omnes
1388 4093 1584 4174 scriptorum
1607 4090 1677 4155 eius
1699 4090 1849 4174 paginae,
1873 4094 1953 4158 satis
1975 4101 2124 4173 testatur,
2148 4114 2231 4176 qna-

226 4183 347 4251 scurct,
370 4195 407 4239 ac
430 4173 591 4237 unitatem
615 4172 743 4250 laceret,
766 4176 802 4237 iu
824 4196 922 4257 quam
936 4175 1123 4240 coalescunt
1141 4174 1200 4238 filii
1251 4176 1293 4241 lis
1316 4176 1484 4240 hominem
1506 4176 1641 4257 spiritus
1660 4177 1805 4260 instiget.
1851 4178 1996 4242 Adrum
2019 4200 2099 4245 vero
2121 4181 2150 4245 si
2171 4200 2231 4249 ve-

226 4257 306 4337 Dei,
339 4259 480 4323 officinm
508 4257 564 4321 ille
587 4278 684 4322 suum
717 4258 802 4324 feeit.
847 4261 910 4324 Est
936 4260 1026 4324 enim
1054 4276 1086 4325 et
1108 4281 1200 4324 men·
1253 4261 1334 4338 nias,
1363 4261 1451 4326 clare
1472 4261 1665 4343 perspicies,
1694 4262 1805 4326 ieiuna
1825 4262 1934 4328 inanis
1956 4264 2078 4347 gloriae
2098 4265 2154 4330 siti
2174 4285 2231 4333 ac·

226 4342 310 4409 dacii
332 4353 435 4426 pater,
459 4351 492 4407 et
513 4341 722 4408 dissidiorum
742 4345 890 4409 omnium
912 4353 1008 4410 autor
1029 4356 1125 4428 atque
1148 4365 1200 4409 ar·
1253 4367 1387 4411 censum
1416 4345 1650 4412 absurdissima
1676 4368 1822 4431 quaeque
1845 4348 1961 4414 deliria
1993 4349 2109 4432 cupide
2143 4350 2229 4415 hau-

226 4429 317 4494 tifex.
350 4429 508 4494 Nostrum
530 4448 609 4513 ergo
632 4437 703 4493 erat
724 4450 762 4495 eo
779 4429 940 4495 intentius
961 4431 997 4495 in
1014 4429 1201 4513 quaerenda
1252 4432 1342 4509 sisse,
1377 4432 1495 4514 quibus
1527 4452 1562 4495 se
1593 4421 1779 4498 inebriaret
1836 4431 2030 4500 Sermonem
2063 4433 2130 4499 Dei
2161 4457 2231 4501 non

226 4517 366 4580 veritate
397 4515 560 4593 laborare,
593 4514 766 4580 inventam
798 4515 1001 4581 constantius
1036 4514 1198 4599 amplecti.
1251 4519 1343 4600 prius
1368 4518 1469 4582 hrisse
1497 4518 1713 4601 imaginatur,
1743 4540 1842 4602 quam
1871 4518 1950 4584 dum
1972 4520 2095 4586 Moises
2116 4519 2231 4586 Deum

225 4599 302 4665 Non
328 4599 425 4665 modo
448 4600 616 4665 abstinent
636 4600 693 4665 isti
715 4598 756 4665 ab
784 4600 875 4665 omni
901 4600 1061 4666 eiusmodi
1083 4600 1199 4681 studio,
1251 4606 1286 4667 in
1308 4602 1424 4667 mundi
1445 4603 1609 4669 creatione
1631 4602 1818 4687 loquentem
1839 4604 1976 4671 inducit
2022 4604 2126 4687 Quasi
2149 4627 2229 4674 vero

226 4705 265 4752 ac
286 4685 468 4768 refugiunt:
497 4684 556 4750 sed
583 4685 673 4752 hunc
702 4685 901 4750 defensionis
928 4684 1080 4771 elypeum
1101 4707 1200 4769 oppo-
1251 4697 1330 4754 tunc
1352 4688 1485 4753 demum
1513 4709 1584 4754 esse
1611 4689 1768 4772 coeperit,
1797 4710 1900 4773 quum
1927 4692 2075 4757 exseruit
2101 4699 2231 4757 tantam

226 4779 313 4835 nunt
334 4772 421 4847 Dec,
449 4790 492 4834 ne
513 4769 644 4835 obedire
667 4770 738 4835 cius
756 4769 896 4853 imperio
918 4779 1087 4854 cogantur.
1132 4771 1200 4836 Alii
1745 4834 1748 4838 ,

226 4856 358 4922 ωωοῒεί
372 4854 449 4920 data
458 4876 558 4938 opera
578 4875 645 4919 non
667 4865 829 4937 quaeumt
847 4856 1007 4938 quomodo
1028 4855 1202 4939 repudient
1322 4873 1352 4939 1)
1371 4874 1444 4928 ΑΜ.
1461 4876 1529 4930 nais
1546 4878 1563 4931 a
1581 4875 1617 4929 fin
1635 4874 1699 4944 qu’il
1715 4892 1785 4931 nous
1803 4891 1837 4931 en
1854 4877 1914 4933 face
1932 4879 2106 4948 participans.

227 4961 343 5007 sanam
364 4940 556 5018 doctrinam,
578 4958 681 5020 quum
703 4946 815 5004 tamen
832 4940 900 5008 levi
921 4942 1099 5008 occasionis
1121 4963 1202 5008 aura
1321 4941 1352 5010 2)
1369 4942 1443 4997 Aca
1460 4959 1507 4998 car
1520 4943 1611 5013 quand
1626 4960 1697 4999 nous
1714 4945 1901 5001 cheminerons
1919 4946 1996 5001 selon
2013 4946 2077 5016 qu’il
2093 4963 2163 5005 noue
2182 4965 2229 5004 eu·

226 5027 344 5109 porcia
370 5024 537 5101 renunt,
570 5023 656 5088 nrm
682 5022 805 5089 scant
832 5027 945 5101 ,inae
971 5028 1200 5094 exeusauonis.
1254 5011 1355 5141 alep
1371 5027 1441 5134 11110110
1455 5012 1703 5136 {fimfflssff
1720 5012 2082 5139 “diffidimus
2147 5090 2159 5138 t
2221 5085 2228 5098 .

1256 5098 1454 5203 contrafaityle
1486 5146 1608 5202 medecin
1640 5164 1670 5204 se
1685 5096 1833 5203 hatrgnbmaut
1864 5151 2029 5207 villeneuve.
2058 5099 2231 5220 ’ὃθπθροξῐῗ

298 5209 328 5276 1)
347 5211 370 5264 si
387 5226 469 5278 grans
485 5211 588 5265 heurts.
725 5180 728 5184 Ι
1256 5216 1380 5285 glorieux
1398 5221 1489 5271 estam
1505 5216 1582 5271 desia
1599 5215 1670 5271 enac
1688 5216 1721 5272 de
1739 5216 1906 5287 l'arrogance
1924 5220 1958 5275 de
1976 5219 2107 5290 Portugal
2126 5227 2174 5285 etc.
