4604 5896
88 312 151 375 709
294 374 296 383 ,
776 304 1043 374 EPISTOLAE
1064 304 1130 372 AD
1153 300 1411 373 CALVINUM.
1570 377 1574 379 λ
2042 320 2111 382 zm.

87 516 151 564 non
171 514 247 560 moe
267 495 364 561 iussit
390 516 412 559 a
432 494 551 560 miliia
569 493 736 574 ancaeo,
764 495 819 560 sed
846 498 929 560 certa
950 494 1071 559 ratione
1123 491 1194 557 Ima
1216 492 1293 574 quia
1324 493 1398 559 huic
1430 496 1550 578 nepotio
1582 495 1810 566 adhibebantur
1830 500 2016 583 presbyteri,
2048 502 2104 568 ubi

87 603 123 650 se
150 583 314 649 sustinere.
362 579 517 646 Gladium
548 579 595 646 eis
625 584 747 664 pestere
771 580 852 661 licet,
893 579 975 644 siuet
1003 579 1071 643 licet
1122 578 1254 659 quidam
1274 579 1311 643 in
1333 579 1397 645 alio
1418 585 1487 645 erat
1506 581 1683 662 scrupulus,
1705 585 1764 649 uni
1780 590 1837 650 aut
1852 586 2003 667 pluribus
2014 607 2106 669 pres-

82 667 244 752 potestati,
288 668 340 732 uei
378 666 532 746 seruiunt,
571 665 613 731 ad
649 665 805 731 iristitiam
840 670 869 732 ct
899 664 1072 731 uindictam
1123 663 1238 744 bpteris
1265 683 1298 730 se
1324 664 1513 745 ostendebat,
1535 667 1701 732 consilium
1722 675 1752 735 ct
1772 691 1859 753 operu
1873 669 2011 753 petebat,
2034 692 2104 738 con·

88 754 255 820 mahmm.
1122 747 1269 829 fitehotiu
1306 755 1437 831 peccata
1480 772 1549 816 suo.
1616 752 1641 816 I
1643 753 1680 819 lli
1723 756 1905 838 resipiscere
1948 755 2104 823 homnem

1123 831 1274 931 domnus,
1303 835 1387 899 etin
1406 835 1468 916 pide
1493 835 1612 902 Christi
1630 838 1808 920 pimnantcs,
1825 861 1887 923 pro
1908 861 1941 907 eo
1961 842 2103 923 mabam,

1124 923 1159 984 ut
1179 938 1209 983 er
1224 924 1353 1000 peccata
1373 920 1432 985 ilia
1452 922 1690 990 remitteretur.
1722 924 1760 989 Si
1781 928 1848 991 ueri
1870 932 1959 992 uait
1983 926 2103 995 Cirrish

229 1005 464 1074 EPISTOLA
485 1004 716 1074 VIOESIMA
738 1004 936 1074 OCTAVA.
1122 1004 1280 1084 ministri,
1310 1025 1407 1086 quam
1423 1007 1602 1088 plurimum
1622 1009 1743 1075 homini
1757 1013 1900 1093 peccanti
1927 1014 2103 1095 etinhruro

1117 1089 1266 1170 prodesse
1282 1093 1570 1174 purpureorum
1591 1094 1733 1161 areuna
1752 1101 1780 1161 et
1801 1098 1916 1177 oratio,
1941 1097 2046 1164 Galat.
2071 1105 2101 1179 6,

177 1185 251 1260 [pag.
271 1184 347 1259 667]
372 1178 499 1244 Nullibi
520 1198 553 1243 es
574 1182 608 1243 tu
629 1197 699 1244 uere
720 1182 914 1259 assequutus,
936 1177 1072 1259 quaein
1124 1172 1550 1243 tantiscunque.
1595 1179 1729 1246 Peccata
1745 1182 1797 1247 illi
1812 1182 2012 1264 remittebant,
2034 1186 2102 1266 qui·

90 1264 336 1347 confessionibus
358 1270 387 1330 et
408 1262 696 1346 cmefirmationibus
715 1263 837 1344 fuerint
857 1265 1072 1346 episcoporum
1124 1259 1183 1324 bus
1202 1261 1285 1325 dicit
1300 1258 1462 1329 Christus:
1486 1264 1744 1346 Quorumcunque
1764 1269 1952 1335 remiseritis
1962 1267 2101 1351 peccata,

55 1379 58 1383 ⁴
89 1354 118 1416 et
143 1349 397 1433 presbyterorum
418 1354 540 1433 partes.
593 1348 781 1430 Aliquando
813 1349 910 1415 iidem
922 1350 947 1433 ¹)
973 1348 1072 1414 simu
1122 1346 1326 1410 remittuntur
1352 1348 1406 1412 eis.
1458 1347 1606 1415 Ministri
1635 1350 1756 1417 Christi
1781 1359 1964 1434 potestatem
1991 1354 2104 1420 haben

88 1440 181 1502 mant
202 1436 339 1517 episcopi
362 1441 391 1501 et
406 1434 593 1519 presbyteri,
616 1434 729 1517 quibus
740 1435 868 1515 pariter
880 1433 1072 1501 incumbebat
1122 1431 1346 1496 reconciliandi
1366 1432 1504 1498 homines
1521 1433 1604 1516 Deo,
1627 1442 1654 1500 et
1680 1438 1716 1502 in
1731 1459 1869 1520 persona
1894 1439 2013 1505 Christi
2033 1460 2102 1506 oon·

89 1521 378 1587 administrationis
399 1541 487 1587 onus.
531 1520 717 1602 Aliquando
745 1519 780 1585 ob
801 1520 958 1603 insiqnem
978 1521 1071 1586 dono-
1123 1515 1253 1594 donant,
1277 1519 1371 1597 quasi
1393 1519 1462 1583 eius
1485 1519 1593 1603 leqoti,
1620 1527 1657 1586 ut
1675 1527 1737 1587 tota
1757 1524 1801 1588 ad
1824 1523 1999 1589 Corinthios
2021 1526 2102 1607 epis·

87 1626 162 1672 rum
182 1606 249 1673 Dei
269 1607 305 1673 in
328 1606 435 1689 aliquo
457 1606 675 1685 excedentium,
685 1605 715 1690 ²)
738 1605 777 1670 ah
799 1604 874 1670 aliis
895 1604 1071 1671 senioribus
1122 1600 1185 1666 tola
1205 1602 1339 1666 secunda
1369 1602 1496 1670 Paulus
1523 1606 1622 1686 docet,
1656 1607 1793 1674 loannes
1814 1611 1888 1674 itern
1920 1615 1948 1675 et
1969 1609 2102 1676 Iacobus

89 1691 286 1774 deferebatur
307 1693 336 1758 ei
358 1692 496 1773 episcopi
517 1691 627 1772 honor,
654 1695 682 1756 et
703 1691 847 1758 ecciesiae
863 1709 1015 1756 consensu
1035 1689 1071 1753 in
1122 1685 1197 1752 loeis
1218 1688 1284 1752 iam
1305 1688 1418 1754 citatis.
1463 1690 1557 1755 Hanc
1582 1694 1667 1759 ueris
1687 1695 1830 1760 ecciesiae
1849 1695 2011 1760 ministris
2025 1716 2101 1777 per-

89 1797 161 1844 eum
176 1779 285 1858 potius
317 1776 471 1843 recidebat
503 1797 582 1844 cura
614 1781 642 1841 et
672 1777 851 1857 munatio.
895 1775 1070 1841 Ecclesiam
1116 1776 1247 1852 petuam
1278 1773 1379 1837 inesse
1411 1773 1533 1857 liqandi
1566 1779 1758 1845 etsolcendi
1789 1781 1982 1863 farnitum,
2016 1782 2101 1847 docet

89 1863 226 1945 intelliqe
247 1868 427 1949 concordam
459 1864 600 1928 omnium
631 1882 700 1927 mm
722 1860 845 1927 Christo
866 1861 1068 1927 coenantium.
1120 1857 1189 1936 ipse
1211 1856 1363 1937 Christus,
1387 1858 1499 1925 Matth.
1525 1866 1578 1941 18,
1601 1868 1636 1926 ut
1657 1886 1870 1948 quamcunque
1890 1888 1956 1932 rem
1977 1867 2039 1932 duo
2061 1887 2100 1932 ee

96 1947 211 2012 Verum
232 1949 267 2014 in
289 1970 323 2014 eo
343 1954 428 2014 coetu
448 1954 493 2014 est
513 1948 706 2014 christianae
728 1947 861 2012 uniatis
887 1946 1067 2029 spmbolurn.
1121 1942 1189 2007 illis
1210 1949 1303 2020 orent,
1325 1945 1495 2025 impetrent.
1529 1946 1715 2014 Potestatem
1731 1951 1863 2033 insuper
1884 1952 1995 2016 haberit
2015 1973 2102 2018 ecer-

90 2033 149 2099 Ibi
173 2038 218 2099 est
241 2033 385 2100 mustus
417 2035 453 2099 in
485 2034 585 2100 medio
613 2053 727 2098 eorum
771 2032 844 2097 Sioc
870 2053 941 2116 erqo
957 2032 1069 2114 plures
1121 2027 1234 2125 caudae
1261 2029 1415 2094 uindictae
1447 2033 1598 2097 adoersrn
1626 2035 1815 2114 incredulos,
1847 2041 1882 2099 ut
1908 2058 1958 2101 eos
1984 2058 2100 2102 ενσοον-

89 2123 163 2186 sunt
184 2121 335 2202 episcopi,
356 2120 424 2184 siue
445 2140 529 2184 unus
550 2120 726 2200 episcopus,
748 2117 921 2200 speculator
943 2119 1067 2196 dicitur,
1120 2114 1309 2178 muncoando
1347 2114 1486 2182 duanae
1513 2123 1541 2183 ct
1566 2119 1659 2184 morti
1686 2121 1821 2187 tradant.
1876 2123 1970 2187 Harec
1997 2128 2099 2186 autom

90 2210 118 2271 ot
138 2205 403 2287 superintendens.
442 2203 505 2271 Sed
525 2205 703 2283 canendum,
725 2224 764 2268 ne
784 2204 837 2268 his
851 2202 1068 2283 praetextibus
1114 2202 1297 2279 potestatem
1314 2220 1433 2266 omnem
1454 2209 1591 2269 ecercent
1611 2206 1726 2270 oidutc
1748 2208 1893 2287 spiritus,
1912 2209 2100 2274 monardoet
2168 2261 2170 2265 ,

89 2291 254 2374 piscoptas
284 2291 459 2356 dominium
491 2295 636 2356 ceuceu.
693 2288 893 2354 Praesentem
925 2288 1068 2355 ecclesiae
1120 2284 1246 2349 ενανεοίο.
1293 2284 1356 2350 Sed
1376 2307 1419 2350 an
1441 2289 1686 2371 satisfactionem
1714 2292 1764 2356 illi
1785 2292 1956 2357 docebant?
2000 2292 2099 2359 Doce-

88 2381 205 2457 oportct
224 2378 402 2458 episcopum
423 2397 497 2455 esse,
518 2382 554 2440 ut
570 2376 744 2458 speculetur
765 2379 792 2439 et
810 2374 1067 2457 superinspiaiat,
1119 2370 1193 2434 bant
1220 2390 1302 2450 oere,
1329 2372 1491 2452 faciendos
1512 2395 1577 2440 esse
1596 2376 1735 2456 seuam,
1763 2378 1873 2462 dipnos
1890 2379 2099 2458 poenitentia:

87 2462 154 2526 nisi
174 2460 256 2542 torte
276 2462 319 2526 ad
340 2463 433 2528 aliud
450 2463 525 2544 fidei
546 2462 700 2544 nepotium
722 2459 894 2542 aliquando
915 2461 1066 2525 mittatur.
1117 2455 1240 2537 funum
1257 2458 1489 2539 restituendum,
1511 2462 1541 2525 si
1561 2461 1602 2525 sit
1617 2462 1763 2544 facultas.
1794 2462 1960 2542 Docebant,
1979 2464 2099 2528 ieiunio
2159 2472 2160 2479 ’

89 2547 244 2630 Episcopi
270 2547 349 2614 uelut
379 2548 525 2630 pastoris
552 2567 667 2611 munus
701 2550 760 2623 est,
800 2545 861 2610 sibi
885 2547 1067 2613 commissas
1118 2542 1306 2607 etoratime
1328 2543 1460 2610 cohiberi
1488 2548 1595 2611 carrus
1615 2548 1796 2629 lasciuiam,
1826 2569 1950 2613 carnem
1970 2549 2099 2629 mortib

88 2654 159 2700 ooes
179 2653 369 2716 coproscere,
403 2634 547 2710 undare,
575 2632 664 2697 etin
691 2631 834 2697 doctrina
861 2630 938 2712 fidei
958 2631 1067 2713 constr-
1119 2627 1201 2705 cari,
1242 2633 1271 2692 et
1306 2629 1458 2709 spiritum
1497 2632 1668 2712 unificari,
1708 2634 1906 2716 cleernospnis
1937 2639 2099 2715 peceatum

88 2739 185 2798 mare,
207 2739 245 2784 ne
261 2739 326 2799 qua
348 2719 415 2783 lues
436 2719 624 2784 suboriatur.
670 2716 725 2782 Ita
749 2716 876 2782 Paulus
896 2737 970 2782 suos
991 2717 1067 2783 oisi-
1118 2712 1242 2792 redimi,
1276 2712 1382 2778 Deum
1407 2734 1471 2794 pro
1503 2719 1642 2800 sinpulis
1667 2721 1841 2800 rependere,
1872 2725 1901 2784 et
1932 2720 2099 2785 remittent

85 2809 157 2871 tans
177 2804 394 2885 cmhrmabat,
417 2805 498 2870 alios
520 2804 709 2870 eonddnens
729 2804 901 2885 episcopos,
922 2803 977 2868 ubi
999 2804 1067 2886 ipse
1117 2799 1281 2864 remittere.
1330 2800 1595 2881 Qeremadmodum
1622 2806 1726 2885 corde,
1758 2825 1809 2869 ονε
1831 2810 1859 2869 et
1881 2825 1972 2887 opere
1993 2805 2098 2870 Deum

83 2890 147 2956 alio
165 2889 429 2972 proficiscebatur.
477 2888 747 2970 confirmationem
767 2888 873 2971 iqitur,
895 2888 1067 2953 orationem
1118 2885 1313 2966 ostendimus,
1335 2887 1384 2950 ito
1399 2890 1591 2967 poenitentes
1612 2891 1701 2956 corde
1722 2890 1868 2970 dolemus,
1898 2910 1950 2956 ore
1979 2891 2098 2971 cuthte-

84 2982 112 3042 et
128 2995 280 3040 manuum
292 2975 499 3056 episcopalem
514 2995 571 3038 seu
582 2973 826 3056 presbyteralem
838 2975 1066 3054 impositionem
1117 2991 1199 3049 mur,
1240 2976 1267 3035 et
1306 2991 1393 3053 opere
1439 2974 1521 3039 uelut
1551 2976 1777 3058 satisfacimus.
1832 2977 2099 3058 Quemadmodum

84 3061 253 3143 baptizatis
275 3060 412 3141 conferre
429 3065 545 3127 udum
562 3065 621 3124 est:
642 3061 736 3141 idque
757 3060 850 3124 semel
867 3060 1064 3141 autpluries,
1116 3077 1211 3138 opera
1232 3057 1320 3122 mala
1347 3059 1495 3138 spiritum
1514 3060 1591 3140 fidei
1612 3063 1825 3145 eustinpuunt,
1858 3063 1905 3126 ha
1927 3061 2005 3126 borea
2026 3084 2098 3127 eum

82 3152 117 3212 ut
140 3166 190 3210 res
212 3147 335 3229 eniqere
356 3146 517 3211 uidebitur.
548 3144 677 3228 Insipni
698 3145 833 3227 spiritus
856 3144 976 3211 Christi
998 3145 1065 3227 effi·
1116 3143 1285 3224 vivificant.
1331 3142 1490 3224 Spiritum
1510 3145 1587 3227 fidei
1605 3149 1742 3230 peccatis
1764 3148 1887 3212 laesum
1907 3148 1990 3212 velut
2010 3150 2099 3212 resti-

83 3233 171 3300 aaeia
196 3251 313 3296 manus
341 3230 511 3314 baptisatis
539 3231 737 3312 imponebant
758 3231 907 3313 apostoli:
945 3236 973 3295 et
994 3236 1065 3295 lunc
1116 3231 1248 3308 luimus,
1277 3229 1402 3293 oenum
1422 3231 1587 3297 obtinentes
1606 3233 1668 3314 hele
1691 3237 1765 3311 [pag.
1789 3236 1865 3311 659]
1887 3232 1974 3312 ipsa,
2002 3252 2097 3313 quam

84 3319 233 3399 spiritum
254 3322 397 3383 sanctum
419 3316 468 3381 illi
486 3315 685 3398 accipiebant,
708 3336 778 3382 cuno
800 3318 930 3400 linquae
947 3321 1065 3398 etpro-
1117 3314 1195 3380 talia
1217 3333 1312 3396 opera
1335 3314 1442 3396 alque
1463 3317 1553 3382 modo
1573 3317 1725 3398 reficiunt.
1770 3317 1875 3398 Atque
1896 3318 1942 3381 ita
1965 3319 2008 3383 ad
2024 3338 2104 3400 pecae

79 3402 207 3487 photiae
226 3403 334 3483 donis,
356 3403 399 3469 ad
421 3402 564 3467 ecclesiae
590 3401 839 3483 aedificationem
865 3407 894 3466 et
921 3422 1065 3485 ammon
1116 3400 1179 3465 cati
1206 3400 1362 3464 commissi
1391 3405 1560 3483 etpoenae
1584 3403 1689 3485 ipsius
1716 3403 1946 3480 remissionern‚
1972 3403 2098 3485 aliquid

84 3493 158 3553 tum.
206 3486 321 3553 Postea
347 3489 461 3553 derum
492 3487 535 3552 od
561 3488 740 3552 ministeria
767 3488 925 3553 mittendis
949 3508 1065 3552 marrim
1113 3486 1238 3567 faciunt
1258 3504 1369 3565 opera
1401 3486 1467 3567 ipsi
1490 3487 1566 3567 fidei
1591 3487 1748 3552 adiuncta.
1794 3487 1955 3570 Repetitis
1983 3488 2097 3569 ethelo

83 3572 289 3655 imponebant,
311 3575 404 3656 idque
425 3574 563 3655 saepius,
591 3593 688 3654 quum
708 3573 752 3638 ad
772 3574 867 3639 uaria
886 3573 1064 3638 ministeria
1115 3570 1306 3651 instituatis,
1326 3569 1429 3635 adhuc
1449 3578 1591 3652 superest
1612 3573 1686 3639 haec
1696 3578 1895 3654 peecatorum
1912 3575 2098 3654 quotidiana

83 3659 214 3742 saepius
241 3658 446 3725 mittebantur.
492 3657 590 3723 Multi
612 3658 789 3741 presbyteri
821 3659 918 3723 simul
949 3679 1064 3724 manus
1116 3656 1268 3722 remissio.
1315 3653 1446 3736 Peccata
1472 3656 1522 3722 hic
1549 3659 1699 3742 intelliqe,
1728 3680 1750 3722 a
1774 3659 1882 3742 qratia
1904 3657 2039 3740 Christi,
2069 3664 2097 3724 et

82 3743 290 3826 imponebant,
308 3743 378 3809 Act.
402 3750 461 3823 13,
490 3746 571 3810 sicud
593 3744 726 3825 apostoli
753 3745 850 3810 simul
870 3764 986 3809 manus
1007 3745 1064 3809 im·
1117 3744 1184 3807 uus
1205 3743 1448 3824 reqmcratione,
1470 3763 1532 3808 non
1549 3746 1681 3826 penitus
1703 3744 1915 3823 cocoludentia,
1937 3765 2017 3826 quae
2035 3765 2098 3811 non

77 3834 254 3914 posuerunt
280 3831 446 3909 ministris,
485 3831 529 3895 ad
565 3849 675 3894 coenae
712 3830 926 3894 ministerium
953 3830 1063 3910 electis,
1116 3833 1190 3893 sunt
1215 3828 1348 3909 penitus
1379 3828 1422 3892 od
1452 3833 1588 3894 mortun
1634 3829 1788 3911 Papistae
1814 3835 1923 3896 uocant
1949 3831 2098 3897 mortalia

82 3918 152 3983 Act.
175 3921 205 3982 6.
228 3914 315 3982 Hinc
336 3914 498 3983 dicebatur
519 3915 677 3996 impositio
698 3935 852 3980 manuum
866 3915 1064 3998 presbyterii,
1109 3918 1249 3995 putata,
1271 3933 1350 3993 quae
1371 3913 1407 3976 in
1429 3913 1492 3997 leqe
1507 3922 1597 3980 uant
1611 3916 1767 3995 mortalia,
1789 3917 2098 4000 eetrunsqressionis

82 4003 118 4068 id
144 4007 189 4069 est
210 4001 456 4086 ocnqrepationis
477 4001 651 4078 seniorum,
681 4005 710 4065 1.
737 4001 836 4065 Timo.
861 4006 891 4066 4.
939 4000 1065 4066 Similis
1116 3999 1337 4065 maledictione.
1382 3997 1415 4063 A
1437 4002 1549 4081 quovis
1570 4021 1677 4065 eorum
1698 4002 1792 4066 aiunt
1806 4003 1936 4084 penetus
1957 4002 2098 4068 interimi

83 4107 178 4171 super
199 4109 308 4174 aeqros
329 4092 397 4154 erat
418 4085 574 4168 impositio
595 4106 756 4166 manuum,
778 4087 818 4152 ab
839 4106 901 4151 uno
922 4087 970 4151 oel
986 4086 1064 4151 mul·
1114 4086 1267 4170 qratiam,
1297 4105 1393 4166 quam
1414 4086 1480 4167 ipsi
1499 4086 1622 4170 finpurrt
1640 4108 1705 4153 esse
1726 4087 1907 4170 qualitatem
1925 4088 2095 4168 quandam.

83 4174 126 4237 tis
145 4173 246 4255 sacta:
278 4193 374 4256 super
405 4172 544 4254 infantes
568 4172 654 4252 itenr,
683 4177 712 4237 et
733 4177 862 4253 peccata
881 4173 1062 4254 unitates.
1117 4172 1172 4235 Ita
1193 4171 1258 4253 ipsi
1280 4169 1359 4254 leqes
1381 4191 1468 4250 suas,
1503 4192 1574 4237 cum
1605 4172 1726 4253 fictitiis
1758 4172 1962 4255 qualitatihus
1994 4172 2096 4237 obser·
2177 4195 2180 4203 ·

83 4255 237 4341 Episcopi
257 4260 440 4325 doliorum
456 4258 675 4324 ministrorum
693 4278 811 4322 munus
822 4262 877 4333 est,
899 4258 1063 4338 attendere,
1115 4262 1198 4322 nont.
1233 4254 1427 4322 Christianis
1448 4277 1520 4322 oero
1535 4264 1673 4341 peccata,
1697 4260 1791 4323 etiam
1808 4257 2011 4340 pravissima,
2034 4278 2097 4323 non

84 4362 123 4406 ne
150 4345 223 4424 quis
252 4344 295 4408 ad
316 4345 505 4411 dominicam
526 4363 651 4409 uenam
673 4344 798 4410 accedat
818 4350 891 4424 [pag.
916 4347 991 4424 658]
1015 4345 1064 4407 in·
1116 4342 1253 4407 suntad
1274 4343 1718 4423 mortem,persistentefide:
1742 4344 1797 4408 sed
1818 4343 2008 4407 oduntem
2029 4363 2098 4407 sen·

85 4427 211 4511 dipnus.
256 4427 328 4495 Imo
360 4431 621 4513 confirmationem
653 4430 812 4495 doctrinae
838 4428 915 4510 fidei
941 4428 1064 4511 ethap·
1116 4428 1180 4493 sim
1192 4428 1317 4507 ducunt,
1336 4427 1431 4509 tidem
1446 4429 1673 4513 eastinpuendo,
1693 4429 1770 4509 quia
1787 4431 1862 4492 sunt
1878 4429 2096 4509 operaoaruis

83 4513 172 4578 turni
205 4513 370 4596 episeopus
409 4516 519 4598 eupit,
552 4516 743 4597 praesertim
777 4537 797 4581 a
819 4534 942 4596 parum
974 4516 1063 4579 notis.
1116 4513 1247 4595 spritui
1271 4513 1348 4594 fidei
1374 4515 1545 4580 unrado.
1590 4513 1679 4578 Haec
1707 4517 1750 4578 est
1776 4513 1874 4596 ipitur
1895 4514 2098 4595 confessionis

85 4597 185 4666 Curat
208 4599 384 4680 episcopus,
418 4599 457 4664 ab
480 4601 557 4666 aliis
577 4602 752 4668 senioribus
773 4602 919 4680 adiutus,
951 4600 1064 4683 utqui
1116 4618 1256 4678 ummo,
1285 4603 1321 4663 ut
1341 4600 1377 4664 in
1395 4599 1564 4664 christiani
1588 4599 1724 4664 hominis
1753 4599 1885 4664 arbitrio
1911 4600 2020 4679 posita
2044 4600 2095 4680 sit,

82 4689 189 4750 contra
209 4685 313 4751 alium
341 4686 464 4767 aliquid
485 4684 610 4765 hahent,
635 4692 764 4770 peccata
786 4688 975 4754 alterutrum
996 4706 1064 4751 con—
1117 4685 1160 4751 ad
1197 4685 1436 4766 endhpandam
1474 4683 1692 4750 conscientiam
1729 4684 1856 4750 malam.
1909 4683 1950 4748 Se
1979 4685 2097 4766 ipsum,

79 4772 210 4854 fitentes,
232 4771 475 4848 reconcilientur,
497 4776 662 4852 antequam
684 4773 726 4837 ad
747 4793 888 4838 mensam
909 4772 1063 4838 ocoedant
1116 4770 1201 4836 debet
1221 4769 1309 4836 homo
1329 4769 1479 4852 probare,
1501 4774 1670 4852 qucquam
1690 4770 1732 4835 ad
1754 4790 1879 4835 coenam
1901 4770 2040 4849 mcedat,
2069 4774 2098 4834 et
2194 4798 2196 4802 ’
2224 4841 2225 4844 ¹

83 4856 171 4923 Hau
196 4862 242 4924 est
264 4856 414 4938 untessio
430 4859 640 4938 pcccatorum,
667 4862 739 4924 ante
760 4879 886 4925 sacram
906 4858 1063 4941 synaxim.
1116 4857 1255 4922 seniores
1287 4857 1323 4921 in
1354 4854 1475 4921 Christi
1501 4855 1642 4922 doctrim
1660 4856 1840 4921 onustatos
1871 4856 1907 4920 in
1932 4855 2097 4920 amilium

1117 4942 1276 5020 adhibere,
1308 4943 1338 5008 si
1369 4943 1408 5008 dc
1437 4962 1473 5006 re
1499 4942 1652 5022 quapiam
1679 4941 1808 5006 dubitat.
1850 4940 1985 5024 Alioqui
2012 4961 2098 5006 mors

1116 5029 1212 5094 etiam
1243 5026 1424 5110 corporalis,
1456 5031 1484 5092 et
1509 5048 1614 5109 poena
1646 5026 1714 5092 alia
1746 5024 1929 5108 temporalis
1955 5027 2097 5092 imminet

152 5147 182 5214 1)
199 5148 280 5203 iidem
297 5163 346 5203 m
1116 5114 1245 5198 indique
1265 5114 1419 5179 uenienti
1440 5113 1487 5198 (1.
1509 5111 1577 5179 Cor.
1599 5114 1658 5194 11)
1681 5133 1703 5177 a
1724 5113 1837 5194 quibus
1859 5111 2000 5176 omnibuis
2022 5111 2096 5178 libe·
2144 5180 2145 5183 ,

151 5215 482 5285 2)excellentiam111ic
498 5214 624 5271 menete
643 5211 734 5270 θεοεε
746 5215 922 5283 maneum.
1118 5205 1170 5267 rat
1199 5200 1274 5266 haec
1306 5199 1465 5282 confessio.
1514 5198 1597 5281 Ilem
1623 5220 1645 5264 a
1674 5204 1772 5264 mode
1798 5203 1953 5280 perpetua
1985 5198 2097 5265 liberat

1833 5298 1889 5353 45·
