4702 5926
230 334 292 396 671
1134 321 1339 390 SERVETI
2181 326 2248 390 672

229 523 357 586 eremo
379 521 474 599 cpnnt
496 517 531 580 in
549 515 701 593 animum,
722 516 803 579 sicut
824 519 913 579 actus
934 516 968 578 in
990 513 1147 578 habitum:
1168 511 1207 576 ab
1264 511 1353 594 Opus
1373 513 1499 577 nullum
1520 513 1572 576 eis
1592 532 1659 576 esse
1678 511 1830 593 probum,
1857 514 1923 578 nisi
1939 512 2090 594 procedat
2113 533 2152 577 ec
2169 533 2244 593 per·

229 603 374 684 operibus
391 602 479 666 bonis
497 602 547 666 cel
562 601 666 677 ciclis,
688 599 762 665 bene
778 600 825 665 cel
842 601 924 665 male
938 602 962 683 ¹)
980 599 1121 682 aflicitur
1139 599 1208 662 ani-
1258 599 1336 679 sectc
1355 614 1475 663 amore:
1492 597 1542 662 hic
1560 602 1664 662 autem
1681 618 1841 679 nusquam
1858 598 1915 663 tibi
1933 603 1985 664 est.
2018 597 2244 680 Perfectionem

228 708 309 767 mus,
332 689 413 752 sicut
432 687 472 751 ab
489 688 599 752 obiecto
618 686 758 766 afficitur
778 706 904 750 sensus:
924 706 995 768 erpo
1017 684 1143 764 aliquid
1164 684 1207 764 ef·
1260 704 1378 747 ornnem
1405 704 1426 747 a
1448 683 1536 747 nobis
1552 683 1665 763 procul
1685 684 1811 762 abiicrs,
1842 685 1919 764 quia
1942 704 2016 748 carc
2045 685 2243 764 concupiscit

227 773 352 855 ficiunt,
380 778 495 854 aupent
521 773 569 837 cel
600 773 755 835 minuunt.
813 770 965 851 Septimo:
1006 769 1108 833 Verba
1135 773 1208 831 sunt
1267 768 1421 833 Violenter
1448 773 1504 832 tua
1525 769 1648 832 somnia
1668 771 1876 849 persequeris.
1891 770 1915 853 ¹)
1959 769 2014 833 Ec
2030 770 2178 851 professo
2198 789 2244 832 re-

229 859 296 925 Dei
316 858 393 923 Gen.
417 863 480 921 22:
515 858 598 938 Quia
620 857 723 938 fecisti
744 877 811 920 rem
832 856 920 934 hanc,
944 856 1015 919 iuro
1037 854 1102 918 tibi.
1136 853 1208 918 Ali·
1253 874 1385 936 pupnas
1411 854 1568 918 doctrinae
1599 851 1718 918 Christi
1752 860 1781 917 et
1811 855 2025 934 apostolorum
2053 860 2135 935 Ipag.
2166 859 2241 933 667]

229 943 308 1025 quid
331 944 454 1026 favoris
482 944 604 1025 peperit
627 943 745 1023 sactum
771 942 854 1007 illud
879 942 945 1022 ipsi
973 939 1139 1017 Abrahae,
1174 943 1208 1002 ut
1260 940 1339 1017 eius,
1362 940 1419 1020 qui
1434 940 1654 1020 perfectionem
1675 939 1763 1003 nobis
1784 939 1937 1019 tribuunt,
1965 945 1994 1004 et
2014 960 2071 1004 nes
2088 939 2245 1020 perfectos

229 1034 302 1094 tum
322 1030 447 1093 iuraret
467 1029 564 1105 Deus,
588 1027 669 1107 quod
690 1032 783 1092 antea
804 1048 868 1092 non
887 1027 1019 1107 fecerat:
1042 1030 1070 1088 et
1088 1025 1208 1087 uberio-
1259 1024 1378 1103 docent,
1411 1044 1508 1104 mum
1529 1025 1671 1105 perfecta
1698 1027 1734 1088 in
1755 1024 1843 1089 nobis
1863 1026 1929 1089 sint
1948 1026 2032 1090 dora
2056 1023 2188 1101 Christi,
2217 1029 2245 1088 et

230 1135 298 1180 rem
317 1116 433 1196 faceret
449 1115 705 1195 promissionem,
734 1133 830 1193 quam
850 1116 928 1189 ante,
957 1110 1083 1191 quando
1105 1108 1209 1172 Abra·
1263 1110 1333 1172 eius
1348 1110 1498 1191 perfectio
1522 1109 1564 1173 sit
1591 1110 1678 1174 nobis
1706 1111 1938 1175 communimla.
1989 1110 2075 1175 Hinc
2096 1130 2155 1175 nas
2171 1131 2245 1191 per·

231 1200 306 1265 hmn
324 1200 504 1265 crediderat.
541 1198 667 1264 Odere:
690 1197 889 1278 Iustiheatus
906 1197 1022 1260 dicitm
1043 1193 1209 1259 Abraham
1258 1194 1352 1275 tectos
1372 1198 1445 1274 post
1469 1193 1629 1259 Christum
1645 1197 1771 1277 passim
1792 1202 1901 1260 cocant
1921 1196 2054 1278 apostoli
2083 1202 2102 1259 1
2127 1193 2244 1260 Cor.1

234 1289 311 1352 Cen.
338 1290 382 1350 15
404 1306 437 1350 eo
458 1284 531 1364 solo,
554 1284 636 1366 quod
655 1283 787 1348 credidit
808 1282 875 1347 Deo
889 1281 1084 1362 promittenti
1104 1299 1209 1344 nume
1261 1284 1383 1344 et2et
1411 1284 1455 1343 14
1477 1285 1504 1344 et
1525 1283 1559 1343 2.
1590 1279 1658 1345 Cor.
1683 1286 1713 1344 3.
1775 1280 1892 1361 Ephcs.
1919 1288 1948 1345 6.
2010 1280 2117 1347 Gom
2147 1286 2177 1345 et
2214 1285 2245 1345 4.

229 1392 336 1438 rosam
362 1371 552 1453 propeniem.
615 1368 710 1434 Mera
746 1369 811 1448 fuit
846 1369 960 1450 pratia.
1017 1365 1210 1446 Iustificatus
1262 1364 1339 1429 Heb.
1364 1369 1398 1443 5,
1425 1374 1458 1443 c',
1483 1370 1517 1444 7,
1543 1370 1577 1443 9,
1603 1370 1648 1429 10
1669 1371 1697 1430 et
1720 1371 1773 1430 12.
1834 1365 1901 1431 Iac.
1924 1372 1944 1430 1
1966 1371 1994 1429 et
2016 1371 2038 1431 3
2065 1371 2095 1430 et
2123 1371 2154 1430 1.
2179 1364 2246 1431 Pet.

229 1478 300 1523 cero
319 1458 384 1520 iam
401 1461 467 1520 erat
485 1459 578 1520 cretea
594 1454 810 1531 credensDeo,
832 1453 948 1517 iubenti
966 1452 1053 1516 eeire
1071 1452 1210 1514 deterre
1264 1455 1284 1513 1
1310 1456 1338 1515 et
1368 1454 1396 1514 1.
1427 1448 1516 1514 Iccn.
1546 1455 1625 1514 2et
1654 1456 1683 1514 t.
1746 1451 1827 1516 Loco
1854 1472 1917 1516 uno
1945 1451 2029 1516 Phil.
2053 1458 2076 1516 3
2107 1471 2142 1515 se
2170 1472 2249 1532 per·

224 1544 364 1627 propria
393 1541 471 1605 Gen.
497 1544 541 1603 12
561 1545 589 1603 et
611 1539 687 1603 Heb.
714 1543 766 1602 11.
819 1539 959 1619 Quorum
980 1537 1069 1602 modo
1090 1541 1136 1600 est
1157 1537 1210 1599 ite-
1259 1535 1373 1618 fectum
1395 1541 1502 1600 etnon
1516 1536 1688 1617 perfectum
1706 1536 1789 1601 docet
1802 1535 1934 1602 Paulus.
1969 1537 2043 1602 Non
2055 1538 2247 1618 perfectum,

231 1649 303 1692 rum
325 1647 393 1708 cap.
415 1631 459 1689 15
480 1625 696 1706 iustificatus?
719 1626 891 1689 accessione
907 1623 1040 1687 cratoris
1061 1621 1209 1685 iustitiae.
1263 1622 1293 1685 si
1316 1622 1554 1685 resurrectionis
1572 1621 1708 1704 ploriam
1728 1628 1859 1702 spectes:
1882 1623 2057 1704 perfectum
2078 1643 2152 1687 cero
2169 1643 2248 1704 per·-

234 1713 380 1796 Insipnis
402 1712 454 1775 ille
483 1711 520 1775 de
541 1711 667 1774 iustitia
694 1711 763 1774 eius
785 1710 869 1775 laem
883 1728 966 1790 prae
988 1707 1065 1772 aliis
1086 1710 1210 1770 notatur
1261 1707 1390 1787 tectione
1412 1707 1563 1770 durorum
1594 1705 1721 1771 Christi.
1767 1707 1822 1771 Ere
1847 1728 1896 1787 eo,
1924 1708 2009 1789 quod
2029 1709 2150 1772 carinis
2172 1710 2249 1789 ipsa

232 1800 333 1881 capite
359 1798 476 1862 decirno
505 1798 632 1877 quinte:
665 1796 742 1876 quia
769 1794 815 1859 ibi
838 1792 982 1859 Christus
1004 1792 1209 1872 promittitur,
1257 1791 1529 1874 perfectaDcus2)
1552 1796 1595 1856 est
1617 1792 1706 1857 nobis
1722 1794 1956 1873 communicata,
1979 1794 2132 1858 concludit
2151 1792 2250 1858 Ioan-

231 1884 375 1960 crulitur,
398 1888 426 1946 et
442 1904 463 1946 a
480 1881 633 1964 propheta
654 1881 785 1957 videtur,
815 1885 843 1943 et
864 1880 941 1960 quia
960 1879 1025 1960 fuit
1046 1876 1092 1939 ibi
1113 1877 1211 1940 inten-
1261 1897 1325 1955 nes,
1348 1897 1414 1940 esse
1435 1878 1470 1941 in
1490 1875 1579 1941 nobis
1594 1879 1767 1958 perfectum
1784 1899 1931 1958 amorum,
1952 1878 2120 1961 oniforus
2145 1878 2250 1943 ecclic·

172 2014 175 2018 -
231 1971 298 2035 sior
319 1989 476 2032 assensus.
524 1967 647 2030 Sensim
669 1966 813 2030 induitur
827 1965 920 2045 fides,
942 1963 1051 2028 crescit
1070 1961 1159 2042 fides,
1183 1965 1211 2023 et
1263 1962 1311 2025 dit
1338 1964 1487 2026 timorem,
1532 1961 1588 2025 Eu
1609 1984 1643 2027 eo
1664 1983 1748 2045 erpo,
1777 1964 1859 2045 quod
1884 1984 1957 2029 caro
1983 1965 2054 2028 suis
2074 1964 2251 2029 insultibus

232 2055 339 2119 crescit
368 2054 501 2117 iustitia.
557 2052 612 2116 Ad
640 2071 729 2133 quern
756 2052 884 2115 modum
905 2054 935 2112 et
961 2051 997 2113 in
1018 2046 1107 2112 nobis
1127 2045 1212 2111 debet
1265 2049 1469 2127 concupiscit,
1491 2067 1552 2111 non
1574 2050 1719 2129 sequitur
1753 2050 1903 2130 spiritum
1927 2048 2047 2114 Christi
2067 2070 2132 2114 non
2154 2069 2250 2132 apere

231 2140 275 2204 ad
295 2144 408 2203 certam
429 2143 544 2203 metam
565 2157 630 2202 esse
656 2138 780 2201 intensa
800 2136 894 2216 fides,
922 2139 958 2198 ut
985 2134 1109 2198 dicatur
1129 2132 1212 2209 vica,
1263 2134 1299 2196 in
1321 2132 1410 2198 nohis
1431 2132 1604 2213 perfectum
1631 2155 1775 2198 amorem.
1822 2134 2057 2216 Perfectionem-
2073 2135 2156 2200 lianc
2184 2155 2251 2200 coe-

231 2225 455 2305 etciciticanle
478 2228 554 2301 [pag.
574 2227 650 2302 606]
672 2223 789 2303 spiritu
810 2222 913 2304 mapis
932 2224 1066 2283 ornetur.
1104 2217 1212 2281 Nono:
1265 2218 1369 2282 testem
1386 2224 1420 2282 tu
1437 2218 1532 2295 rides,
1555 2238 1650 2298 quam
1666 2219 1804 2284 nendum
1818 2222 1963 2302 pustasti,
1984 2221 2153 2286 norcdume
2167 2220 2251 2285 coelo

232 2310 331 2376 Fides
352 2313 396 2373 cst
415 2309 545 2388 credere,
562 2308 705 2373 credendi
726 2313 813 2372 actus
833 2306 953 2389 factum
974 2309 1027 2367 est.
1061 2303 1148 2385 Erpo
1169 2303 1213 2365 si·
1263 2304 1394 2385 penitus.
1440 2302 1593 2367 Mentitus
1614 2308 1658 2368 est
1679 2303 1736 2368 tibi
1755 2303 1909 2385 Christus,
1932 2307 2045 2383 dicem,
2068 2326 2136 2371 esse
2157 2325 2251 2388 quos·

232 2401 284 2461 cut
299 2416 339 2458 ee
358 2394 441 2477 sacto
462 2394 517 2458 illc
539 2394 651 2474 incipit
670 2393 714 2458 ad
731 2392 889 2457 iustitiam
909 2391 1084 2471 imputatio,
1104 2388 1152 2452 ita
1173 2408 1212 2451 ec
1265 2390 1340 2453 dam
1361 2388 1472 2467 beatos,
1494 2408 1546 2452 cor
1566 2388 1711 2454 hebenus
1726 2391 1887 2469 mundum,
1907 2391 2067 2456 honestum
2083 2398 2113 2455 et
2131 2393 2252 2456 borium

230 2482 327 2565 factis
344 2480 430 2558 aliis,
454 2480 522 2545 Deo
541 2480 652 2563 pratis,
674 2498 806 2544 cresccre
821 2482 932 2558 potest,
954 2494 1051 2557 quum
1068 2475 1133 2537 sint
1151 2492 1213 2536 om·
1266 2473 1379 2538 Mam.
1404 2479 1424 2538 5
1446 2479 1474 2538 et
1495 2473 1570 2540 Ince.
1595 2479 1625 2538 8.
1691 2473 1842 2541 Merrtitm
1868 2480 1912 2540 est
1941 2475 2079 2556 Pacilus,
2113 2479 2199 2542 sicut
2222 2482 2253 2541 et

231 2568 290 2631 nia
308 2568 391 2632 dona
413 2565 486 2630 Dei.
531 2566 675 2629 Decimo:
709 2563 843 2630 Factum
867 2561 1002 2626 Phinees
1023 2561 1212 2640 imputatum
1266 2559 1429 2642 Ipnatius,
1457 2578 1570 2624 voceris
1591 2565 1713 2625 sanctos
1734 2560 1874 2638 mundos,
1904 2563 2129 2640 inimamlcdos,
2151 2562 2252 2627 corda

231 2658 277 2716 est
298 2653 328 2715 ei
350 2652 392 2716 ad
410 2651 576 2729 iustitiam,
602 2649 688 2715 Psal.
714 2653 790 2714 105.
843 2647 981 2724 Noncit,
1001 2644 1213 2726 fuissesolcm
1265 2645 1608 2725 irreprehensibilium
1630 2646 1872 2725 sanctimoniaff)
1894 2667 2000 2711 coram
2018 2647 2094 2712 Dec.
2133 2646 2251 2712 Secun-

232 2737 489 2813 dcdarationem,
516 2736 570 2800 sul
598 2737 787 2815 imputatum
813 2739 857 2797 est
883 2734 928 2810 ei,
960 2732 1042 2796 sicut
1063 2728 1213 2793 Abrahae
1266 2732 1342 2794 dum
1363 2732 1519 2794 internum
1541 2730 1696 2796 homurem
1713 2752 1752 2796 ea
1769 2733 1876 2796 omnia
1893 2753 1963 2797 vere
1984 2734 2141 2797 diurrtur.
2174 2732 2250 2796 Non

234 2821 422 2902 imputatum
444 2825 496 2884 est.
540 2820 622 2900 Ipsa
638 2821 790 2884 restitutio
806 2817 954 2902 pipneris
975 2819 1149 2898 imputatur
1170 2814 1213 2879 acl
1266 2821 1310 2879 est
1332 2817 1367 2879 in
1387 2821 1566 2880 sanctorum
1592 2816 1736 2898 operibus
1763 2818 1916 2882 admistio
1935 2819 2065 2899 fodida,
2091 2838 2193 2899 quam
2214 2824 2249 2882 tn

232 2907 390 2973 iustitiam
415 2925 519 2969 eoram
551 2905 620 2970 Deo
645 2904 739 2970 Dent.
768 2909 831 2982 24,
863 2908 897 2967 ut
928 2904 994 2966 iam
1025 2899 1213 2979 concludam,
1263 2901 1368 2984 hripis.
1403 2901 1541 2966 Seorsim
1559 2923 1580 2965 a
1596 2902 1683 2966 uobis
1693 2904 1850 2983 prodeunt
1869 2924 1965 2984 opera
1981 2905 2097 2983 caricis,
2121 2909 2249 2968 etseor·

236 2992 314 3057 data
333 2991 407 3071 fide,
431 2991 575 3071 quidest
594 2990 837 3073 superlucrari?
890 2989 975 3069 Quid
997 2991 1041 3050 est
1057 3006 1118 3067 per
1135 2986 1213 3049 bona
1265 2988 1328 3052 sim
1350 2988 1505 3068 prodeunt
1531 3007 1626 3068 opera
1656 2989 1805 3069 spiritus,
1838 3008 1932 3054 carrre
1965 2996 2038 3054 tunc
2063 3009 2249 3072 suppressa.

239 3098 334 3160 opera
350 3077 512 3141 recondere
528 3076 590 3141 sibi
607 3076 782 3155 thesauros,
805 3075 840 3139 in
859 3075 968 3155 tuturo
984 3071 1109 3136 saeculo
1129 3072 1214 3135 ince·
1270 3071 1374 3154 Opera
1394 3074 1528 3153 spiritus
1556 3092 1661 3138 coram
1682 3073 1751 3139 Dec
1778 3080 1806 3138 et
1827 3073 2003 3140 hominibus
2025 3075 2141 3152 lucent,
2176 3079 2249 3140 leste

233 3163 387 3228 ciendos?
411 3161 598 3240 Thesauros,
615 3163 661 3226 ait
680 3160 831 3240 Christus,
846 3158 1031 3240 multiplices
1049 3155 1162 3220 Matth.
1185 3162 1213 3220 6.
1269 3157 1400 3235 Christo,
1418 3158 1520 3239 proba
1539 3164 1612 3222 sunt
1633 3164 1661 3221 ct
1682 3159 1770 3223 borea.
1803 3160 1854 3223 Tu
1874 3160 2036 3242 improbus
2056 3167 2085 3225 et
2107 3160 2250 3241 blasphc

237 3248 350 3314 Fidem
372 3247 472 3313 solam
496 3246 624 3326 Christi,
652 3247 782 3312 seclusis
803 3245 954 3327 operibus,
975 3243 1078 3325 pratis
1100 3242 1214 3323 iustih-
1267 3263 1352 3321 mus,
1381 3245 1436 3324 qui
1463 3263 1559 3324 opera
1579 3245 1714 3327 spiritus
1734 3245 1951 3311 calumniaris.
1996 3246 2178 3326 Affirmas,
2198 3264 2249 3310 'eo

235 3355 308 3399 core
328 3333 391 3398 sibi
412 3333 578 3412 umerus,
605 3334 688 3398 docet
714 3334 823 3397 merito
846 3330 979 3396 Paulus.
1032 3325 1110 3392 Sola
1136 3328 1215 3408 fides
1266 3348 1363 3410 opera
1389 3329 1514 3409 foedata
1540 3350 1619 3407 esse,
1646 3349 1700 3394 nec
1727 3331 1796 3394 sine
1822 3331 1913 3396 venia
1939 3333 2002 3397 dici
2024 3332 2120 3397 bona:
2152 3332 2248 3413 quasi

237 3418 367 3498 Christi,
389 3439 479 3499 quern
496 3439 535 3482 cc
553 3419 652 3502 impio
672 3419 752 3498 tacit
767 3419 872 3500 pium,
896 3436 933 3479 ec
951 3413 1069 3478 iniusto
1085 3414 1213 3492 iustum
1266 3416 1335 3493 ipse
1356 3413 1420 3479 Dei
1441 3415 1576 3495 spiritus
1594 3414 1658 3479 sibi
1677 3415 1741 3498 ipsi
1761 3418 1886 3482 veniam
1906 3417 1962 3482 det.
2008 3417 2079 3483 lmo
2099 3415 2248 3482 Christis

234 3506 303 3569 sine
324 3505 402 3569 aliis
422 3505 575 3585 operibus,
604 3509 639 3568 ut
659 3503 812 3568 latromm
832 3500 1021 3582 iustihcacit.
1066 3499 1113 3564 Ar
1133 3499 1216 3563 nihi
1266 3500 1343 3581 ipse,
1364 3501 1474 3580 quiin
1490 3500 1579 3564 nobis
1600 3501 1674 3584 cpit,
1694 3500 1820 3581 foedum
1837 3522 1916 3582 opus
1932 3502 2039 3567 ulucit.
2076 3501 2139 3567 Sed
2152 3523 2247 3583 quam

236 3592 373 3655 lominus
400 3588 549 3654 bonorum
577 3609 702 3671 operum
723 3589 891 3653 thesaurus
916 3607 996 3650 suus
1017 3585 1128 3665 mione
1148 3605 1214 3649 ser·
1266 3585 1391 3649 veniam
1412 3586 1488 3650 ais?
1538 3585 1599 3651 Ubi
1620 3606 1681 3649 non
1698 3591 1744 3659 est
1759 3607 1874 3652 nouum
1890 3593 2059 3668 pematum
2083 3608 2148 3652 non
2171 3607 2246 3669 opus

235 3681 335 3739 catur.
387 3673 429 3737 In
454 3676 565 3756 tuturo
592 3675 715 3740 sacerdo
740 3675 823 3739 nihil
850 3674 954 3756 mapis
981 3669 1214 3748 observandum,
1267 3676 1311 3736 est
1333 3690 1413 3734 noca
1429 3671 1528 3735 venia.
1576 3670 1648 3734 Non
1665 3691 1744 3752 opus
1764 3677 1816 3751 est,
1837 3678 1939 3737 vetem
1960 3693 2082 3754 semper
2102 3679 2245 3754 repetere,

236 3780 332 3842 quam
353 3759 550 3841 sinpulmum
578 3779 705 3841 merum
725 3775 871 3824 ecamerr:
903 3763 939 3821 ut
960 3755 1015 3838 qui
1030 3756 1110 3834 plus
1129 3757 1215 3836 facit,
1266 3777 1346 3837 quae
1367 3757 1434 3819 iam
1451 3762 1526 3820 sunt
1545 3756 1725 3835 mndonato,
1747 3762 1776 3821 ct
1794 3778 1901 3823 corum
1912 3757 2001 3823 Deus
2022 3779 2084 3823 non
2105 3759 2247 3841 amplius

236 3847 279 3909 sit
300 3845 345 3909 ibi
364 3845 497 3925 futurus
518 3846 636 3924 maior,
663 3845 720 3926 qui
741 3847 856 3923 rninus,
885 3842 996 3907 minor.
1042 3842 1147 3923 Atque
1168 3843 1216 3905 ita
1266 3842 1454 3905 recordatur.
1503 3842 1605 3923 Qum
1625 3842 1746 3907 dicebat
1770 3842 1903 3922 Paulus,
1931 3864 1964 3908 se
1985 3845 2107 3909 nullius
2123 3843 2247 3926 peccati

236 3934 368 4013 cupetur
394 3930 520 3993 iustitia
549 3935 576 3994 ct
600 3930 705 4012 ploria
726 3950 765 3995 ee
787 3929 906 3994 actibus
927 3929 1119 4006 innumeris,
1150 3931 1214 3991 tam
1267 3947 1333 3991 esse
1365 3927 1536 4005 conscium
1570 3948 1632 3992 non
1664 3932 1735 3994 tunc
1762 3929 1916 4009 peccabat.
1974 3929 2047 3994 Ncn
2075 3929 2247 4010 peccabant

235 4015 369 4079 internis
386 4034 482 4094 ccccm
504 4017 652 4093 externis,
675 4036 696 4078 a
719 4013 842 4080 Christo
863 4015 933 4096 ipso
948 4014 1134 4095 praeceptis,
1150 4033 1213 4094 pro
1267 4012 1403 4093 apostoli
1418 4012 1648 4093 praedicanda,
1671 4018 1699 4076 ct
1719 4016 1849 4080 virtutes
1870 4014 1994 4079 edendo.
2037 4013 2134 4079 Bona
2155 4034 2248 4096 opcrc

234 4101 348 4182 quibus
375 4100 495 4181 etipse
522 4100 679 4181 copiosam
705 4100 774 4181 tore
792 4101 915 4182 ploriae
937 4099 1104 4164 maculem
1125 4097 1215 4163 nobis
1266 4098 1427 4179 scriptura
1456 4103 1557 4176 emat,
1586 4103 1614 4161 ct
1641 4104 1675 4162 tu
1701 4120 1813 4183 nepas,
1841 4121 1907 4164 csse
1935 4100 2039 4165 bona?
2085 4099 2128 4164 In
2153 4101 2247 4176 cinni,

235 4186 385 4268 affirmat.
1267 4183 1383 4264 inqut,
1412 4184 1488 4248 beno
1517 4188 1591 4262 [ρας.
1616 4189 1691 4264 606]
1719 4206 1809 4268 opere
1832 4185 2029 4267 fructificate.
2074 4185 2132 4250 Ea
2159 4185 2248 4250 bonis

1266 4270 1379 4334 cestris
1412 4269 1558 4349 operibus
1586 4267 1756 4350 phorihcent
1782 4276 1907 4354 patrem
1938 4277 2083 4336 vestrum.
2144 4271 2248 4336 Plena

1266 4359 1334 4418 erat
1359 4355 1472 4434 puella
1502 4353 1648 4436 operibus
1678 4354 1766 4421 bonis
1806 4360 1835 4420 ct
1863 4356 2061 4441 dmmcsynis
2097 4357 2172 4422 Aac.
2197 4361 2249 4423 10.

451 4437 687 4508 EPISTOLA
708 4438 1000 4507 DUODEOIMA.
1270 4438 1371 4504 Plena
1392 4440 1608 4504 misericordia
1636 4443 1665 4503 et
1680 4441 1824 4522 operibus
1847 4440 1935 4506 bonis
1956 4441 2022 4507 Iac.
2044 4447 2076 4506 3.
2122 4442 2196 4508 Imc
2215 4443 2250 4507 in

1266 4523 1330 4606 cepe
1349 4529 1484 4589 naturae
1505 4529 1533 4588 et
1554 4526 1641 4606 apud
1662 4527 1846 4592 idololahas
1867 4533 1957 4591 cram
1977 4547 2073 4611 opera
2094 4527 2195 4608 bona,
2216 4533 2251 4593 ut

326 4609 469 4676 Insulsis
490 4611 667 4677 rationibus
688 4631 782 4695 opera
804 4614 911 4677 omnia
927 4631 1046 4693 semper
1073 4611 1214 4675 damnas.
1266 4608 1354 4672 vides
1384 4609 1421 4673 in
1443 4608 1500 4674 Ich
1522 4614 1551 4674 ct
1574 4608 1729 4692 Commio,
1756 4613 1792 4676 in
1819 4612 2018 4696 eleemosynis
2040 4613 2250 4681 Nabuchodo

239 4697 476 4778 Qualmmnque
502 4697 567 4761 sint
594 4698 688 4781 facta,
716 4720 753 4762 ea
785 4719 906 4782 semper
927 4699 979 4762 ais
999 4716 1063 4762 esse
1078 4699 1215 4777 peccata,
1267 4694 1401 4770 nosoris,
1420 4695 1455 4758 in
1476 4695 1614 4760 macione
1634 4702 1662 4760 et
1683 4698 1801 4762 ieiunio
1814 4697 2043 4764 Ninivitarum.
2094 4698 2162 4765 Sed
2183 4720 2253 4766 cori
2344 4735 2345 4751 .

234 4783 375 4865 faecibus
402 4782 562 4862 admixta,
590 4789 624 4846 ut
644 4785 750 4850 omnia
771 4783 839 4850 Deo
859 4786 1005 4866 sedeant,
1038 4785 1235 4845 etmortem-
1267 4779 1414 4844 cedamus
1442 4784 1495 4844 tuo
1523 4800 1607 4844 mcre
1635 4802 1731 4864 opera
1757 4783 1818 4847 illa
1845 4802 1915 4846 cnm
1942 4786 2035 4849 venia
2055 4784 2134 4867 vclici
2163 4787 2253 4852 mica

236 4875 397 4935 aeterum
419 4874 671 4949 promereantur.
721 4867 764 4932 In
792 4890 887 4950 opera
914 4870 1049 4950 spuitus
1075 4865 1215 4948 blasphe-
1270 4861 1350 4929 Crem
1371 4866 1464 4930 uenia
1486 4870 1632 4946 poterunt
1660 4867 1704 4934 ad
1728 4868 1865 4952 ploriam
1890 4870 2069 4953 aupendam
2085 4873 2255 4954 prodesse,

130 4951 135 4961 '
235 4973 314 5034 mas,
337 4960 366 5020 ct
387 4957 514 5018 mortem
529 4956 675 5036 primam
691 4974 713 5020 a
729 4956 865 5021 secunda
881 4975 943 5021 non
964 4954 1036 5018 bene
1053 4951 1214 5017 discernis.

1335 5083 1366 5149 l)
1384 5086 1513 5166 sequeris.
1579 5155 1585 5167 ι

305 5223 335 5291 1)
353 5226 421 5281 bene
440 5225 484 5280 vel
501 5225 573 5282 mele
591 5241 642 5282 orn.
1335 5152 1367 5289 ἐξ
1385 5152 1605 5280 &cmiii
1621 5153 1688 5278 ff·
