4800 5902
241 334 304 395 283
646 268 654 279 ἱ
1041 323 1106 390 ΒΕ
1128 323 1351 390 annuant
1372 322 1456 389 DEI
1772 406 1781 427 .
2190 323 2257 388 284

240 515 451 598 subsequenti
483 513 655 578 homiuum
687 533 801 590 cursu,
835 520 872 576 ut
900 511 970 578 sola
1001 517 1114 576 tamm
1147 510 1219 575 eius
1270 511 1397 576 confert
1416 510 1568 596 Pighius.
1613 508 1713 593 Quod
1734 511 1762 577 si
1783 509 1832 574 illi
1854 509 1960 587 detur,
1983 529 2027 574 ne
2049 508 2096 574 sic
2118 506 2255 591 quidem

239 598 462 667 misericordia
483 599 581 683 (quae
608 600 754 664 iacentes
773 597 886 682 erigit,
916 606 1064 662 errantes
1092 596 1220 661 reducit
1270 596 1398 662 solutus
1415 606 1467 662 est
1483 595 1602 663 nodus:
1625 598 1703 680 quia
1719 617 1825 679 neque
1844 594 1885 659 de
1902 594 2007 660 nihilo
2025 594 2255 677 quaestionem

238 688 275 752 in
297 687 402 763 viam,
429 684 495 748 imo
522 684 558 748 in
581 685 687 748 vitam
709 684 848 750 suscitat
869 693 1032 761 mortuos,
1066 690 1102 747 et
1122 692 1220 748 vocat
1271 691 1384 747 movet
1404 681 1547 747 Paulus:
1577 690 1675 765 atque
1696 681 1744 746 ita
1765 680 1952 765 respondet,
1974 687 2014 744 ιιι
2035 679 2123 764 quod
2143 678 2254 746 obiec-

238 792 321 856 quae
343 790 410 836 non
433 770 524 850 sunt)
546 769 770 852 principatum
791 775 911 834 teneat.
1271 776 1343 831 tum
1379 768 1420 833 ab
1459 766 1657 833 adversariis
1683 769 1806 847 fuerat,
1846 787 1965 832 verum
1993 786 2065 832 esse
2095 766 2252 831 fateatur.

324 855 483 939 Sequitur
496 854 638 920 alterum
657 855 697 919 de
710 855 857 936 reprobis
868 854 1065 930 membrum,
1078 872 1217 935 quorum
1272 851 1362 935 Quid
1407 861 1518 919 tamen
1531 856 1555 937 ¹)
1602 853 1762 919 eiusmodi
1806 852 2081 937 tergiversatione
2120 851 2254 934 proficit

238 944 383 1008 maxime
404 940 534 1006 illustre
562 939 733 1023 exemplar
761 941 796 1003 in
818 939 995 1005 Pharaone
1014 938 1218 1022 proponitur.
1270 939 1312 1003 Pi
1335 936 1424 1018 hius,
1458 939 1523 1005 nisi
1549 947 1590 1003 ut
1617 939 1869 1024 tergiversando
1902 938 2025 1002 malam
2051 958 2187 1004 causam
2216 957 2253 1004 sc

237 1030 344 1095 Porro
372 1027 412 1092 de
440 1047 479 1091 ec
507 1027 553 1091 sic
576 1026 720 1108 loquitur
742 1024 836 1090 Deus
864 1023 955 1109 apud
976 1025 1131 1107 Moysen:
1177 1023 1219 1087 In
1271 960 1394 1089 habere
1421 1024 1561 1107 prodat?
1606 1026 1735 1090 Verum
1757 1027 1830 1107 quis
1856 1023 1921 1102 illi,
1944 1023 2030 1107 quod
2052 1024 2149 1107 petit,
2173 1042 2253 1088 con·
2291 1013 2297 1025 ’

238 1115 300 1180 hoc
318 1113 476 1180 constitui
495 1119 537 1190 tc,
555 1120 593 1176 ut
611 1112 670 1176 tibi
689 1110 896 1176 ostenderem
910 1112 1089 1194 potentiam
1101 1129 1218 1172 meam.
1271 1108 1389 1174 cedat?
1417 1110 1548 1193 quando
1568 1112 1615 1174 ita
1636 1110 1799 1176 violenter
1821 1109 1982 1193 disiungit
2003 1130 2086 1192 qnae
2104 1110 2193 1174 inter
2216 1130 2253 1175 se

237 1201 306 1266 Pro
358 1221 401 1263 uc
435 1197 577 1263 fideliter
604 1197 729 1262 Paulus
762 1206 921 1279 tanquam
953 1196 1090 1263 verbum
1118 1195 1220 1259 verbo
1271 1195 1461 1260 cohaerent:
1498 1217 1583 1279 quae
1609 1204 1721 1261 autem
1753 1196 1865 1279 palam
1893 1195 2057 1261 disiuncta
2084 1201 2180 1273 sunt,
2215 1196 2254 1261 in

239 1285 333 1351 reddi
359 1286 397 1348 'tt
432 1284 474 1348 In
507 1284 570 1347 hoc
598 1284 741 1348 excitavi
773 1291 814 1347 te.
864 1283 929 1346 Est
960 1281 1048 1347 enim
1080 1278 1220 1345 verbum
1271 1301 1377 1344 unum
1408 1281 1602 1348 fasciculum
1634 1281 1822 1365 compingit
1877 1282 2060 1364 Postquam
2094 1281 2253 1362 reprobos

238 1381 367 1436 HIPHIL
400 1367 577 1433 deductum
604 1390 624 1432 a
656 1366 766 1433 radice
798 1374 872 1447 [pag.
897 1373 951 1447 ee]
982 1370 1116 1444 AMAD,
1154 1364 1219 1430 uod
1271 1373 1305 1429 et
1325 1365 1446 1432 electos
1472 1367 1837 1452 incomprehensibili2)
1858 1368 1924 1433 Dci
1950 1366 2086 1432 consilio
2108 1363 2253 1432 decerni

240 1455 341 1523 Stare
360 1456 532 1538 significat.
547 1454 570 1537 ¹)
610 1452 796 1519 Productus
818 1474 896 1537 ergo
914 1455 950 1517 in
971 1450 1117 1516 medium
1164 1451 1220 1515 'ci·
1270 1451 1397 1516 Paulus
1415 1450 1533 1532 docuit,
1556 1474 1623 1518 unc
1641 1459 1797 1518 contextu
1814 1453 1928 1518 infert:
1946 1452 2039 1536 Ergo
2056 1452 2151 1518 cuius
2168 1453 2252 1531 vult,

239 1541 449 1620 turPharao,
470 1540 506 1604 in
527 1560 591 1623 quc
612 1540 706 1604 Deus
726 1538 937 1604 memorabile
955 1559 1033 1603 suae
1054 1537 1220 1620 potentiae
1270 1538 1462 1615 miseretur,
1490 1547 1525 1604 et
1554 1560 1654 1621 quem
1682 1539 1757 1606 vult
1782 1537 1926 1603 indurat
1971 1535 2115 1603 Subiicit
2134 1545 2253 1619 postea

242 1628 410 1710 specimen
431 1625 550 1690 ederet.
573 1625 672 1690 Unde
693 1645 792 1708 porro
811 1645 889 1689 eum
899 1624 1065 1689 Dominus
1085 1624 1219 1705 accepit,
1270 1627 1344 1701 [pag.
1359 1627 1426 1702 ec]:
1450 1623 1551 1690 Dices
1562 1625 1674 1708 itaque
1686 1624 1784 1689 mihi:
1806 1624 1884 1707 quid
1897 1623 2003 1689 adhuc
2015 1622 2251 1705 conqueritur?

241 1723 339 1777 uteo
361 1713 430 1777 loeo
452 1710 632 1776 statueret?
677 1710 810 1775 Mavult
831 1711 989 1794 Pighius,
1019 1709 1105 1792 qucd
1127 1707 1219 1773 Deus
1271 1706 1384 1790 Quum
1401 1708 1605 1792 loquentium
1614 1731 1771 1795 personas
1789 1717 1903 1793 aperte
1914 1708 2041 1774 Paulus
2056 1708 2249 1792 distinguat,

240 1805 347 1863 morte
370 1797 507 1881 dignum
530 1817 592 1861 sua
613 1796 809 1878 patientia2)
837 1794 879 1859 ad
901 1803 1032 1877 tempus
1054 1794 1218 1860 sustinue-
1271 1795 1344 1877 quis
1371 1816 1439 1860 non
1466 1797 1574 1878 potius
1601 1798 1672 1863 eius
1696 1797 1821 1874 verbis,
1848 1816 1948 1878 quam
1973 1795 2141 1860 extraneis
2162 1815 2251 1860 com·

240 1885 293 1948 rit
345 1881 442 1963 Quod
471 1882 631 1965 effugium
658 1890 697 1945 ut
724 1881 774 1944 illi
800 1883 1006 1964 permittam,
1064 1879 1219 1962 erplexus
1270 1879 1393 1946 mentis
1416 1881 1585 1947 attendet?
1613 1881 1801 1961 Caeterum,
1823 1881 2006 1966 prudenter
2027 1880 2089 1945 hcc
2110 1899 2249 1963 quoque,

239 1977 353 2035 tamen
376 1967 484 2033 adbuc
506 1968 542 2030 in
565 1987 603 2030 ec
626 1974 767 2043 tenetur,
790 1966 877 2049 qucd
891 1967 985 2031 Deus
1008 1903 1217 2031 piamonem
1270 1974 1309 2030 ut
1330 1965 1448 2044 multa,
1479 1968 1702 2051 Augustinus:
1748 1968 1825 2032 Non
1846 1986 2047 2052 magnopere
2068 1967 2193 2032 referre
2214 1967 2251 2031 in

238 2054 371 2138 proprio
399 2054 532 2137 ingenio
554 2053 757 2135 relinquens,
791 2074 868 2116 eum
895 2052 996 2117 exitio
1023 2051 1216 2116 destinabat
1270 2050 1523 2135 cuiusperscna
1539 2055 1688 2136 accipias,
1711 2053 1797 2136 quod
1813 2053 1941 2119 Paulus
1958 2053 2173 2136 responsione
2190 2073 2251 2118 sua

238 2139 441 2205 Patientiam
467 2136 533 2204 Dei
567 2140 594 2203 si
625 2137 832 2204 commendet
855 2138 1011 2222 Pighius,
1042 2138 1217 2203 assentior:
1270 2157 1386 2203 verum
1409 2159 1481 2203 esse
1502 2139 1620 2203 innuit.
1630 2141 1659 2222 Β)

237 2233 349 2291 manet
377 2235 488 2288 mmen
515 2224 650 2288 interim
678 2223 766 2288 istud
788 2226 906 2303 fixum,
940 2225 976 2288 in
1000 2224 1089 2289 hunc
1117 2223 1218 2287 finem
1357 2222 1395 2288 Si
1422 2223 1506 2288 falsa
1528 2232 1600 2290 erat
1619 2225 1771 2304 obiectio,
1796 2223 1964 2307 probabile
1987 2230 2077 2289 certe
2104 2244 2171 2289 non
2189 2231 2248 2303 est,

237 2311 395 2394 sepositos
406 2310 471 2374 Dei
493 2309 629 2375 consilio
651 2329 722 2374 esse
742 2308 908 2392 reprobos,
931 2317 968 2373 ut
985 2329 1079 2374 suam
1099 2309 1135 2372 in
1152 2307 1218 2371 illis
1269 2307 1413 2373 Paulum
1430 2310 1467 2372 in
1484 2329 1584 2374 causa
1603 2317 1674 2375 tam
1691 2309 1785 2388 bcna,
1807 2319 1878 2375 tam
1896 2306 2046 2388 dilucida,
2069 2316 2137 2374 tam
2154 2309 2250 2392 plau·

236 2397 417 2480 potentiam
438 2395 650 2461 demonstret.
685 2393 883 2478 Quanquam
903 2394 938 2458 id
960 2395 1058 2460 nimis
1079 2416 1099 2459 a
1120 2393 1218 2458 Pauli
1270 2393 1357 2457 sibili
1384 2395 1486 2460 fuisse
1513 2397 1701 2461 taciturum.
1752 2396 1840 2461 Nam
1869 2396 1898 2461 si
1930 2395 2051 2461 salsum
2080 2403 2130 2461 est
2156 2393 2248 2474 illud,

236 2495 347 2548 mente
366 2489 531 2546 remotum
554 2500 635 2559 esse,
658 2501 699 2545 ex
722 2482 874 2563 proxima
895 2480 1042 2545 illatione
1065 2486 1215 2562 apparet:
1269 2477 1380 2544 Deum
1410 2501 1491 2563 quos
1529 2481 1604 2547 vult
1636 2481 1807 2547 indurare:
1847 2479 1972 2545 nodum
2007 2481 2065 2563 qui
2102 2480 2249 2546 humano

236 2566 324 2651 quod
352 2565 446 2632 Deus
475 2587 573 2649 quem
602 2565 688 2644 vult,
719 2564 862 2632 indurat.
908 2566 1023 2649 Neque
1044 2565 1132 2631 enim
1154 2565 1217 2630 hoc
1268 2564 1403 2650 ingenio
1423 2567 1667 2649 inexplicabilis
1689 2574 1750 2647 est,
1772 2587 1840 2632 unc
1858 2567 1958 2633 verbo
1976 2565 2250 2648 solverepromp-

235 2653 353 2718 iuisset
374 2652 546 2730 adiectum,
565 2651 629 2716 nisi
647 2651 709 2716 sub
730 2650 831 2717 verbo
851 2650 1033 2717 illcStatui
1051 2650 1217 2717 velExei·
1269 2657 1342 2715 tum
1375 2659 1456 2717 erat
1499 2653 1634 2737 Excipit
1659 2653 1817 2737 Pighius,
1854 2650 2065 2735 supersedere
2091 2650 2180 2715 clarc
2214 2658 2250 2717 et

238 2737 325 2815 tavi,
358 2757 428 2802 com
452 2735 649 2802 rehenderet
680 2737 806 2802 Paulus
835 2738 900 2802 Dei
931 2736 1118 2814 consilium,
1153 2756 1217 2818 quc
1268 2735 1385 2802 idoneo
1413 2758 1569 2822 responso
1598 2738 1758 2817 Paulum,
1792 2738 1871 2822 quia
1898 2746 2070 2821 protervos
2095 2736 2249 2804 homines

235 2823 368 2889 Pharao
401 2759 451 2886 ad
475 2821 735 2906 redemptionem
769 2822 883 2906 populi
918 2842 979 2889 sua
1012 2821 1217 2888 contumacia
1269 2843 1418 2888 sermone
1451 2844 1519 2889 non
1546 2823 1714 2910 dignetur:
1749 2832 1789 2889 ut
1817 2825 1910 2907 prius
1938 2822 2109 2889 humiliter
2131 2843 2249 2905 sapere

234 2905 467 2973 illustrandam
489 2907 660 2973 ordinatus
682 2916 761 2972 erat.
806 2909 894 2973 Nam
911 2909 940 2973 si
961 2908 1035 2991 quis
1056 2907 1158 2986 dicat,
1180 2908 1217 2972 in
1269 2906 1448 2988 discerent,
1477 2930 1578 2992 quam
1597 2911 1758 2977 rationem
1779 2931 1916 2994 operum
1937 2909 2002 2975 Dei
2029 2907 2169 2992 superbe
2190 2929 2250 2974 cx·

235 2994 440 3077 fastigiumr
484 2994 503 3007 ''
528 2992 663 3058 honoris
689 2991 849 3059 divinitus
871 3000 1023 3059 evectum
1046 3015 1131 3058 esse:
1167 2999 1218 3059 est
1268 2994 1411 3076 quirere:
1436 2995 1579 3078 qualiter
1591 2996 1667 3062 alibi
1680 2995 1832 3080 legimus,
1855 2995 1995 3060 Iudaeos
2006 2994 2063 3077 qui
2074 2993 2249 3060 Christum

235 3079 299 3145 hcc
328 3078 426 3162 quide
489 3078 628 3161 aliquid,
663 3077 719 3143 sed
748 3099 816 3145 non
838 3087 953 3145 totum.
998 3079 1086 3143 Nam
1107 3078 1217 3164 graeci
1241 3047 1245 3129 l
1268 3080 1531 3163 interrogabant,
1560 3083 1597 3147 in
1623 3103 1689 3165 qua
1715 3089 1877 3165 potestate
1901 3101 2001 3163 opera
2028 3101 2089 3146 sua
2115 3081 2250 3159 faceret,

235 3166 435 3247 interpretes
463 3163 577 3229 ecdem
607 3164 661 3228 hic
688 3164 789 3230 verbc
816 3166 869 3230 usi
891 3174 986 3244 sunt,
1018 3185 1083 3247 quo
1110 3164 1218 3230 solent
1241 3131 1245 3202 l
1269 3172 1398 3229 tantum
1420 3175 1536 3231 mutua
1556 3168 1749 3249 quaestione
1772 3167 1928 3251 repulsos.
1974 3165 2043 3232 Sed
2064 3165 2251 3232 reclamant

235 3249 373 3316 reddere
402 3248 542 3314 verbum
570 3259 699 3314 HIPHIL
732 3271 752 3314 a
777 3250 888 3316 radice
915 3260 999 3316 KUM
1029 3249 1217 3328 deductum,
1267 3250 1366 3316 Pauli
1387 3254 1498 3317 verba
1527 3253 1615 3317 Nam
1636 3261 1751 3337 postea
1772 3254 1819 3320 sic
1840 3274 1955 3318 eorum
1975 3253 2144 3317 refraenat
2160 3252 2250 3316 inso-

257 3335 323 3401 ucd
350 3333 499 3420 Surgere
527 3335 700 3420 significat.
713 3336 742 3420 ⁸)
785 3337 892 3401 Porro
921 3337 1066 3402 excitare
1094 3336 1216 3401 dicitur
1268 3335 1415 3416 lentiam,
1438 3339 1494 3421 qui
1516 3339 1616 3404 nimis
1638 3339 1753 3405 audaci
1776 3339 1965 3404 curiositate
1986 3339 2022 3402 in
2044 3335 2249 3403 excutiendis

233 3357 338 3501 Meus,
361 3420 447 3505 quod
470 3420 561 3487 velut
583 3430 735 3504 porrecta
756 3442 859 3487 manu
881 3423 922 3487 ad
941 3423 1043 3487 finem
1061 3443 1121 3487 suo
1138 3442 1216 3487 cou-
1269 3422 1334 3487 Dei
1357 3425 1486 3490 arcanis
1513 3424 1709 3505 lasciviunt,
1743 3432 1783 3489 ut
1803 3432 1917 3490 tamen
1946 3423 2101 3507 reprobos
2123 3442 2249 3508 organa

234 3507 308 3573 silio
330 3507 519 3573 ordinatum
541 3507 683 3572 deducit.
720 3508 868 3573 Maxime
889 3517 1001 3573 tamen
1024 3508 1066 3573 ad
1083 3509 1216 3572 initium
1268 3509 1337 3573 irae
1359 3529 1431 3574 esse
1452 3511 1632 3588 confirmet,
1650 3511 1687 3575 in
1708 3511 1828 3594 quibus
1845 3530 1940 3575 snam
1961 3508 2144 3592 potentiam
2155 3509 2248 3574 Deus

234 3595 283 3656 rei
311 3591 352 3657 de
379 3614 444 3675 qua
469 3593 580 3677 agitur
607 3594 772 3675 scriptura
797 3594 945 3676 respicit,
979 3602 1017 3658 ut
1048 3591 1130 3658 illud
1157 3594 1217 3658 uui
1268 3591 1420 3660 ostendit
1463 3595 1581 3679 Longe
1601 3617 1681 3680 ergo
1701 3595 1821 3661 melius
1842 3594 2110 3679 Augustinus:⁴)
2133 3591 2248 3675 Quum

233 3677 308 3742 Deo
334 3676 499 3743 adscribat
527 3683 604 3756 [pag.
629 3682 694 3756 59].
738 3678 793 3744 Ita
817 3679 939 3746 dicitur
966 3688 999 3745 et
1027 3679 1215 3763 prophetas,
1269 3678 1394 3744 dictum
1426 3688 1527 3760 esset,
1561 3681 1640 3764 quid
1669 3681 1777 3748 adhue
1809 3679 2041 3763 conqueritur?
2086 3676 2249 3761 numquid

235 3768 269 3827 et
294 3762 410 3827 salutis
441 3764 610 3830 ministros
640 3763 797 3828 excitare:
837 3764 982 3847 nequid
1009 3765 1130 3830 horum
1153 3764 1216 3829 sibi
1268 3786 1464 3847 responsum
1486 3775 1537 3832 est
1558 3767 1716 3833 aPaulo:
1761 3764 1923 3845 Ohcmc,
1945 3766 2066 3831 falsum
2088 3762 2249 3847 estquod

235 3847 381 3913 vindicet
413 3847 585 3912 hominum
617 3846 789 3913 industria
840 3849 957 3932 Itaque
986 3849 1130 3915 fideliter
1158 3870 1217 3913 ex·
1269 3849 1404 3916 dixisti?
1449 3852 1603 3918 Minime:
1632 3851 1690 3918 sed
1719 3857 1793 3931 [pag.
1817 3855 1872 3930 61]
1899 3871 2094 3935 responsum
2116 3856 2182 3916 est:
2216 3847 2248 3914 Ο

234 3951 371 4018 pressus
400 3933 462 3996 fuit
483 3933 601 3998 sensus
625 3933 752 4017 Moysis
774 3933 953 4000 Excitandi
975 3935 1091 4000 verbo:
1120 3935 1217 4000 modo
1270 3936 1369 4002 homo
1390 3945 1429 4002 tu
1450 3938 1524 4021 quis
1546 3938 1605 4002 es?
1650 3936 1905 4004 Observandum
1928 3945 2039 4002 autem
2061 3934 2147 4018 quod
2169 3934 2248 4000 alibi

234 4019 283 4083 ita
319 4018 469 4101 accipias.
478 4019 506 4099 ⁴)
557 4017 628 4082 Nec
667 4039 745 4084 vero
786 4019 905 4084 aliter·
922 4021 1047 4102 accepit
1080 4021 1215 4085 Paulus.
1270 4029 1404 4087 tractat:
1432 4042 1500 4087 non
1529 4022 1603 4088 ideo
1630 4024 1774 4089 Paulum
1802 4023 2029 4106 obiurgatione
2051 4021 2248 4104 abrumpere

236 4103 351 4181 Oerte,
384 4103 471 4186 qucd
499 4104 540 4168 de
572 4102 687 4169 electis
715 4111 748 4168 et
774 4105 923 4189 reprobis
946 4106 1118 4189 attigerat,
1151 4127 1217 4170 non
1270 4128 1384 4172 eorum
1402 4127 1597 4187 sermonem,
1619 4110 1676 4192 qui
1697 4108 1857 4192 sacrilega
1877 4107 2064 4191 petulantia
2081 4126 2157 4172 cum
2175 4106 2248 4172 Dec

235 4189 347 4254 minus
395 4188 550 4289 distincte
595 4209 693 4271 quam
738 4191 938 4288 summatim·
968 4191 1216 4290 complectitur:
1269 4193 1416 4276 litigant,
1445 4215 1484 4260 ac
1505 4195 1533 4260 si
1549 4195 1642 4293 ‘iusta
1664 4195 1852 4260 defensione
1873 4200 2001 4293 careret
2019 4192 2086 4257 Dei
2111 4192 2247 4271 iustitia,

236 4274 542 4457 lltblbtt‘t.
559 4276 885 4426 imbibit?
906 4275 1137 4428 affingi
1159 4297 1218 4428 ⁸5¹0?
1270 4277 1862 4450 tldtl⁰ldt¹3ltt¹tllttltb
1879 4276 2249 4448 librabat?

235 4443 417 4509 mrserendi
448 4446 502 4512 ius
533 4466 634 4528 penes
662 4446 773 4529 ipsum
805 4468 878 4513 esse
910 4449 1121 4530 pronunciat:
1156 4469 1218 4514 nec
1271 4450 1368 4529 cisse,
1388 4458 1422 4514 et
1433 4451 1546 4535 inopia
1555 4450 1742 4518 reddendae
1753 4450 1890 4516 rationis
1907 4451 2102 4534 repressisse
2120 4457 2251 4516 conha-

235 4529 345 4613 lcgem
376 4529 425 4594 illi
459 4532 466 4547 '
504 4533 584 4616 poni
614 4532 664 4597 fas
697 4551 785 4597 esse:
824 4533 903 4616 quia
935 4534 1030 4600 nulla
1068 4534 1124 4598 lex
1162 4534 1217 4600 vel
1271 4535 1406 4601 dictoris
1423 4536 1603 4604 audaciam.
1627 4536 1696 4604 Sed
1717 4557 1880 4621 magnum
1900 4534 2000 4602 habet
2016 4534 2146 4619 pondus
2164 4533 2251 4619 quod

235 4615 354 4700 regula
375 4614 492 4682 melior
513 4617 568 4683 vel
590 4617 724 4700 aequior
745 4639 844 4701 quam
866 4620 936 4685 eius
958 4619 1113 4686 voluntas
1134 4620 1218 4704 fingi
1271 4620 1395 4688 dictum
1422 4630 1487 4689 est:
1532 4621 1564 4688 Ο
1592 4623 1705 4704 homo,
1734 4630 1772 4688 tu
1799 4621 1875 4706 quis
1896 4620 1973 4688 es?
1997 4621 2044 4687 Et
2069 4621 2107 4686 in
2128 4621 2252 4687 talibm

234 4702 349 4784 possit.
394 4700 463 4768 Sed
484 4703 563 4785 quia
584 4702 663 4767 clim
684 4711 847 4786 putarunt
868 4705 1035 4785 nonnulli,
1064 4703 1219 4771 inducia
1269 4707 1515 4790 quaestionibus
1545 4707 1587 4774 ad
1623 4730 1703 4775 suae
1733 4708 1925 4794 capacitatis
1955 4705 2252 4774 considerationem

235 4786 343 4853 Paulo
364 4787 484 4873 impics
506 4790 579 4855 Deo
607 4788 847 4874 obstrepentes,
875 4790 918 4857 ad
940 4793 1002 4857 hcc
1030 4790 1161 4877 asylum
1183 4811 1219 4857 se

571 5028 577 5040 .
1342 4963 1372 5030 1)
1392 4963 1450 5020 Pro
1467 4963 1513 5020 te
1534 4964 1567 5019 ιἰι
1588 4964 1688 5034 gallico
1705 4963 1867 5034 ιὺιιρὶίοὶιετ
1888 4963 2001 5033 legium
2023 4964 2069 5020 Au
2086 4971 2160 5021 reste
2179 4964 2199 5019 il
2215 4979 2252 5019 ne

309 5026 340 5091 1)
356 5027 411 5083 Pro
430 5042 484 5096 quo
503 5027 622 5083 lidebtcr
640 5065 647 5079 .
667 5064 675 5078 ·
694 5066 701 5081 .
720 5068 726 5082 .
745 5027 880 5097 significat
897 5030 982 5085 omitt.
1000 5030 1032 5084 io
1047 5028 1155 5098 pollice.
1272 5031 1332 5088 lant
1370 5033 1428 5087 cint
1445 5046 1558 5103 separer
1575 5049 1606 5088 ce
1624 5034 1671 5102 qui
1688 5041 1732 5089 est
1749 5033 1869 5089 conicint
1887 5039 1936 5088 etc

306 5093 336 5160 2)
375 5098 480 5151 otentia
498 5095 575 5151 Besa
592 5101 619 5151 et
635 5095 724 5149 Amet.
1341 5049 1373 5165 ἕ)
1390 5101 1445 5155 irre
1464 5102 1624 5158 rehensible.

305 5161 337 5226 3)
382 5180 426 5218 am
443 5167 534 5233 graeci
553 5203 664 5219 .....
683 5164 817 5234 signifieat
835 5165 911 5221 aba?
928 5181 947 5219 a
962 5164 1073 5234 gallico.
1341 5167 1373 5229 3)
1390 5168 1422 5222 ln
1483 5169 1548 5225 chit.
1565 5170 1602 5224 ad
1619 5169 1736 5225 Lauren.
1753 5184 1813 5239 cap.
1829 5167 1874 5223 99.

305 5227 336 5295 4)
355 5229 451 5298 ltaque
468 5231 587 5289 fideliter
605 5273 612 5288 .
633 5270 639 5283 .
658 5273 665 5287 .
684 5273 691 5286 .
709 5235 828 5304 accipias
847 5249 899 5292 oss.
916 5234 948 5288 ιἰι
965 5235 1097 5290 canosa
1343 5236 1374 5303 4)
1391 5236 1433 5291 De
1450 5237 1587 5307 praedest
1605 5247 1761 5295 atomorum
1778 5254 1839 5307 esp.
1855 5237 1886 5292 8,
