4786 5910
170 1653 365 1724 amanis
387 1650 644 1723 axrosrmo
671 1619 907 1719 uasorum
933 1646 1197 1714 andanems
1220 1644 1441 1729 saevam,
1469 1648 1530 1714 nu
1557 1644 1732 1715 esame
1754 1643 2021 1714 nosouaau
2043 1648 2188 1716 suau-

360 1756 517 1824 mmo:
539 1754 623 1822 aar
644 1751 867 1820 uooavos
888 1750 1003 1818 wau
1026 1749 1195 1818 annun
1218 1749 1530 1818 ooasoaunos
1548 1747 1666 1818 assa
1689 1747 2001 1817 amsnmooa.

261 1975 462 2062 Quanquam
474 1975 499 2062 ¹)
522 1977 610 2042 inter
632 1975 697 2041 alia
719 1994 868 2042 errorum
889 1977 1049 2056 portenta,
1084 1973 1155 2054 qui·
1206 1994 1260 2039 me
1282 1972 1384 2038 fuisse
1405 1972 1589 2056 deeeptum.
1634 1970 1710 2037 Non
1733 1968 1925 2053 reputabam
1948 1970 2081 2051 seilioet,
2111 1971 2191 2054 quid

174 2063 236 2130 bus
259 2059 366 2129 Satan
394 2063 598 2128 renascentis
631 2060 797 2146 evangelii
824 2058 932 2125 luoem
958 2057 1020 2124 hae
1048 2064 1156 2124 aetate
1208 2058 1320 2125 valeat
1341 2057 1476 2142 spiritus
1497 2057 1671 2142 vertiginis
1698 2064 1732 2122 et
1753 2055 1905 2155 stuporis,
1935 2077 2000 2140 quo
2021 2058 2188 2123 Dominus
2232 2120 2233 2127 ,

175 2147 315 2214 obruere
336 2155 471 2215 oonatus
493 2155 552 2227 est,
575 2147 723 2231 apprime
746 2143 945 2211 detestabilis
966 2149 1018 2210 est
1038 2144 1155 2226 impie·
1208 2163 1319 2210 saorae
1347 2163 1427 2209 suae
1456 2143 1625 2209 doetrinae
1658 2142 1920 2226 profanationem
1950 2142 2066 2209 uleisei
2097 2141 2189 2208 solet

174 2239 281 2299 tatum
303 2235 472 2318 congeries
493 2254 593 2316 quam
619 2231 764 2298 Miohael
789 2229 949 2297 Servetus
971 2228 1065 2295 libris
1086 2227 1154 2294 edi·
1206 2230 1276 2296 Neo
1309 2249 1389 2294 vero
1421 2250 1475 2294 me
1514 2226 1638 2294 latebat
1668 2225 1747 2312 quid
1788 2227 1910 2309 passim
1945 2226 2122 2295 denunoiet
2153 2228 2190 2291 in

173 2319 218 2385 tis
246 2320 407 2385 evomuit:
441 2318 581 2384 antehae
610 2325 722 2384 tamen
752 2317 918 2382 hominem
945 2335 1012 2380 non
1040 2313 1155 2398 putavi
1207 2316 1380 2398 scriptura,
1403 2312 1484 2398 quid
1505 2313 1605 2381 variis
1623 2314 1770 2379 omnium
1787 2313 1856 2377 fere
1874 2320 2059 2396 temporum
2077 2334 2189 2379 exem·

174 2403 903 2556 ibll‘llffbrlidsmbulbrlffiffl“l
918 2400 1052 2550 will?
1067 2401 1155 2551 tlt
1205 2400 1456 2552 miili}
1472 2399 1599 2551 llll
1628 2397 2189 2550 ⁸⁰tt⁰tttt2⁰llttttlt

174 2575 211 2639 in
232 2576 362 2640 sumum
384 2540 518 2640 abitura
535 2595 712 2658 sperarem.
757 2507 1071 2654 Bmvipergnluidgm
1097 2593 1154 2638 ve·
1205 2592 1273 2637 non
1281 2571 1420 2651 veniret,
1428 2506 1685 2656 siguandfflm
1693 2535 2188 2655 Dominimunduspmvooavit

173 2660 238 2725 luti
269 2660 305 2724 in
337 2667 532 2727 ummomsu
561 2660 598 2725 in
630 2658 713 2725 meis
746 2657 1028 2725 luoubrationibus
1060 2656 1152 2722 atti'
1205 2656 1344 2741 dignum
1355 2677 1426 2723 esse
1437 2665 1586 2722 nostrum
1597 2656 1660 2723 hoo
1678 2655 1855 2735 saeoulum,
1866 2654 1952 2739 quod
1968 2656 2005 2720 in
2022 2677 2189 2722 summum

174 2744 245 2812 eius
271 2768 400 2825 nomen,
434 2756 473 2811 ut
504 2744 550 2829 pii
582 2745 722 2811 leotores
756 2745 797 2810 ab
829 2745 899 2810 eius
930 2739 1059 2809 insidiis
1092 2677 1154 2807 siffi
1205 2742 1552 2828 nequitiaeoumulum
1586 2742 1725 2822 ervenit,
1743 2741 2189 2891 longeatrooioribuspoenis

174 2832 334 2896 attentius
357 2838 520 2898 soverent.
566 2829 634 2897 Sed
657 2830 734 2914 quia
762 2830 911 2913 spinosas
939 2835 973 2893 et
998 2828 1154 2894 erratione
1205 2850 1304 2912 quam
1327 2848 1408 2911 quas
1429 2827 1509 2892 olim
1575 2847 1690 2894 versus
1717 2828 1866 2911 ingratos
1894 2827 2044 2894 eoelestis
2089 2828 2188 2892 ootri-

174 2915 420 3000 disputationes,
458 2937 541 2998 quae
574 2915 659 2980 nihil
691 2936 792 2998 quam
824 2914 1022 2999 simplicium
1053 2912 1153 2979 fidem
1205 2934 1268 2978 nae
1296 2921 1542 2997 contemptores
1570 2913 1672 2987 fuisse
1700 2910 1803 2978 editas
1831 2913 1981 2997 legimus.
2025 2912 2189 2980 Pudenda

172 3001 421 3081 labefaotarent,
450 3001 527 3067 data
548 3022 648 3085 opera
670 3002 805 3085 agitare,
835 3021 908 3066 meo
929 2997 1051 3065 iudiaio
1073 2999 1154 3064 utile
1205 3006 1284 3065 sunt
1303 2997 1446 3064 ludibria
1466 2998 1586 3082 quibus
1608 2997 1828 3064 Valentinum
1850 3008 1885 3063 et
1906 2999 2029 3065 similes
2051 2998 2188 3065 nebulo·

172 3108 239 3152 non
260 3096 340 3167 erat,
363 3087 487 3153 aiusto
506 3089 661 3153 oonfliotu
679 3086 833 3153 abstinui.
855 3086 903 3152 Et
920 3104 1152 3169 supervaouus,
1205 3105 1265 3151 nes
1297 3084 1416 3151 lusisse
1449 3086 1544 3151 testis
1572 3092 1622 3150 eet
1652 3085 1819 3150 Irenaeus.
1834 3084 1859 3167 ¹)
1910 3083 2054 3168 Sequuti
2075 3092 2189 3167 postea

172 3179 211 3237 ut
230 3194 337 3256 nuper
359 3171 437 3252 dixi,
462 3171 633 3241 videbatur
653 3173 716 3239 iste
738 3172 843 3238 labor:
872 3173 949 3256 quia
970 3171 1153 3255 perieulum
1204 3170 1261 3235 alii
1283 3178 1363 3235 sunt
1384 3168 1521 3255 perinde
1543 3170 1644 3236 orassi
1664 3171 1869 3252 impostores,
1892 3190 1973 3254 quos
1995 3170 2118 3234 mirum
2136 3175 2187 3236 est

171 3278 240 3323 non
261 3264 398 3324 eratne
420 3278 502 3342 quos
525 3278 624 3323 sanae
645 3257 766 3323 mentis
791 3257 943 3323 homines
971 3263 1004 3322 et
1029 3254 1153 3321 medio-
1205 3279 1271 3322 non
1310 3255 1422 3323 statim
1463 3256 1576 3321 multis
1615 3276 1691 3321 oum
1729 3254 1861 3338 probris
1892 3255 1994 3319 baisse
2027 3254 2185 3337 explosos.

172 3344 220 3409 ori
243 3365 340 3408 sensu
368 3343 546 3426 praeditos,
580 3352 649 3408 tam
676 3343 788 3409 futiles
815 3343 959 3426 ineptiae
987 3350 1150 3426 saperent.
1205 3339 1295 3424 Quid
1317 3342 1420 3426 igitur
1442 3361 1559 3407 oausae
1581 3361 1654 3407 esse
1676 3340 1823 3407 dieamus
1852 3361 1911 3405 our
1939 3360 1983 3405 ne
2008 3339 2087 3422 ipsis
2114 3340 2187 3422 qui-

170 3427 261 3492 Nam
273 3449 375 3511 quum
392 3429 555 3496 versatilis
567 3430 694 3513 ingenii
712 3428 880 3494 bominem
898 3428 1002 3494 stulta
1019 3427 1153 3493 efferret
1206 3425 1282 3493 dem
1300 3426 1467 3492 defuerint
1484 3426 1636 3504 aseeolae,
1655 3425 1720 3490 nisi
1738 3423 1826 3508 quod
1842 3425 1995 3491 homines
2012 3444 2187 3508 perperam

173 3512 317 3591 ambitio,
336 3533 535 3597 prorsusque
548 3522 775 3580 transversum
785 3523 926 3598 raperet,
945 3523 1019 3577 non·
1030 3514 1153 3578 mirum
1205 3511 1351 3577 ouriosos
1371 3531 1596 3594 novarumque
1618 3530 1731 3576 rerum
1756 3507 1890 3593 oupidos
1912 3505 2077 3577 Dominus
2100 3509 2187 3576 iusto

172 3607 223 3663 est
245 3596 274 3662 si
296 3597 355 3663 tali
375 3600 498 3664 mentis
525 3599 683 3665 ebrietate
708 3600 884 3678 attonitus,
905 3598 1059 3682 plausum
1081 3599 1152 3681 qui·
1204 3596 1325 3662 iudioio
1347 3596 1541 3681 praecipites
1559 3595 1636 3680 egit,
1659 3601 1698 3660 ut
1715 3594 1834 3661 eleusis
1852 3595 1956 3662 oeulis
1974 3616 2009 3661 se
2026 3597 2062 3660 in
2079 3596 2186 3661 mani—

171 3681 315 3750 buslibet
336 3682 405 3749 suis
426 3685 593 3767 figmentis
615 3683 750 3749 dederit.
781 3685 828 3752 Ut
845 3705 923 3750 vero
943 3705 1054 3750 seeum
1072 3682 1153 3747 alios
1204 3684 1305 3748 festos
1327 3679 1471 3748 Satanae
1503 3680 1637 3765 laqueos
1667 3678 1903 3762 induerentlb
1942 3679 2032 3763 Quid
2064 3679 2186 3747 hodie?

171 3768 362 3848 inebriaret,
384 3790 525 3852 quorum
547 3767 678 3836 diversa
699 3777 771 3835 erat
795 3769 926 3849 ratio&
954 3789 1023 3834 non
1047 3769 1153 3833 timui.
1204 3768 1314 3833 Maior
1335 3787 1421 3849 pars,
1445 3767 1590 3833 humano
1611 3788 1737 3851 quoque
1759 3766 1885 3851 pudore
1907 3787 2052 3845 excusso,
2075 3766 2186 3851 palam

170 3854 293 3921 Postea
316 3877 358 3920 ex
379 3855 539 3940 bonorum
562 3856 709 3921 virorum
740 3855 846 3921 relatu
875 3853 997 3940 agnovi
1026 3859 1099 3934 [pag.
1118 3859 1152 3934 4]
1205 3854 1278 3918 Deo
1299 3851 1424 3918 illudit:
1446 3853 1483 3917 in
1505 3852 1676 3919 tremenda
1698 3852 1770 3918 eius
1790 3853 1952 3938 mysteria
1977 3874 2044 3918 non
2072 3852 2185 3920 minus

1205 3945 1358 4022 proterve
1379 3939 1577 4021 irrumpunt,
1599 3959 1698 4022 quam
1721 3940 1750 4005 si
1771 3939 1861 4023 porei
1882 3944 1991 4005 rostra
2011 3939 2047 4004 in
2064 3939 2186 4023 pretio·

241 4077 271 4143 1)
293 4077 393 4132 Gallus
415 4075 487 4130 itai
527 4077 586 4131 'al-
621 4076 730 4132 Comme
757 4077 791 4131 de
817 4081 911 4131 nostre
937 4027 1026 4145 temps
1044 4075 1153 4130 Dieue
1206 4044 1280 4089 sum
1299 4026 1493 4124 ademarum
1515 4024 1718 4124 iqgererenn.
1758 4024 1857 4090 Mum
1878 4025 2010 4125 impul*
2031 4024 2185 4090 ⁸⁰⁰l⁰⁸ta⁸

171 4145 239 4202 feiot
257 4153 330 4200 teste
348 4161 429 4216 grace
457 4145 497 4199 sin
545 4116 602 4200 iere
628 4161 663 4199 eu
681 4145 778 4201 monde
797 4146 830 4200 de
849 4151 977 4199 remettre
1003 4161 1038 4199 eu
1056 4143 1152 4199 deseos
1206 4130 1268 4193 (1¹¹0
1297 4118 1367 4176 ΠΨ
1394 4109 1557 4193 evangehl
1605 4111 1818 4176 r⁰f0⁸⁸1⁰¹¹0m
1841 4115 2077 4176 ‘mmmmm
2121 4111 2185 4175 Al·

171 4213 200 4269 la
217 4230 290 4294 pure¹
309 4215 431 4271 dormine
454 4213 488 4268 de
517 4214 656 4282 'Evaugile
683 4215 728 4282 qui
754 4213 830 4269 avoit
846 4214 906 4268 este
932 4214 956 4268 si
981 4213 1049 4335 1οοὶ
1063 4220 1152 4282 temps
1205 4216 1268 4279 que
1293 4203 1346 4275 (ut
1366 4194 1431 4260 alia
1452 4131 1604 4277 arsami)
1617 4195 1769 4263 videmus
1791 4216 1890 4279 quam
1913 4195 2068 4261 audacter
2088 4194 2184 4261 lasei-

172 4283 322 4337 eusevebe:
349 4283 423 4339 aussi
449 4298 519 4337 nous
544 4298 643 4338 savona
671 4298 722 4351 que
746 4282 773 4337 le
791 4281 893 4351 diablo,
920 4297 990 4351 pour
1014 4297 1030 4336 0
1050 4281 1153 4336 souroir
1205 4282 1296 4347 piant
1317 4281 1452 4364 plurimi
1474 4282 1510 4345 in
1532 4283 1600 4347 suis
1621 4281 1823 4360 summatis,
1853 4302 1951 4364 quam
1974 4279 2184 4364 inexplebilis

173 4356 247 4403 ceste
266 4350 359 4421 clerte,
378 4368 395 4405 a
412 4352 462 4406 use
481 4351 514 4405 de
533 4368 564 4406 sa
577 4367 640 4406 ruse
655 4352 854 4413 aeeoustumba
873 4351 1004 4404 suscitant
1035 4349 1152 4404 lueieurs
1588 4366 1631 4432 ’ὥ
1724 4367 1731 4380 ·
1821 4367 1828 4380 ·
1941 4368 1947 4381 ·
2030 4366 2037 4380 ’

173 4418 273 4484 esprite
290 4416 472 4486 fantastiques
498 4419 544 4488 qui
571 4425 621 4475 out
647 4421 734 4499 seme·
748 4419 869 4474 diverses
896 4426 984 4473 sortes
1009 4367 1152 4480 demeare,
1204 4387 1367 4466 warum
1388 4387 1499 4465 Pomm
1521 4388 1596 4467 ⁰99¹
1632 4375 1692 4447 ω’
1722 4386 1831 4467 rugans
1856 4373 2006 4450 pruntus
2027 4368 2182 4469 msa-³¹⁸³)

173 4498 279 4539 comme
298 4493 345 4539 out
362 4487 685 4567 estelesllnabaptistes,
702 4486 838 4543 Libertina
853 4487 1063 4542 etsemblsblee.
1080 4487 1151 4542 Meis
1205 4452 1285 4518 “1¹⁰⁸
1307 4458 1460 4537 ffissloet·
1504 4452 1570 4551 HJ⁸
1597 4474 1676 4536 01'30
1703 4459 1795 4519 Vllffl
1822 4460 1945 4552 ¹¹¹⁸le
1975 4473 2018 4552 ²⁰·
2040 4451 2184 4554 debrtam

174 4561 251 4606 enee
269 4559 361 4607 auses
386 4554 441 4623 ny
464 4570 480 4608 a
506 4571 541 4610 eu
565 4574 601 4611 un
625 4557 728 4611 cerain
752 4556 792 4610 as
814 4555 904 4625 arguor
926 4556 1033 4609 nomme
1050 4554 1151 4610 moue
1203 4537 1390 4604 mereedem
1411 4538 1565 4621 rependo
1581 4538 1682 4618 Deus,
1706 4536 1785 4602 dum
1806 4536 1959 4604 hommes
1976 4537 2098 4623 ohoqm
2115 4559 2183 4605 non

173 4619 284 4685 Servat,
307 4620 398 4701 lequel
416 4620 516 4701 anfaict
528 4639 565 4677 un
584 4639 658 4678 amas
677 4625 773 4679 eonius
791 4573 825 4680 de
843 4623 977 4680 resveries
996 4628 1055 4678 taut
1073 4639 1151 4679 enor-

172 4702 301 4811 33th
315 4690 1152 4841 dgnfaffiletgrwddnnibiteentgldtelienbidsgubigdssbldtrgbiddd
1272 4758 1302 4823 1)
1321 4758 1396 4814 Aoo.
1430 4760 1483 4840 (lar
1500 4759 1519 4813 il
1536 4758 1581 4829 n’y
1598 4775 1616 4813 a
1632 4775 1666 4813 ne
1683 4760 1749 4814 rime
1767 4774 1801 4814 ne
1819 4759 1920 4825 raison,
1937 4773 2043 4839 comme
2061 4758 2115 4813 l’on
2126 4757 2181 4839 ‘dit

172 4831 247 4879 estre
270 4824 332 4894 plus
347 4840 403 4905 ‘que
421 4826 533 4892 martel,
560 4828 704 4883 toutesfors
726 4829 746 4882 11
768 4845 803 4883 ne
826 4827 880 4883 m’a
897 4843 948 4897 pas
966 4829 1068 4884 semble
1086 4827 1150 4899 qu'il
1202 4828 1306 4883 Autaut
1329 4844 1363 4884 en
1388 4828 1462 4884 est-11
1485 4827 1533 4883 des
1551 4828 1727 4883 Msmoheens
1750 4836 1779 4884 et
1799 4835 1891 4883 autres
1913 4826 2065 4881 bromllons
2089 4843 2134 4894 qur
2152 4842 2182 4881 ee

171 4893 230 4949 fust
256 4892 402 4961 expedient
428 4892 472 4963 d’y
497 4893 601 4949 donner
626 4895 735 4950 remede
758 4899 873 4966 expres,
899 4905 927 4954 et
953 4898 985 4952 de
1011 4897 1149 4953 eombstre
1201 4897 1333 4966 iouovent
1349 4896 1515 4964 plainoment
1532 4896 1569 4951 du
1586 4896 1684 4950 monde
1702 4912 1737 4952 en
1755 4902 1861 4952 esmant
1878 4896 1927 4951 des
1944 4894 2075 4950 fanmsies
2094 4895 2118 4952 si
2136 4911 2182 4950 ex·

172 4966 268 5016 conus
287 4977 331 5016 see
349 4977 457 5017 erreurs
475 4960 509 5016 de
527 4977 630 5030 propos
647 4962 779 5033 delibero,
802 4981 854 5019 veu
872 4982 924 5034 que
941 4964 1098 5021 l’absurdite
1116 4982 1150 5021 en
1202 4965 1360 5020 orbitantes.

171 5037 216 5085 est
234 5030 257 5085 si
274 5028 369 5085 lourde
388 5045 440 5099 que
458 5028 608 5099 i‘esperoye
626 5046 679 5100 que
697 5030 776 5086 d'eux
793 5048 908 5088 mesmes
925 5034 959 5088 ils
977 5033 1150 5104 s’esvauouy·
1227 5064 1229 5066 ν
1270 5030 1301 5098 2)
1320 5031 1394 5088 Aoo.
1421 5047 1522 5087 mesme
1541 5047 1570 5087 se
1589 5038 1652 5088 sont
1677 5032 1727 5087 mis
1750 5032 1779 5087 la
1797 5033 1877 5086 corde
1901 5045 1937 5086 au
1960 5030 2004 5087 eol
2027 5047 2098 5101 pour
2116 5028 2182 5088 s’ee·

170 5103 269 5168 royent
285 5105 390 5152 tantast
407 5114 471 5154 saus
488 5113 541 5167 que
558 5098 605 5154 nul
622 5116 639 5220 p
656 5101 789 5180 resistest.
1201 5108 1262 5156 tran
1280 5102 1329 5156 ler.

168 5235 205 5292 tit
221 5165 270 5291 dd)
282 5166 409 5292 gouel·
426 5165 573 5237 n’evoyeut
588 5183 626 5222 nu
636 5167 663 5221 le
680 5181 772 5223 raison
788 5168 823 5226 de
840 5166 999 5225 s’eslourdir
1015 5173 1033 5227 b
1047 5170 1150 5242 l'appe·
1262 5119 1300 5235 b)
1317 5185 1373 5225 non
1396 5171 1459 5239 plus
1486 5167 1567 5238 qu’un
1593 5170 1700 5225 homme
1728 5175 1810 5239 ayant
1831 5169 1859 5225 la
1881 5168 1978 5226 ratelle
2002 5169 2048 5237 qui
2070 5168 2117 5241 luy
2135 5168 2182 5224 de-

247 5251 282 5292 au
327 5251 354 5306 y.
1200 5253 1305 5308 mauge.
