4762 5918
161 330 200 392 61
369 278 380 403 J
554 370 561 386 .
694 290 698 296 ’
985 323 1050 390 Du
1072 320 1347 393 0001000010.
2128 336 2169 398 oo

84 575 87 577 ,
160 535 225 598 000
246 534 282 580 se
304 533 433 597 gerere,
461 513 517 597 qui
538 512 710 598 evangelio
731 512 931 598 gloriantur3
965 512 1056 594 atqui
1077 511 1140 577 hoo
1190 510 1280 576 luem
1302 505 1379 578 inde
1400 521 1603 581 contractam
1626 515 1707 581 adeo
1725 522 1873 583 tenacem
1890 527 2170 602 esse-agnoscunt,

158 601 268 686 primo
295 598 368 665 loco
389 597 615 682 quaerendum
636 606 723 677 erat,
753 621 796 665 an
818 597 1028 682 evangelium
1050 598 1140 680 ipsos
1191 604 1229 661 ut
1253 597 1316 662 0111
1343 597 1379 662 10
1407 598 1634 684 abstergendis
1661 601 1807 686 reliquiis
1835 600 1979 686 quotidie
2008 605 2054 668 sit
2078 604 2169 671 labo·

158 687 196 751 in
217 685 364 751 deterius
385 686 574 750 mutaverit.
608 681 676 765 Qui
694 694 855 749 scortator
872 691 953 761 erat,
975 683 1138 765 inquiunt,
1190 680 1349 753 randum:
1371 692 1573 769 quantopere
1595 688 1631 750 10
1647 686 1769 769 vulgus
1786 697 1954 770 grmsetur
1970 691 2130 773 contagio,
2143 691 2169 773 ¹)

157 771 215 839 vel
236 770 317 850 aleo,
347 769 401 836 vel
424 770 487 835 alio
509 770 546 834 in
567 788 688 853 genere
710 768 903 848 desolatus,
931 769 1020 833 idem
1042 767 1139 833 hodie
1190 765 1336 833 iudicare
1362 767 1448 834 licet.
1492 771 1584 854 Ergo
1633 792 1692 837 uos
1724 771 1884 838 eiusmodi
1911 773 2066 839 scandala
2098 796 2168 841 mo·

159 866 219 923 est.
264 853 392 937 Nempe
422 875 505 938 quae
526 855 562 920 in
581 862 701 938 papatu
724 855 808 920 vitia
835 854 990 932 tolerant,
1017 853 1065 918 ita
1086 874 1138 917 ro·
1190 860 1321 929 rantur,
1351 855 1513 936 recipiant
1541 793 1633 939 quod
1655 878 1753 923 suum
1773 865 1840 937 est,
1860 865 1904 924 'et
1925 860 2014 925 viam
2035 858 2169 941 planem

159 950 260 1027 pente
282 939 438 1007 detestari
454 940 628 1022 incipiunt,
649 947 690 1006 ut
712 960 825 1005 eorum
841 939 916 1005 odio
932 940 1039 1022 ipsam
1059 959 1138 1021 quo·
1190 936 1460 1022 aequabilemque
1489 942 1671 1008 invenient.
1710 1006 1712 1012 ,
1773 943 1884 1008 uidem
1913 945 1940 1008 si
1966 944 2050 1009 mihi
2080 954 2169 1011 esset

159 1048 224 1110 que
252 1026 412 1092 horreant
441 1025 626 1092 sanctitatis
652 1033 686 1089 et
711 1025 919 1090 innocentiae
946 1024 1137 1090 doctrinam.
1189 1024 1386 1105 magitratus
1407 1032 1562 1108 potestas,
1585 1035 1619 1093 et
1638 1047 1758 1108 opesa
1796 1027 1887 1094 huno
1908 1036 2078 1113 sumptum
2095 1051 2168 1096 000-

159 1113 240 1183 Non
259 1132 376 1178 vereor
404 1132 447 1177 ne
476 1111 538 1176 sibi
561 1132 614 1176 me
635 1117 812 1194 patronum
834 1111 902 1176 1000
924 1116 1053 1193 001001,
1080 1110 1138 1192 001
1190 1108 1363 1173 tinendum
1391 1110 1471 1175 satis
1501 1104 1644 1195 amplae:
1674 1112 1874 1179 monachum
1907 1134 1948 1178 00
1981 1122 2075 1180 00100
2108 1137 2167 1181 000

160 1199 252 1281 turpi
272 1219 309 1263 00
336 1196 500 1280 flagitiosa
529 1197 598 1263 0110
625 1195 767 1262 dedecus
790 1195 935 1261 afferunt
956 1194 1136 1278 evangelio.
1191 1213 1363 1276 egressum
1379 1215 1548 1280 nunquam
1567 1198 1633 1263 nisi
1646 1199 1806 1274 semestri,
1829 1205 1869 1263 ut
1885 1200 2069 1278 minimum,
2088 1220 2167 1266 era·
2288 1254 2290 1257 .

160 1282 238 1364 Quo
253 1282 345 1361 mihi,
366 1293 404 1347 ut
422 1280 572 1360 arbitror,
591 1280 699 1346 adeos
710 1280 940 1365 obiurgandos,
959 1281 1015 1363 qui
1026 1300 1139 1346 omnes
1190 1279 1280 1344 mine
1301 1288 1415 1346 exacte
1436 1281 1612 1365 probatum
1634 1283 1910 1363 manumitterem,
1939 1294 1978 1350 ut
1999 1286 2168 1351 communi

159 1376 303 1453 papatus
335 1367 537 1450 corruptelas
570 1366 741 1451 evangelio
773 1369 955 1449 imputant,
989 1371 1062 1445 [pag.
1084 1369 1138 1443 78]
1190 1363 1261 1429 vita
1288 1374 1322 1429 et
1343 1366 1516 1431 hominum
1545 1369 1700 1434 societate
1726 1369 1901 1435 frueretur.
1947 1368 2168 1452 Quosounque
2202 1382 2220 1391 “’
2274 1380 2277 1383 “

158 1456 266 1523 maior
286 1453 350 1519 erit
372 1452 515 1518 11100100
550 1449 676 1550 Siqua
696 1451 765 1515 illic
783 1453 941 1518 sanctitas
958 1451 1138 1534 quaeritur,
1191 1448 1338 1515 viderem
1360 1471 1419 1517 000
1441 1453 1665 1520 monachismo
1687 1454 1795 1520 adhuc
1816 1453 1959 1533 indutos,
1988 1454 2041 1522 vel
2061 1455 2167 1522 inclu-

158 1561 234 1605 oam
255 1536 492 1607 monachisibi
511 1557 660 1603 nmmum
682 1557 843 1602 00000000
864 1536 986 1620 absque
1008 1543 1138 1602 contro·
1190 1534 1361 1601 deremer
1384 1535 2168 1622 001011000110000001010001100100110010
2297 1603 2300 1606 ,

158 1626 269 1692 versia
296 1631 460 1707 arrogant.
513 1620 639 1704 Quidni
667 1622 803 1700 1001001,
831 1637 933 1704 quum
960 1621 994 1686 in
1023 1640 1138 1688 eorum
1189 1620 1311 1688 saltum
1380 1623 1486 1704 'quem
1523 1622 1801 1706 submovereml)
1854 1625 1960 1708 Porro
1992 1645 2013 1689 a
2044 1633 2168 1709 papatu

157 1709 314 1778 claustris
348 1707 492 1775 resideat
523 1707 672 1793 angelica
703 1706 883 1790 perfectio?
932 1708 1036 1789 Atqui
1069 1728 1138 1772 non
1190 1706 1300 1771 eluere
1327 1727 1408 1789 quas
1436 1729 1507 1774 0000
1534 1709 1683 1792 00000100
1714 1710 1785 1775 eius
1815 1711 1927 1776 sordes
1942 1779 1945 1783 ⁴
1960 1718 2103 1789 constat,
2135 1719 2168 1776 et

159 1794 293 1861 aliunde
320 1794 417 1861 nobis
444 1793 570 1859 foedior
604 1793 761 1860 vitiorum
791 1792 938 1858 omnium
970 1792 1136 1858 colluvies.
1190 1790 1244 1856 000
1266 1792 1400 1859 00110000
1418 1794 1453 1858 10
1471 1793 1634 1877 evangelii
1652 1814 1784 1877 nemen,
1807 1795 1909 1861 nimis
1928 1796 2169 1862 calumniosum
2241 1842 2243 1845 .

159 1880 200 1948 81
227 1880 369 1963 00010101
395 1878 574 1963 quispiam,
609 1898 711 1960 quum
739 1878 831 1943 illino
859 1886 991 1942 tantum
1018 1883 1139 1948 exeant
1170 1883 1248 1955 001
1294 1874 1361 1943 801
1383 1877 1525 1963 quidde
1543 1878 1650 1964 speeie
1668 1902 1736 1949 000
1758 1880 1911 1963 disputo?
1944 1881 2031 1946 Nam
2050 1882 2077 1946 si
2101 1881 2167 1947 110-

160 1967 325 2044 vomicae,
359 1984 427 2029 000
455 1965 578 2029 mirum
604 1984 677 2029 esse
704 1963 733 2027 01
760 1964 917 2029 foetorem
944 1983 1137 2045 quoeunque
1189 1961 1332 2030 solutam
1349 1964 1453 2029 vitam
1470 1964 1507 2028 in
1525 1985 1645 2048 parum
1667 1966 1823 2032 honestos
1840 1962 2046 2049 quorundam
2060 1987 2168 2035 morea

158 2052 301 2116 veniunt
320 2050 485 2126 emittant,
508 2048 661 2115 frivolam
683 2047 845 2114 eiusmodi
867 2048 1064 2115 calumniam
1088 2047 1137 2112 di·
1188 2047 1283 2112 nobis
1305 2047 1460 2114 obiiciant
1480 2052 1639 2132 papietae,
1658 2051 1782 2131 eodem,
1807 2072 1845 2117 00
1862 2050 1962 2135 10010
1980 2053 2079 2116 etiam
2097 2072 2167 2117 ma·

159 2136 256 2203 luere
281 2143 470 2219 promptum
498 2145 556 2200 001
601 2133 754 2200 Primum
775 2134 880 2213 enim,
908 2134 936 2199 01
964 2133 1042 2216 0011
1070 2132 1137 2199 illic
1187 2131 1273 2210 1000,
1295 2133 1332 2198 10
1354 2154 1409 2200 000
1429 2134 1550 2217 probra
1571 2155 1737 2219 regerere,
1761 2135 1836 2218 plus
1860 2157 1960 2219 qnam
1980 2136 2053 2200 iure
2075 2135 2167 2202 nobis

157 2220 298 2305 probum
314 2221 387 2300 1011,
406 2228 567 2303 tanquam
587 2239 705 2285 aurum
723 2240 765 2284 00
782 2219 996 2301 sterquilinio,
1010 2217 1034 2301 ¹)
1052 2218 1155 2283 mira
1187 2217 1272 2284 licet.
1306 2220 1418 2301 Atque
1440 2220 1569 2285 utinam
1590 2221 1709 2286 minus*
1724 2219 1859 2286 uberem
1876 2220 1970 2286 nobis
1992 2222 2167 2286 materiam

157 2306 225 2373 Dei
244 2304 453 2389 providentia
473 2305 628 2372 eductum
650 2305 750 2370 101000
778 2312 915 2370 0000101
960 2302 1052 2385 Quos
1073 2304 1136 2384 hac
1189 2302 1314 2368 darent
1354 2304 1454 2386 Apud
1475 2306 1567 2387 0001)
1591 2315 1714 2388 000010
1726 2307 1770 2372 011
1792 2305 1957 2372 scortandi
1976 2305 2166 2390 impunitae,

156 2390 273 2458 nostra
299 2399 406 2457 aetate
433 2390 611 2456 monachos
639 2390 756 2454 habuit
778 2390 976 2467 Germania,
1003 2387 1135 2470 001001
1188 2395 1311 2470 quanta
1330 2388 1513 2474 iurgiorum
1536 2399 1569 2456 01
1589 2411 1775 2475 pugnarum
1797 2391 1940 2470 licentia,
1963 2411 2062 2474 quum
2089 2412 2167 2474 per-

157 2476 309 2543 doctrlna
331 2477 385 2544 vel
406 2477 580 2542 sanctitate
596 2495 673 2541 oum
689 2474 849 2553 Luthero,
871 2474 1010 2553 Buoero,
1034 2472 1136 2540 0000-
1186 2473 1306 2540 missae
1317 2475 1384 2540 0101
1402 2475 1500 2560 vulgo
1519 2494 1622 2560 genus
1639 2497 1737 2543 omne
1756 2476 1922 2557 lasciviae,
1945 2485 2067 2559 quanto
2089 2495 2167 2543 oum

155 2560 320 2645 lampadio
344 2570 377 2626 et
399 2559 560 2628 similibus
581 2561 729 2630 conform
751 2581 796 2638 00,
818 2560 885 2625 0101
906 2558 1006 2625 nimie
1026 2559 1135 2643 impu·
1186 2548 1347 2642 applausu
1368 2568 1517 2645 'regnent
1545 2562 1705 2628 effraenes
1737 2582 1890 2645 pompae,
1924 2568 1958 2626 et
1982 2561 2167 2644 impudicae

156 2648 288 2725 denter,
317 2645 483 2713 audeant?
535 2645 627 2728 Quos
653 2646 731 2711 Itali
758 2643 967 2711 Bernordino
995 2643 1134 2726 Oehino,
1187 2644 1392 2724 saltationes,
1425 2652 1459 2712 et
1487 2645 1634 2713 eiusdem
1652 2648 1797 2731 ¹generis
1829 2647 1908 2727 alia,
1942 2646 2050 2713 dicere
2081 2645 2168 2717 nihil
2211 2680 2213 2684 ·
2292 2707 2295 2712 .

156 2744 192 2799 et
211 2734 314 2799 Petro
337 2731 509 2797 Vermillio
538 2730 725 2815 opponent?
770 2731 825 2796 Ex
847 2729 978 2811 Galliae
1005 2751 1135 2815 quoque
1188 2729 1314 2795 attinet.
1348 2731 1479 2797 Horum
1502 2739 1591 2797 corte
1608 2730 1692 2796 nihil
1710 2732 1878 2816 estquod
1900 2754 1976 2813 000,
2000 2739 2039 2796 01
2060 2733 2167 2798 sobrie

156 2819 272 2887 lustris
307 2819 431 2903 egressi
467 2825 547 2883 sunt
578 2816 745 2896 nonnulli,
778 2816 836 2899 qui
867 2836 926 2881 000
960 2815 1135 2898 splendore
1188 2814 1319 2900 glorier,
1336 2814 1478 2898 publicis
1496 2817 1611 2884 edictis
1629 2817 1717 2899 0001
1735 2840 1795 2884 000
1812 2819 1953 2885 vetitum
1972 2818 2025 2896 sit,
2048 2825 2082 2881 et
2099 2816 2167 2881 dis·

156 2904 264 2968 multa
294 2905 346 2970 001
378 2902 503 2969 ordinis
537 2903 658 2984 probra
697 2909 730 2966 et
768 2898 927 2967 dedecora
964 2902 1134 2967 texissent.
1187 2900 1311 2984 ciplina
1338 2901 1449 2985 aliquo
1474 2903 1675 2969 cohibeatur.
1721 2908 1794 2982 [pag.
1820 2910 1875 2983 so]
1906 2902 2019 2984 Quare
2046 2903 2166 2967 timen-

155 2990 284 3056 Paucos
305 2984 437 3071 quidem
459 2989 562 3054 101000
584 3008 625 3051 00
654 2987 852 3055 monachatu
880 2986 1145 3052 010001000οι
1188 2986 1266 3051 dum
1288 3007 1355 3051 non
1372 2994 1431 3067 001,
1454 3009 1497 3053 00
1515 3008 1590 3053 oum
1606 2989 1744 3071 00010110
1762 2989 1943 3072 comparati
1962 2988 2167 3072 reperiamur

122 3110 126 3115 *
156 3075 242 3154 isse,
264 3075 320 3158 qui
352 3072 489 3140 honoris
517 3094 616 3138 00000
649 3072 816 3138 nominari
848 3072 940 3156 digni
968 3072 1044 3138 0101
1089 3071 1136 3137 ut
1187 3084 1290 3159 aeque
1312 3071 1481 3139 deformes.
1525 3072 1616 3140 Mala
1638 3081 1751 3139 000100
1768 3096 1870 3157 quum
1892 3081 2092 3156 reputamus,
2115 3081 2166 3138 001

179 3159 412 3225 uidmirumsi
428 3179 496 3224 non
518 3158 615 3223 multi
633 3179 674 3223 er
692 3158 807 3224 inferis
824 3157 933 3241 angeli
952 3156 1133 3240 prodeant?
1188 3177 1245 3222 cur
1266 3177 1327 3222 nos
1349 3156 1447 3229 valde
1466 3158 1597 3241 pudeat.
1630 3155 2167 3242 801000110100100000110-

156 3180 255 3326 1001
277 3267 365 3310 unus
387 3244 478 3310 Loth
494 3264 537 3308 00
558 3241 711 3310 Sodomis
733 3244 846 3309 salvus
868 3244 988 3322 evasit,
1010 3241 1074 3307 in'
1125 3243 1132 3257 “
1187 3242 1232 3307 011
1254 3250 1403 3308 extrema
1420 3245 1553 3309 illorum
1569 3243 1717 3324 foeditas,
1739 3253 1779 3309 ut
1799 3245 1892 3327 probi
1909 3245 1977 3309 fere
1994 3254 2029 3309 et
2045 3245 2177 3327 integri-

156 3330 223 3396 Dei
243 3330 410 3414 potentiae
438 3330 557 3396 merito
585 3329 770 3394 tribuimus.
816 3327 911 3410 Quae
939 3336 1049 3394 autem
1099 3349 1134 3393 o·
1187 3326 1367 3393 videamur.
1377 3327 1405 3411 ⁴)
1449 3330 1576 3395 Mirum
1598 3350 1677 3414 ergo
1704 3337 1767 3411 est,
1796 3332 1852 3411 001
1874 3327 1916 3396 01
1937 3328 2072 3395 1000010
2092 3349 2167 3393 000-

161 3415 260 3480 doma
279 3424 330 3481 101
348 3431 496 3499 unquam
524 3413 719 3479 foeditatum
739 3414 897 3479 monstris
918 3413 1040 3479 referta
1060 3412 1133 3492 fuit,
1187 3421 1314 3477 trorum
1335 3412 1507 3479 hominum
1536 3415 1618 3480 vitia
1644 3422 1713 3480 tem
1741 3424 1819 3480 sunt
1848 3413 1995 3490 delicati,
2025 3415 2062 3479 10
2084 3412 2166 3478 tole·

157 3509 240 3584 quot
265 3499 363 3566 hodie
389 3507 518 3567 scatent
542 3500 779 3569 monachorum
804 3498 972 3582 treenta
1017 3499 1134 3581 Itaque
1186 3497 1299 3565 000110
1328 3498 1486 3567 adversas
1511 3500 1615 3582 partis
1650 3498 1828 3566 sceleribus
1856 3519 1928 3564 esse
1953 3499 2003 3564 bis
2030 3499 2163 3563 ferreos.

157 3585 269 3651 dicore
290 3584 390 3651 soleo:
414 3587 442 3652 si
465 3584 562 3651 modo
585 3584 711 3654 decima
753 3605 808 3650 ars
830 3603 944 3650 eorum
965 3584 1022 3666 qui
1041 3584 1133 3650 illinc
1186 3583 1227 3647 In
1251 3604 1315 3666 quo
1336 3604 1402 3649 non
1424 3583 1520 3649 modo
1542 3585 1635 3650 nobis
1663 3585 1820 3649 iniuriam
1843 3583 1985 3662 1001001,
2012 3583 2070 3648 001
2092 3583 2165 3649 Deo

156 3670 393 3736 christianismi
413 3671 547 3738 nomine
568 3671 709 3749 evolant,
732 3607 866 3736 dhristo
887 3690 923 3735 00
944 3689 1024 3734 0000
1041 3666 1133 3733 addi·
1185 3687 1315 3750 quoque
1326 3674 1406 3733 sunt
1417 3669 1642 3752 ingratissimi.
1672 3669 1760 3734 Nam
1770 3669 1906 3734 interim
1918 3667 2061 3752 plurima
2071 3689 2166 3734 rarae
2197 3736 2200 3745 ,

156 3764 229 3835 cat,
255 3756 422 3843 praeclare
451 3755 621 3822 nobiscum
643 3756 705 3840 agi.
751 3754 965 3837 Quinetiam
988 3753 1133 3838 quotidie
1184 3754 1327 3836 pietatis,
1349 3754 1594 3834 sanctimoniae,
1611 3755 1838 3838 virtutumque
1855 3754 2003 3820 omnium
2014 3753 2167 3837 exempla

155 3841 307 3909 videmus
329 3843 399 3908 0010
420 3841 555 3909 decimis
577 3840 748 3907 (lhristum
771 3839 926 3918 fraudari,
949 3846 987 3904 ut
1008 3838 1068 3906 010
1090 3839 1133 3904 01
1185 3845 1411 3921 praetereunt:
1434 3840 1552 3922 quibus
1574 3840 1615 3905 ad
1636 3839 1799 3925 evangelii
1820 3840 1931 3923 potius
1942 3859 2087 3904 amorem
2109 3839 2166 3914 ob·

156 3947 233 3992 eum
255 3948 332 4010 pars
351 3928 510 4011 vigesima
531 3927 712 4010 perveniat.
758 3925 823 4007 Qui
846 3934 959 3990 autem
987 3922 1133 3990 scandali
1185 3925 1449 4008 servantiamque
1459 3927 1631 4007 provocari
1642 3926 1731 4009 ipsos
1743 3925 1888 4002 decebat,
1910 3945 2010 4008 quam
2022 3946 2166 4008 quorun·

155 4013 359 4080 occasionem
391 4011 566 4094 praebent,
606 4032 662 4078 eos
697 4011 769 4078 dioo
803 4031 871 4078 non
909 4016 978 4074 tam
1014 4016 1133 4075 natura
1185 4008 1263 4075 dam
1284 4009 1411 4078 delictis
1433 4011 1468 4075 in
1494 4010 1565 4077 0100
1586 4010 1705 4076 adduci
1726 4010 1839 4076 odium
1860 4009 1914 4077 vel
1930 4016 2164 4093 contemptum.
2253 4088 2256 4093 Ι

155 4115 274 4180 pravos
301 4119 388 4176 esse,
417 4104 451 4163 et
472 4097 613 4180 propriis
640 4096 832 4163 criminibus
852 4095 1007 4174 infames,
1034 4114 1133 4178 quam
1185 4094 1261 4160 Non
1271 4096 1448 4179 resipuisse
1464 4096 1587 4162 multos
1605 4103 1783 4162 causantur
1805 4115 2165 4179 exquonomenevan-

154 4181 251 4247 10010
274 4191 308 4248 01
335 4183 462 4248 0010010
489 4182 704 4248 monachatus
732 4182 925 4250 educatione
946 4180 1133 4262 infectos.⁸)
1185 4179 1271 4264 gelio
1293 4180 1467 4246 dederunt
1512 4182 1560 4247 At
1581 4203 1670 4260 0000,
1699 4202 1798 4264 quam
1818 4180 1941 4246 multos
1964 4202 2006 4245 00
2028 4180 2165 4247 adverso

155 4266 254 4348 Quod
271 4270 361 4332 enim
380 4276 413 4332 et
430 4268 541 4351 ignavi
560 4276 638 4333 0001
655 4277 798 4345 0001000,
821 4276 854 4332 01
871 4267 982 4345 rixosi,
1005 4272 1038 4330 et
1059 4286 1133 4348 per·
1184 4266 1332 4348 proferre
1352 4266 1439 4345 licet,
1462 4287 1603 4349 quorum
1620 4267 1760 4332 mirifica
1772 4267 1944 4352 conversio
1957 4265 2166 4350 evangelium

154 4350 1132 4437 1111011000011,011000011011000000100,0110010014)
1185 4358 1335 4416 nostrum
1364 4349 1519 4417 decorat?
1569 4353 1616 4417 Et
1644 4350 1775 4435 quando
1803 4372 1864 4416 nos
1891 4350 1934 4419 ad
1955 4350 2166 4434 gloriandum

155 4445 191 4503 et
210 4438 347 4517 furaces,
371 4440 445 4518 [pag.
466 4442 519 4517 79]
543 4445 576 4503 et
597 4438 710 4503 servili
730 4438 873 4522 ingenio,
897 4444 931 4502 et
951 4435 1130 4506 libidinosi:
1186 4445 1316 4586 congrat,
1335 4436 1630 4521 quitammaligne
1643 4439 1819 4503 obscurant
1836 4436 2001 4521 evangelii
2010 4435 2164 4521 gloriam:

154 4542 265 4588 nonne
286 4523 500 4589 haecomnia
521 4522 696 4589 claustrale
717 4523 854 4588 vivendi
870 4522 1063 4589 institutum
1080 4542 1132 4586 re-
1185 4543 1209 4585 n
1245 4521 1278 4585 la
1299 4528 1349 4587 est
1369 4523 1478 4606 regio,
1507 4542 1592 4606 quae
1620 4544 1686 4589 uon
1714 4522 1777 4589 hac
1797 4524 1833 4587 in
1859 4530 1953 4605 parte
1973 4521 2166 4606 magnificos

155 4607 303 4690 cipiunt?
336 4606 425 4675 8000
446 4607 581 4691 quidem
590 4627 738 4674 seorsum
750 4607 921 4675 1101100100
932 4607 1064 4691 regulas
1072 4606 1132 4671 ha·
1598 4662 1603 4667 .

152 4693 235 4758 1001
255 4693 377 4759 diversi
399 4691 543 4759 ordines:
566 4693 714 4759 omnium
731 4696 842 4760 tamen
860 4693 928 4759 fere
949 4692 1134 4758 communis

151 4785 205 4847 est
225 4798 267 4843 ex
283 4777 460 4877 illisquas
477 4779 634 4856 recensui,
654 4779 831 4845 virtutibus
849 4779 991 4845 conflata
1007 4776 1132 4861 regula.
1185 4808 1256 4867 sm,

148 4862 243 4930 Nam
260 4865 290 4929 ⁸1
306 4865 431 4947 01111111
449 4885 530 4947 quos
548 4885 590 4929 ex
609 4884 711 4932 coeno
728 4864 961 4931 illoDominus'
977 4862 1133 4941 extraxit,
1255 4875 1286 4944 2)
1304 4878 1350 4933 Au
1373 4878 1441 4934 1001
1465 4880 1502 4935 10
1519 4886 1618 4950 termo,
1645 4886 1710 4937 1000
1729 4895 1798 4935 ceux
1820 4894 1872 4948 que
1890 4880 1915 4935 ie
1932 4891 2046 4944 0000000
2062 4873 2163 4954 n’estro

288 4999 291 5001 >
523 5018 528 5029 ,
588 5004 596 5012 .
792 5019 797 5031 .
1186 4945 1318 5067 stublon
1334 4946 1491 5016 1011000000
1509 4948 1611 5005 dedens
1629 4947 1689 5029 leur
1706 4962 1798 5015 coeur,
1814 4948 1840 5028 ie
1857 4947 1899 5002 los
1916 4944 2009 5013 100000
2026 4941 2165 4997 1000001100

224 5015 348 5083 lyndo.
366 5034 402 5072 00
419 5034 455 5072 un
472 5033 549 5098 grain
566 5017 600 5098 de
618 5018 662 5072 blo
680 5018 716 5072 du
733 5018 837 5109 100000.
969 5104 972 5109 „
1207 5013 1292 5070 edane
1309 5015 1350 5071 les
1369 5031 1450 5072 caves
1474 5032 1577 5072 comme
1600 5015 1743 5086 iomanes,
1769 5032 1804 5070 00
1821 5029 1847 5069 re
1863 5014 1906 5069 les
1924 5011 2112 5107 eniermeroye
2130 5026 2164 5066 en

224 5084 257 5218 11
274 5085 414 5208 tutti
431 5085 637 5235 11οῗ011111
1188 5081 1805 5232 q⁰⁰¹ll⁰9hlfls⁰t¹f¹ltlllll⁸²l⁸⁸⁰l
2022 5216 2028 5227 ,

223 5220 256 5289 4)
275 5219 416 5277 addonnea
434 5223 451 5277 t
467 5236 579 5291 0010000
597 5229 625 5278 01
642 5223 659 5277 t
676 5221 743 5276 10100
761 5220 871 5276 berder.
1257 5218 1289 5286 4)
1307 5219 1327 5274 il
1344 5218 1445 5283 semble
1462 5236 1602 5289 0000000
1620 5233 1719 5289 000000
1737 5217 1807 5271 donn
1823 5215 1916 5285 Auges
1934 5229 1970 5270 00
1986 5230 2056 5283 000.

1256 4742 1285 4806 1)
1304 4738 1378 4796 Add
1400 4749 1480 4798 0100
1499 4758 1567 4798 csur
1594 4744 1640 4813 qui
1657 4759 1691 4799 no
1711 4752 1842 4813 0001000
1861 4744 1909 4800 100
1927 4743 2065 4798 meilleurs
2083 4739 2163 4808 qn'on
