4762 5918
979 349 1347 416 PROLEGOMENA.
1683 447 1686 451 ⁴
2070 360 2194 426 XXIX

181 537 397 620 proferemus.
433 535 549 599 Liceat
572 543 692 614 tamen,
716 559 923 620 quaesumus,
946 538 1012 602 iam
1035 538 1089 604 hic
1109 561 1223 620 uuum,
1246 540 1343 623 idque
1363 541 1466 622 ipsius
1489 544 1611 608 autoris
1635 543 1675 608 dc
1697 565 1755 608 suo
1777 565 1875 628 opere
1896 545 2058 610 iudicium·
2076 548 2195 612 afferro

182 634 269 731 quod
289 648 429 731 legimus
451 649 486 712 in
504 648 609 713 literis
631 645 672 710 ad
684 648 913 733 Bullingerum
937 649 1022 714 datis
1045 671 1072 715 a.
1096 649 1126 714 d.
1141 650 1205 715 ΠΙ.
1219 651 1288 715 Oal.
1300 651 1417 729 Maias,
1440 674 1580 734 quarum
1604 655 1831 738 autographon
1853 655 1993 720 habetur
2009 657 2045 720 in
2057 658 2192 740 Archiv.

184 760 294 847 'Furia
316 759 408 824 Plut.
432 758 493 823 VI.
517 760 579 824 vol.
605 765 675 837 105,
699 760 751 824 iol.
778 765 849 839 597,
872 760 927 824 ubi
949 762 996 826 sic
1014 761 1190 844 respondet
1211 762 1252 826 ad
1275 785 1313 826 ea
1335 785 1418 845 quac
1441 786 1538 845 supra
1559 765 1781 849 aBullingero
1803 766 1975 832 observata
1997 770 2195 852 transscrip-

183 871 302 936 simus:
349 871 392 934 Ι3
414 871 514 935 libello
536 891 603 935 3333
625 891 747 952 suuper
768 871 822 935 boc
842 873 961 937 ueritus
982 892 1062 951 33333,
1085 894 1123 937 33
1144 874 1222 954 quid
1243 873 1439 939 obscuritatis
1463 877 1588 957 afferret
1611 877 1752 941 brevitas,
1798 877 1913 943 Cavcre
1934 883 2037 944 333333
2057 901 2119 944 ueri
2134 901 2195 961 po-

184 983 248 1047 tui:
277 983 339 1047 imo
361 982 514 1047 3333333333
529 983 595 1063 fere
617 981 719 1046 333333
735 1003 864 1064 proposi
855 985 896 1047 ito
914 984 949 1048 ob
966 984 1055 1048 atius
1078 1004 1194 1049 causas
1214 986 1359 1051 3333333333
1380 1007 1451 1050 sum
1472 1007 1510 1051 333
1531 1008 1676 1053 caverem.
1723 988 1790 1053 Hoc
1811 991 1895 1052 33333
1922 990 2001 1053 mibi
2020 1010 2083 1055 333
2098 1012 2194 1072 3333-

185 1094 272 1173 cipue
293 1095 403 1172 sotum,
426 1094 481 1156 3331
502 1093 567 1173 tere
589 1095 680 1158 333333
702 1095 856 1176 3333333333
878 1114 1026 1160 3333333
961 1095 1040 1158 duci
1061 1097 1168 1160 3333333
1156 1101 1212 1160 3333
1201 1097 1311 1161 33333333
1331 1099 1526 1162 3333333333
1490 1104 1611 1179 pateret
1635 1099 1755 1165 Servati
1730 1101 1929 1181 3333333333
1966 1101 2069 1166 Plena
2090 1108 2194 1166 3333333

184 1224 295 1269 earum
316 1224 432 1283 rerum,
456 1205 493 1268 de
511 1205 625 1286 quibus
645 1205 821 1282 33333333
809 1211 876 1270 3333
877 1207 953 1271 33333
983 1208 1054 1272 3333
1073 1207 1186 1289 fuisset
1208 1213 1309 1273 astute
1331 1212 1482 1290 quaesito,
1510 1231 1589 1290 3333
1611 1213 1772 1292 3333333333
1792 1231 1849 1275 333
1870 1212 2013 1294 33333333
2035 1233 2096 1277 333
2118 1216 2194 1279 acteo

182 1315 540 1396 333333333333333313
562 1316 633 1380 33333
655 1316 744 1380 331333
766 1337 860 1397 quam
882 1317 961 1381 dicis
980 1320 1165 1399 pravitatem
1194 1340 1255 1383 333
1277 1321 1496 1385 3333333133333.
1545 1322 1632 1403 Quia
1645 1325 1755 1405 potius
1784 1343 1941 1387 333333333
1964 1343 2090 1404 operam
2111 1326 2193 1404 decli,

181 1426 288 1509 3333333
309 1427 485 1506 33333333
450 1433 485 1491 33
505 1428 653 1507 33333333
676 1404 801 1491 savar·
815 1430 959 1511 33333333
981 1449 1045 1493 333
1066 1451 1183 1512 333333
1205 1431 1323 1495 333333
1298 1436 1345 1494 33
1366 1433 1473 1498 diduci
1461 1439 1511 1496 tas
1533 1438 1560 1497 et
1582 1435 1706 1513 3333333
1708 1454 1745 1497 33
1766 1433 1937 1498 baberett
1909 1435 2003 1499 ctiam
2024 1436 2117 1499 rudis
2137 1436 2193 1500 lec-

181 1545 239 1603 tor.
286 1538 394 1619 Neque
416 1544 518 1602 333333
508 1559 588 1603 ame
610 1539 690 1619 33331,
713 1558 811 1619 quum
833 1541 866 1602 33
888 1559 948 1603 3333
939 1541 1014 1620 33333
1035 1542 1114 1604 meis
1136 1540 1277 1604 omatibus
1299 1544 1439 1607 ceruisus
1467 1545 1798 1623 3333,3331333333333
1826 1547 1929 1628 caepis
1949 1547 2051 1626 fuisse
2071 1549 2194 1612 restria

181 1656 257 1714 3333.
310 1650 424 1714 Verum
445 1651 534 1715 333333
556 1642 679 1729 constet,
709 1650 831 1714 siuceru
849 1652 910 1731 ficte
931 1655 1069 1731 rectoque
1090 1652 1193 1716 3333333
1215 1652 1375 1732 defensam
1405 1676 1425 1718 a
1451 1676 1499 1719 333
1524 1656 1626 1736 fuisse
1653 1676 1766 1720 333333
1792 1657 1979 1765 doctrinam,
2012 1656 2066 1721 boc
2094 1677 2194 1721 uuum

180 1760 262 1825 333133
277 1760 388 1841 3133333
409 1766 453 1823 333
471 1782 566 1840 quara
588 1767 623 1825 ut
644 1765 777 1842 suscepti
767 1761 916 1826 itaberis
931 1766 1025 1844 poeni
1027 1769 1094 1828 tect
1147 1764 1263 1831 333333
1291 1773 1325 1831 33
1341 1787 1405 1845 333
1427 1768 1513 1829 tuo
1500 1788 1534 1829 33
1557 1787 1604 1831 me
1632 1788 1745 1846 333333,
1767 1789 1829 1849 333
1852 1769 1971 1850 3333333
1993 1769 2040 1832 333
2061 1770 2194 1835 caudore

180 1877 209 1935 33
232 1872 599 1953 333333333333333333333
619 1873 751 1937 iudicas.
797 1872 869 1937 Atii
893 1894 941 1938 333
962 1876 1075 1940 durius
1102 1879 1275 1960 3333333333,
1305 1879 1385 1958 quod
1413 1882 1562 1942 33333333
1583 1883 1610 1941 33
1631 1880 1803 1943 3333333333
1828 1881 1890 1942 3333
1916 1881 2078 1974 accpist,er
2111 1882 2193 1962 quod

168 1983 776 2065 ν33333333331333333333,333333333333
798 1986 878 2048 33333
894 1987 1002 2065 periit,
1015 1966 1152 2050 3333333
1171 1990 1382 2069 proscindcre.
1438 1988 1521 2054 Suut
1541 1990 1634 2053 333333
1657 1991 1787 2070 puidam
1816 2011 1877 2055 333
1899 1991 2042 2057 mulctati
2063 1992 2118 2071 qui
2140 2012 2193 2056 33-

178 2099 359 2176 peracutum
382 2095 462 2159 iilud
484 2115 646 2175 33333333
667 2116 715 2159 333
737 2097 877 2178 333333333
899 2102 1042 2178 eupereut
1063 2099 1101 2165 de
1123 2099 1241 2165 3333333
1216 2102 1288 2166 33333
1312 2102 1494 2181 3333333133.
1540 2101 1661 2165 Dicant
1649 2101 1770 2164 333333
1797 2100 1877 2165 31333
1903 2121 2022 2180 omues,
2051 2108 2086 2165 33
2112 2104 2194 2167 3333-

179 2206 269 2269 333333
291 2206 442 2288 supererit,
464 2206 539 2269 31333
562 2226 656 2288 33333
678 2208 819 2271 tacuisse.
877 2207 938 2272 Sed
960 2210 1032 2273 beue
1054 2209 1141 2275 babet
1165 2213 1247 2292 33333
1275 2217 1302 2274 33
1329 2212 1421 2276 babeo
1443 2215 1555 2293 333333
1576 2214 1712 2288 socium,
1746 2212 1776 2275 33
1804 2231 1866 2290 333
1895 2217 1998 2276 tamea
2026 2214 2118 2294 33333
2139 2218 2191 2292 cst,

178 2318 257 2397 quia
279 2317 359 2380 mibi
380 2321 472 2381 33333
494 2321 522 2379 et
543 2316 679 2381 hortator
698 2318 800 2398 suisti.
860 2318 939 2384 Vide
960 2320 1061 2401 333333
1080 2326 1114 2384 ut
1135 2327 1162 2386 tc
1183 2324 1226 2386 333
1247 2329 1399 2386 3333333333
1421 2345 1587 2404 3333333333.
1632 2324 1725 2388 Η333
1749 2322 1812 2384 ille.

335 2428 407 2492 Iam
431 2428 483 2491 his
505 2429 693 2509 praemissis
716 2429 820 2511 ipsam
844 2428 912 2507 tibi,
936 2450 1034 2512 quam
1057 2430 1110 2497 hic
1132 2434 1276 2497 maxime
1298 2445 1486 2516 exspectas,
1517 2435 1667 2498 notitiam
1697 2433 1876 2498 literarium
1906 2433 2082 2500 offerimus.
2131 2435 2189 2500 Li·

179 2539 259 2604 belli
281 2540 392 2604 minus
414 2539 639 2622 infrequentis,
663 2560 762 2621 quam
784 2548 986 2605 caeterorum
1008 2543 1122 2607 Nostri
1144 2545 1375 2627 opusculorum
1398 2546 1585 2629 archetypa,
1609 2545 1724 2609 titulus
1746 2544 1793 2609 sic
1816 2543 1978 2609 decurrit:

347 2710 585 2776 DEFENSIO
619 2709 946 2776 ORTHODOXAE
986 2699 1118 2803 lfidei
1150 2675 1202 2784 de
1234 2733 1352 2788 sacra
1382 2705 1616 2810 Trinitate,
1656 2715 1804 2788 contra
1840 2704 2058 2816 prodigio·
2087 2702 2092 2805 Ι
2122 2734 2190 2786 sos

184 2873 351 2926 errores
383 2844 607 2927 Michaelis
640 2842 810 2926 Serueti
840 2840 1042 2954 Hispani:
1071 2845 1076 2949 3
1104 2840 1175 2920 vbi
1214 2841 1454 2923 ostenditur
1498 2842 1734 2924 haereticos
1776 2846 1868 2926 iure
1906 2841 2052 2924 Gladii
2087 2838 2189 2954 333-Ι

184 2981 387 3063 arcendos
417 3009 522 3087 esse,
551 2992 596 3064 et
621 2982 869 3064 nominatim
896 2980 948 3063 de
975 2978 1144 3061 homine
1174 2983 1178 3086 3
1207 2977 1286 3060 hoc
1314 2988 1402 3059 tani
1429 2979 1559 3089 impio
1582 2979 1694 3060 iuste
1717 2980 1928 3062 etmerito
1949 2975 2189 3090 sumptuml

177 3117 384 3200 Geneuae
411 3119 542 3200 fuisse
563 3119 827 3229 supplicium.
858 3116 862 3220 l
1072 3114 1172 3217 lPer
1202 3127 1385 3192 Iohannem
1414 3127 1626 3211 Caluinum!
1665 3127 1832 3195 (Embleeat
1878 3122 1883 3226 Ι
1926 3114 2056 3198 Oliua
2101 3116 2191 3197 Ro-

173 3255 290 3337 berti
321 3253 540 3364 Stephani.
570 3253 575 3357 l
606 3268 653 3331 M.
677 3267 719 3332 D.
743 3266 857 3331 LIJII.
892 3347 896 3353 η

333 3413 457 3477 Forma
475 3421 525 3477 est
547 3412 758 3493 quaternaria
776 3413 912 3476 minima
924 3409 964 3475 ad
983 3418 1129 3475 nostram
1148 3408 1341 3473 hodiernam
1360 3409 1559 3472 octonariam
1579 3411 1730 3492 proxime
1748 3410 1914 3476 accedens.
1949 3409 2192 3490 Quatcmioncs

175 3523 320 3590 sedecim
344 3546 419 3589 cum
443 3522 576 3587 dimidio
600 3524 717 3603 (a-r).
762 3524 909 3607 Paginae
932 3530 1124 3587 numeratae
1147 3523 1225 3599 261;
1248 3520 1364 3584 ultima
1384 3519 1640 3603 subscriptiones
1661 3523 1885 3599 ministrorum
1910 3520 2085 3598 exhibens,
2116 3522 2190 3586 abs-

97 3635 103 3640 ’
173 3657 240 3719 quc
263 3655 410 3700 numere.
458 3636 578 3700 Exstat
600 3635 635 3698 in
656 3634 845 3699 collectione
866 3643 988 3698 nostra.

332 3746 402 3809 Iam
427 3746 539 3828 scripti
562 3746 660 3810 huius
682 3745 829 3829 singulas
851 3756 960 3827 partes
983 3745 1062 3809 satis
1084 3743 1160 3808 laxo
1182 3764 1271 3807 nexu
1291 3742 1419 3805 iunctas
1437 3742 1552 3823 paucis
1572 3743 1823 3808 recensebimus.
1869 3742 1989 3808 Statim
2012 3750 2087 3825 post
2108 3745 2189 3808 titu-

172 3857 246 3922 lum
269 3856 456 3940 generalem
479 3856 634 3938 nullaque
668 3857 869 3939 praefatione
897 3856 1091 3938 interposita
1119 3854 1241 3937 legitur
1262 3851 1387 3917 Fidelis
1408 3855 1558 3933 expositio
1580 3875 1724 3920 errorum
1746 3855 1914 3920 Michaelis
1937 3854 2056 3919 Servati
2077 3860 2104 3919 33
2126 3857 2190 3920 bre·

171 3960 226 4032 333
248 3968 415 4033 eorundem
436 3968 598 4048 refutatio.-
620 3969 672 4032 ubi
695 3968 817 4032 docetur
837 3969 907 4032 iure
928 3968 1028 4052 3333333
1050 3966 1226 4030 coercendos
1248 3985 1313 4030 esse
1335 3965 1501 4029 haereticas
1522 3988 1552 4047 p.
1577 3970 1691 4029 3-37,
1745 3967 1839 4031 Η333
1867 3973 1980 4030 tamen
2008 3966 2187 4048 inscriptio,

171 4086 339 4162 quatenus
361 4080 599 4160 expositionem
622 4079 785 4161 promittit
807 4079 1002 4162 placitorum
1024 4078 1164 4145 infelicis
1174 4077 1328 4159 Hispani,
1351 4076 1462 4140 minus
1481 4075 1522 4140 ad
1540 4076 1602 4141 hoc
1622 4078 1765 4160 primum
1784 4085 1884 4161 caput
1901 4099 2000 4160 quam
2019 4076 2060 4140 ad
2083 4085 2189 4142 totum

170 4190 367 4273 opusculum
398 4191 559 4273 pertinet,
588 4190 747 4272 siquidem
777 4191 959 4273 praemissa
985 4191 1077 4256 brevi
1097 4189 1136 4254 de
1158 4190 1228 4254 eius
1250 4188 1473 4270 impietatibus
1495 4187 1732 4253 declamatione
1753 4188 1856 4271 deque
1878 4189 2035 4271 gravibus
2055 4188 2132 4253 iude
2153 4189 2189 4253 in

171 4302 249 4384 pios
273 4300 534 4365 redundantibus
557 4301 719 4384 periculis,
742 4309 873 4366 tantum
896 4301 1056 4367 nonnulla
1077 4302 1267 4366 referuntur
1289 4298 1329 4362 de
1352 4300 1475 4363 autoris
1502 4319 1576 4363 cum
1600 4300 1740 4365 Servate
1763 4309 1797 4364 et
1819 4300 1897 4363 olim
1919 4299 2033 4365 habita
2051 4321 2188 4365 consue·

171 4410 292 4476 tudine
313 4419 347 4476 et
375 4413 540 4477 recentius
563 4419 634 4476 tum
657 4433 767 4477 coram
790 4422 861 4476 tum
885 4412 1015 4495 scriptis
1036 4414 1123 4487 facta
1145 4411 1401 4488 conversatione,
1425 4410 1557 4475 etinde
1579 4432 1693 4494 apag.
1717 4415 1738 4497 8
1760 4411 1869 4494 agitur
1896 4432 1995 4476 causa
2016 4412 2071 4476 Au
2092 4413 2189 4477 333333-
2269 4500 2271 4505 ,

172 4524 275 4587 tiauis
299 4524 459 4589 iudicibus
479 4521 651 4589 haereticos
666 4525 785 4604 puuire
806 4525 902 4589 333333.
947 4524 1022 4605 Qua
1043 4523 1192 4589 absoluta
1214 4521 1323 4587 denuo
1352 4521 1393 4585 ad
1422 4543 1498 4586 suas
1528 4542 1603 4587 cum
1626 4521 1765 4588 Servate
1788 4522 1966 4589 relationes
1988 4525 2119 4603 transit;
2154 4545 2189 4589 sc

173 4633 377 4700 haereticum
400 4635 647 4700 Viennensibus
669 4634 831 4701 iudicibus
853 4636 1077 4713 denunciasso,
1099 4632 1184 4717 quod
1208 4632 1358 4701 nonnulli
1381 4632 1541 4698 invidiose
1563 4635 1782 4712 affirmabant,
1805 4635 1901 4698 enixe
1918 4642 2034 4718 negat;
2067 4636 2190 4699 fatetur
2276 4701 2278 4705 ,

171 4765 212 4811 se
235 4752 350 4810 autore
372 4752 453 4811 eum
471 4747 628 4812 Generae
650 4747 892 4831 deprehensum
915 4745 1010 4812 etad
1033 4767 1165 4813 causam
1195 4744 1367 4808 dicendam
1394 4744 1596 4828 postulatum
1619 4745 1736 4825 fuisse;
1769 4766 1847 4810 suas
1868 4747 2029 4829 ipsiuset
2048 4745 2188 4827 collega·

170 4878 249 4921 rum
272 4865 382 4939 partes
405 4857 439 4921 in
462 4857 577 4922 eadem
600 4858 728 4942 agenda
749 4858 909 4938 declarat;
943 4879 1007 4940 quo
1034 4866 1129 4941 pacto
1155 4877 1175 4919 a
1203 4864 1320 4922 senatu
1350 4856 1545 4922 commissus
1572 4856 1674 4921 semel
1697 4870 1794 4939 atquc
1816 4858 1938 4922 iterum
1960 4877 2034 4921 cum
2057 4856 2188 4936 captivo

169 4968 249 5032 de
239 4969 342 5051 ipsius
365 4967 498 5053 dogmat
485 4969 572 5034 tibus
594 4978 670 5034 cont
657 4968 778 5047 tulerit,
755 4976 835 5034 tet
856 4990 954 5053 quam
982 4968 1161 5034 liberaliter
1183 4965 1397 5033 commodatis
1420 4967 1545 5032 libris'
1536 4967 1599 5049 ipsi
1622 4967 1821 5033 defensionis
1852 4964 1997 5033 subsidia
2018 4966 2187 5031 ministra·

167 5081 268 5158 verit,
291 5080 440 5162 pluribus
461 5088 609 5159 cnarrat;
632 5088 737 5145 totum
760 5079 901 5164 denique
922 5080 1092 5164 negotium
1113 5081 1160 5143 ita
1181 5079 1325 5160 exponit,
1349 5085 1388 5141 nt
1407 5099 1537 5142 omnem
1559 5079 1693 5145 infausti
1669 5079 1825 5146 texitne
1842 5076 1973 5158 culpam
1991 5097 2011 5139 a
2028 5098 2064 5143 se
2080 5098 2187 5142 remo-

77 5253 81 5258 ,
170 5204 245 5256 tam
268 5210 356 5255 m
323 5190 356 5255 1
356 5190 456 5256 talem
478 5192 526 5256 rei
550 5192 720 5257 vesaniam
740 5192 873 5257 reiiciat
