4800 5902
176 351 239 413 209

176 536 370 619 simpterneut
396 555 456 600 une
483 534 626 600 colmtiou
652 536 695 600 du
723 541 799 600 teste
831 535 868 600 de
888 535 1053 619 Hottiuper
1082 558 1155 603 auec

176 622 385 704 tenunplaire
405 621 547 685 conserue'
568 622 589 684 ὰ
611 622 645 686 lu
666 621 868 703 bibliotheque
885 622 923 686 de
936 621 1050 701 Berua,
1074 625 1155 687 dans

176 709 204 773 le
224 708 344 773 volume
365 707 487 771 iuncte
510 705 673 772 Manuscr.
696 707 766 772 bist.
790 707 892 772 balcet
917 707 989 771 ΙΙΙ.
1014 713 1060 772 34
1085 707 1153 773 Fu.

174 799 245 858 241
267 794 347 857 suiv.
396 791 477 857 O’est
508 792 545 855 de
575 797 619 856 cet
645 793 834 872 exemploire
863 813 921 874 que
949 813 1029 857 nous
1058 813 1155 858 aucus

169 880 246 961 pris
267 879 294 943 te
316 879 388 943 titre
411 879 572 956 cidessua
594 880 707 942 inserit
727 898 785 941 sur
807 879 834 942 te
855 879 911 943 dos
932 879 976 942 du
993 879 1156 944 document

457 963 495 1027 de
516 962 549 1026 tu
570 965 659 1028 moin
680 965 718 1028 de
736 962 871 1045 Halter.)

177 1151 454 1233 Quaesierunt
475 1149 656 1299 minisstrli
678 1150 798 1214 verbi
828 1172 876 1214 ex
898 1151 1154 1232 Hieronymo

609 1257 627 1299 o
654 1254 756 1300 seco:

262 1389 430 1466 Oredatne
448 1388 556 1453 Deum
579 1409 620 1452 ex
643 1382 830 1453 hominibus
848 1388 986 1471 elegisse
1003 1408 1084 1470 quos
1105 1386 1155 1450 illi

174 1475 286 1541 visum
314 1484 379 1552 est,
409 1496 512 1556 quum
538 1476 572 1537 in
601 1473 666 1538 illis
695 1495 762 1538 non
790 1474 956 1539 inveniret
984 1473 1153 1538 electionis

176 1581 320 1638 causam,
341 1561 398 1625 sed
416 1582 508 1625 mera
526 1580 587 1624 sua
605 1567 639 1623 et
656 1561 800 1642 gratuita
817 1560 962 1624 bonitate
974 1559 1039 1623 huc
1052 1559 1154 1623 fuisse

175 1645 375 1712 adductum?

482 1903 484 1906 ,
544 1831 786 1915 Respondit:

264 1986 371 2051 Deum
397 2007 435 2051 ec
464 1986 641 2051 bominibus
671 1985 798 2068 elegisse
831 2005 909 2066 quos
940 1986 990 2050 iili
1016 1986 1154 2066 placuit:

176 2093 284 2152 uempc
305 2074 381 2154 quia
403 2072 491 2154 clepit
512 2074 545 2135 iu
571 2071 693 2137 Cbristo
714 2073 782 2137 sine
803 2092 862 2152 quo
884 2091 972 2136 nemo
993 2072 1061 2137 Deo
1081 2093 1154 2154 pru

177 2166 230 2224 tus
251 2163 302 2236 eu,
323 2163 360 2221 ut
379 2158 454 2222 dicit
476 2157 649 2237 apostotus:
670 2176 724 2221 uec
746 2157 872 2239 elegisse
887 2162 1019 2238 propter
1041 2157 1154 2221 bmurn

176 2244 277 2310 uuum
298 2244 380 2325 quod
401 2244 438 2307 in
458 2244 540 2323 ipsis
562 2249 640 2308 esset
654 2244 848 2323 priusquam
869 2263 919 2308 eos
941 2242 1075 2324 eliperet,
1099 2244 1155 2309 seu

175 2350 263 2396 mua
284 2349 346 2394 mo
364 2329 480 2413 pratia
495 2331 520 2412 ¹)

437 2515 665 2598 Excipiunt
695 2515 893 2580 ministri:

263 2669 526 2752 Responsionem
551 2669 637 2735 hano
659 2689 726 2733 non
754 2669 916 2734 sinceram
943 2688 1004 2734 nec
1024 2675 1156 2751 catego-

176 2759 280 2824 ricam
299 2775 385 2831 esso,
409 2755 466 2819 sed
489 2754 681 2838 ambagibus
703 2755 915 2838 implicitam,
944 2752 1157 2838 quemadmo-

177 2842 256 2908 dum
276 2863 318 2908 ex
340 2841 553 2923 sequentibus
573 2842 707 2923 patebit,
731 2841 809 2923 qnia
830 2840 1048 2905 nihilominus
1071 2838 1157 2905 eleo·

178 2930 300 2994 tionem
322 2926 544 2993 universalem
565 2926 651 2990 facit.

413 3283 694 3365 Quaesierunt
722 3283 914 3348 ministri:

267 3404 391 3502 Annon
411 3439 452 3503 ab
474 3438 630 3502 electione
652 3437 717 3503 Dei
738 3436 895 3520 procedat
916 3436 1006 3515 fides,
1030 3443 1064 3501 et
1086 3437 1158 3518 qui-

184 3542 312 3605 cunque
337 3522 567 3589 illuminantur
595 3523 694 3587 huius
716 3524 843 3608 gratiae
870 3523 953 3587 fiant
979 3522 1159 3606 participes

183 3608 260 3692 quia
282 3607 369 3690 ipsos
390 3606 483 3673 Deus
504 3608 625 3692 elegit?

379 3794 607 3878 Respondit
628 3794 960 3880 Hieronymus:²)

268 3949 381 4014 Fidem
399 3949 438 4012 ab
460 3949 601 4014 electione
622 3968 685 4014 nou
700 3950 837 4032 pendere
858 3951 913 4015 seu
935 3949 1033 4013 suuul
1054 3947 1161 4014 debere

939 334 1123 416 Paoons
1145 352 1210 417 nn
1232 350 1426 419 nonsno.

2124 358 2193 424 210

1209 539 1404 604 comiderori
1419 539 1512 619 fidem
1530 546 1556 604 et
1574 541 1751 607 electionem.
1773 541 1971 624 Priusquam
1988 547 2071 611 mim
2089 546 2189 611 cousi·

1208 624 1337 688 deretur
1358 624 1446 689 bomo
1468 625 1570 689 oDco
1588 627 1706 705 electus,
1727 629 1793 691 iam
1812 628 1904 710 ditipi
1922 635 2043 708 oportet.
2073 630 2189 697 Prius·

1208 730 1306 790 quam
1333 730 1402 774 cero
1432 712 1660 776 conciderunus
1684 713 1830 777 dimotum
1859 734 1880 776 a
1907 713 1990 792 Deo,
2019 716 2188 780 uidendum

1209 799 1254 858 est
1271 795 1362 859 cuius
1382 794 1493 858 oirtme
1515 796 1550 860 id
1570 798 1636 876 pat.
1668 796 1787 876 Nempe
1808 799 1891 878 quod
1911 799 1947 861 in
1970 797 2094 863 Christo
2115 801 2189 865 dili·

1207 881 1301 961 pitur.
1347 878 1435 961 Erpa
1455 881 1490 942 in
1512 879 1589 960 Deo,
1611 883 1698 961 apud
1719 902 1808 963 quem
1829 902 1893 946 uon
1914 888 1959 946 est
1974 884 2071 964 prius
2091 905 2190 965 neque

1202 964 1371 1043 posteriue,
1390 965 1455 1028 tria
1466 964 1541 1028 buce
1552 967 1736 1045 praeseutia
1754 973 1843 1032 sunt:
1861 969 2034 1032 coniunctio
2053 970 2189 1036 bominis

1207 1069 1278 1114 cum
1302 1047 1425 1114 Obristo
1441 1071 1502 1130 per
1520 1050 1623 1130 (idun,
1646 1051 1766 1117 ainau
1789 1052 1853 1117 Dei
1868 1074 1929 1133 per
1947 1055 2077 1118 eundem
2095 1055 2191 1135 ridere

1208 1139 1235 1197 et
1257 1135 1360 1200 electio
1381 1134 1518 1199 hominis
1537 1135 1643 1216 fidelis
1664 1158 1702 1200 eu
1722 1138 1828 1202 uidem
1846 1140 1908 1220 pide
1925 1139 1958 1201 iu
1972 1138 2095 1204 Obristo
2111 1160 2189 1220 pro-

1208 1222 1341 1284 veniens.
1371 1220 1478 1301 Atque
1499 1221 1534 1285 iu
1557 1221 1611 1285 boc
1632 1224 1826 1287 consentiunt
1842 1225 1942 1289 sunni
1960 1225 2095 1290 doctores
2112 1230 2190 1291 oete-

1207 1325 1257 1369 rcs
1277 1310 1305 1369 ct
1327 1311 1389 1370 tres
1410 1311 1533 1370 nomae
1554 1308 1667 1370 aetatis
1687 1308 1768 1373 docti
1796 1315 1824 1374 et
1845 1309 1941 1373 borrae
1962 1312 2189 1377 emanationis

1207 1391 1271 1454 oiri
1292 1390 1508 1456 Melaucbtbon
1529 1391 1742 1476 Bullinperus
1763 1399 1792 1459 et
1814 1393 1967 1459 Brentc'us
1987 1415 2057 1458 cum
2079 1397 2166 1461 aliis.

1467 1578 1698 1661 Excipiunt
1720 1581 1925 1646 ministri:

1294 1731 1469 1796 Haeresim
1492 1733 1702 1798 manifestam
1725 1733 1903 1816 essequod
1925 1731 2025 1798 fidem
2048 1735 2088 1800 ab
2105 1735 2190 1800 elec-

1208 1817 1298 1880 tione
1326 1816 1470 1899 pendere
1497 1827 1606 1900 negat.
1658 1820 1760 1897 Nam,
1791 1817 2066 1901 quemadmodum
2095 1819 2191 1885 docet

1208 1902 1342 1980 Paulus,
1366 1922 1447 1985 quos
1469 1904 1561 1967 Deus
1584 1905 1821 1988 praecognovit
1843 1925 1897 1968 ece
1918 1903 2189 1986 praedestinavit,

1209 1994 1242 2050 et
1271 2008 1352 2070 quos
1379 1986 1640 2070 praedestinavit
1666 2011 1721 2054 eos
1749 1990 1889 2054 vocavit.
1936 1990 2047 2071 (Rom.
2069 1994 2098 2066 8,
2123 1989 2189 2074 29.)

1208 2072 1294 2136 Item
1309 2078 1334 2136 1.
1355 2072 1396 2136 ad
1409 2072 1530 2155 Ephes.
1548 2095 1617 2157 cap.
1632 2078 1676 2157 (v.
1690 2075 1740 2152 3):
1763 2074 1944 2138 Benedixit
1960 2094 2020 2137 nos
2042 2076 2076 2136 iu
2099 2075 2191 2138 omni

1208 2157 1433 2224 benedictione
1456 2159 1620 2240 spirituali
1642 2160 1739 2224 sicuti
1760 2180 1820 2223 nos
1841 2159 1878 2222 in
1888 2158 2022 2223 Christo
2044 2158 2191 2241 elegerat

1208 2249 1286 2307 ante
1308 2242 1424 2308 mundi
1446 2245 1644 2309 creationem
1666 2251 1704 2307 ut
1725 2264 1871 2308 essemus
1893 2243 1997 2307 sancti
2018 2249 2079 2308 etc.
2123 2244 2191 2309 Ubi

1209 2329 1414 2394 demonstrat
1447 2350 1507 2394 nos
1539 2329 1611 2394 ideo
1646 2328 1687 2393 ad
1716 2327 1889 2394 Christum
1923 2327 2080 2394 adductos
2112 2330 2190 2411 qnia

1208 2435 1341 2480 eramus
1359 2415 1454 2479 electi
1477 2435 1497 2479 a
1519 2423 1626 2496 patre:
1650 2415 1685 2478 in
1704 2435 1803 2496 quem
1826 2435 1962 2478 sensum
1978 2424 2093 2496 postea
2111 2415 2190 2480 sub·

1209 2501 1294 2577 iicit,
1340 2499 1603 2582 praedestinasse
1650 2519 1712 2562 nos
1763 2499 1945 2564 secundum
1986 2500 2192 2581 propositum

1209 2585 1390 2652 voluntatis
1412 2605 1501 2650 suae.
1530 2585 1626 2663 Item,
1650 2584 1792 2668 gratiam
1814 2586 1884 2649 eius
1906 2583 2089 2649 abundasse
2111 2606 2192 2668 erga

1210 2690 1271 2734 nos
1292 2671 1328 2734 in
1356 2671 1447 2735 omni
1474 2669 1636 2753 sapientia
1664 2675 1697 2732 et
1723 2668 1899 2752 prudentia
1927 2677 1966 2733 ut
1992 2670 2193 2752 patefaceret

1211 2776 1369 2821 arcanum
1402 2755 1582 2820 voluntatis
1622 2776 1703 2819 suae
1737 2755 1918 2820 secundum
1949 2755 2195 2837 beneplacitum

1210 2841 1299 2924 quod
1319 2841 1536 2907 constituerat
1557 2847 1616 2905 etc.
1662 2838 1816 2905 Christus
1839 2842 1939 2904 etiam
1961 2838 2054 2904 dicit:
2086 2838 2194 2921 Quid·

1210 2927 1288 3009 quid
1312 2926 1440 2991 dederit
1461 2926 1544 2989 mihi
1565 2932 1659 3008 pater
1682 2925 1723 2988 ad
1746 2946 1798 2990 me
1821 2926 1940 2991 veniet
1981 2925 2079 2990 Unde
2102 2926 2193 2990 colli-

1210 3014 1320 3096 gimus
1342 3010 1552 3076 donationem
1575 3011 1661 3075 hanc
1683 3011 1749 3075 fide
1771 3012 1975 3094 superiorem
1997 3031 2078 3077 esse.
2122 3011 2194 3078 Neo

1210 3097 1337 3162 Paulus
1370 3096 1450 3162 dicit
1483 3118 1519 3161 se
1551 3096 1809 3161 misericordiam
1843 3103 2084 3179 consequutum
2117 3097 2195 3181 quia

1209 3182 1411 3267 praeviderit
1432 3183 1524 3247 Deus
1547 3182 1658 3264 ipsum
1678 3182 1748 3246 fore
1771 3181 1917 3259 fidelem,
1946 3182 2004 3246 sed
2026 3182 2136 3265 potius
2157 3191 2195 3246 ut

1211 3289 1283 3333 esse
1304 3268 1475 3350 inciperet.
1509 3267 1582 3332 Hoc
1605 3267 1695 3332 enim
1712 3268 1836 3331 factum
1858 3288 1929 3332 esse
1952 3267 2031 3332 dicit
2052 3266 2094 3330 ad
2117 3288 2195 3330 eru-

1212 3352 1372 3418 ditionem
1394 3374 1507 3417 eorum
1529 3354 1585 3435 qui
1607 3351 1765 3416 credituri
1783 3359 1878 3416 erant
1911 3353 1944 3434 (l
1966 3352 2048 3414 nim.
2077 3356 2102 3428 l,
2130 3351 2193 3434 16).

1212 3439 1285 3504 Hoc
1308 3446 1419 3503 autem
1442 3438 1584 3521 intelligi
1607 3436 1712 3514 debet,
1735 3434 2013 3519 quemadmodum
2035 3434 2114 3499 alibi
2136 3457 2194 3500 ex-

1212 3525 1313 3608 ponit,
1337 3544 1455 3606 nempe
1478 3522 1658 3587 secundum
1680 3523 1883 3603 propositum
1905 3520 1979 3597 Dei,
2002 3541 2069 3584 non
2086 3520 2195 3585 homi·

1213 3610 1265 3674 nis
1295 3629 1394 3690 opera
1427 3609 1462 3688 (2
1490 3608 1573 3671 Tim.
1599 3608 1633 3683 1,
1660 3608 1705 3685 9).
1756 3606 1877 3670 Petrus
1911 3625 2039 3687 quoque
2072 3606 2194 3672 electos

1212 3694 1278 3757 Dei
1300 3692 1424 3759 salutet
1445 3693 1501 3774 qui
1523 3691 1718 3757 sanctificati
1739 3699 1819 3756 sunt
1840 3691 1934 3755 iuxta
1955 3690 2195 3774 praecognitioss

1213 3800 1290 3843 nem
1302 3786 1361 3843 etc.
1381 3777 1413 3860 (l
1430 3778 1502 3842 Pet.
1519 3782 1545 3855 l,
1566 3781 1609 3861 2).
1644 3775 1742 3856 Quod
1759 3784 1870 3840 autem
1888 3775 2020 3840 adducit
2036 3778 2195 3860 magister

1213 3865 1454 3947 Hieronymus,
1484 3863 1675 3945 priusquam
1699 3861 1924 3927 consideretur
1949 3862 2047 3926 homo
2070 3862 2194 3929 clectus

1214 3951 1322 4014 aDeo
1344 3956 1493 4031 oportere
1512 3947 1642 4030 abipso
1661 3947 1754 4030 diligi
1766 3958 1836 4025 ete,
1859 3948 2032 4031 excipiunt
2048 3949 2194 4013 ministri

1213 4035 1276 4100 hoc
1298 4056 1339 4099 ex
1357 4034 1545 4117 ignorantia
1566 4033 1665 4097 nimis
1687 4054 1797 4098 crassa
1819 4054 1962 4097 manare.
1999 4034 2108 4114 Atque
2131 4033 2193 4099 hoc

249 4153 277 4220 1)
299 4153 452 4220 Exemplar
470 4152 605 4207 ,un-m„
621 4153 662 4207 ,40
679 4153 772 4208 pam,
790 4153 877 4207 Deum
889 4167 923 4205 ex
937 4151 1089 4208 hominibus
1103 4153 1157 4207 ele,
1212 4119 1309 4185 medo
1331 4120 1479 4184 subverti
1496 4118 1573 4183 fidei
1591 4119 1790 4183 christianae
1807 4118 2030 4182 fundamenta.
2060 4120 2194 4183 Diserte

184 4225 255 4290 gissa
274 4237 321 4276 eos
340 4223 385 4289 qui
404 4221 454 4275 sibi
472 4222 641 4291 placuerunt,
659 4222 712 4276 hoc
730 4228 773 4276 est
790 4220 949 4275 coniunctos
968 4221 1075 4275 Christo
1093 4222 1157 4275 Iesu
1213 4207 1302 4270 enim
1323 4206 1483 4287 scriptura
1509 4205 1719 4285 pronunciat,
1748 4225 1808 4268 nos
1830 4205 1922 4286 prius
1949 4203 2050 4267 filisse
2078 4202 2193 4267 aDeo

180 4299 258 4345 extra
275 4307 355 4358 (1⁰⁰¹ss
377 4305 456 4343 nemo
475 4291 533 4344 1³²0
557 4298 649 4359 gratus
674 4300 716 4344 ‘Si
732 4330 739 4343 ·
758 4331 764 4343 ·
783 4329 815 4344 ··
838 4305 889 4342 ¹¹⁹⁰
912 4290 1023 4344 eosdem
1042 4291 1157 4359 elegisse
1214 4290 1350 4357 dilectos
1373 4311 1471 4372 quam
1493 4291 1603 4372 ipsum
1626 4289 1854 4365 dilexerimus,
1878 4297 1911 4352 et
1928 4289 2049 4353 scimus
2072 4288 2193 4354 electos

181 4365 294 4427 propter
317 4359 412 4412 merita
436 4374 505 4426 quae
529 4360 557 4412 in
581 4359 647 4427 ipsis
670 4358 885 4427 praecessissent
909 4365 1053 4425 antequam
1077 4360 1158 4413 electi
1212 4376 1279 4441 Dei
1306 4375 1475 4440 interdum
1497 4374 1612 4439 multis
1638 4376 1735 4438 annis
1762 4375 1797 4438 in
1825 4395 1935 4439 errore
1964 4375 2078 4456 vagari
2101 4383 2194 4439 ante-

181 4435 280 4492 essent,
299 4426 347 4480 sed
365 4433 469 4480 tantum
485 4433 599 4495 propter
617 4443 694 4481 suam
711 4427 856 4495 gratuitam
872 4425 1086 4480 beneficentiam.
1738 4461 1744 4472 .
2107 4461 2113 4472 .

249 4493 280 4560 2)
300 4495 482 4562 Exemplarna
499 4496 583 4549 Bern.
607 4500 633 4548 et
658 4494 723 4549 Tur.
747 4496 782 4548 ab
805 4493 970 4562 Hottiupero
992 4500 1018 4548 et
1041 4494 1157 4548 Simlero
1213 4482 1313 4544 quam
1337 4482 1392 4526 0⁰5
1420 4462 1514 4525 Deus
1540 4459 1582 4524 ad
1610 4481 1645 4524 ⁸⁰
1672 4460 1813 4543 ⁰⁰H¹gal
1865 4459 2031 4523 Fstiffli'm'
2059 4461 2194 4542 qffldem

180 4561 319 4631 descripta
342 4565 426 4617 alium
450 4569 553 4617 natum
574 4565 707 4630 praebent
728 4563 759 4616 iu
787 4564 1012 4630 responsionibus
1040 4562 1158 4617 Bolseei.
1212 4569 1280 4611 non
1299 4567 1398 4630 posse
1416 4547 1457 4611 ab
1476 4546 1609 4611 homine
1629 4543 1831 4628 apprehcndi
1853 4545 1941 4626 quod
1970 4565 1989 4607 a
2011 4544 2084 4609 Deo
2108 4546 2191 4611 elec·

183 4630 241 4700 Qui
256 4632 281 4685 b.
300 4634 317 4685 l.
335 4633 375 4685 ita
393 4631 529 4686 deacrrit:
555 4631 650 4685 Fidem
667 4649 721 4686 non
760 4631 858 4685 endere
877 4632 912 4685 ab
931 4632 1080 4700 electione,
1109 4632 1158 4686 sed
1211 4639 1266 4696 tus
1300 4634 1358 4711 sit,
1395 4632 1448 4696 vel
1482 4632 1522 4696 ab
1555 4633 1626 4713 ipso
1659 4639 1803 4707 ametur,
1834 4631 1898 4694 nisi
1932 4651 1990 4712 per
2022 4629 2122 4694 fidem
2155 4631 2191 4694 in

180 4706 308 4768 oportere
335 4716 385 4754 nos
412 4700 491 4753 simul
515 4696 687 4754 considerare
713 4649 794 4754 finiam
820 4708 849 4752 et
875 4700 1043 4754 electionem.
1088 4699 1157 4754 Nam
1212 4717 1392 4783 Christum⁴
1445 4717 1573 4781 Verum
1606 4716 1704 4779 simul
1736 4715 1864 4780 addunt
1901 4735 1962 4778 nos
1993 4716 2059 4778 jam
2093 4721 2192 4780 antea

177 4768 465 4904 iliiullluiilai
481 4769 757 4891 tstttttttt
776 4767 1158 4905 tttttttstttlt
1212 4804 1436 4887 apprehensos
1453 4824 1524 4868 esse
1544 4800 1663 4878 aaa,
1686 4801 1773 4865 siout
1788 4800 1929 4865 habetur
1942 4804 1970 4863 ³·
1989 4800 2030 4863 ad
2043 4799 2189 4882 Philipp·

180 4903 488 4973 ipsumaDeodiligi,
508 4906 741 4974 operaepretium
764 4912 807 4959 est
828 4905 904 4959 illum
926 4904 1061 5024 inspicere
1081 4907 1156 4959 cuius
1211 4908 1280 4971 cap.
1304 4890 1351 4971 (v.
1379 4890 1441 4970 12).
1487 4887 1551 4952 Cui
1580 4888 1762 4951 sententiae
1790 4887 1895 4950 altera
1923 4882 2069 4949 eiusdem
2091 4884 2191 4948 Pauli

178 4974 267 5040 pana
289 4988 307 5025 ⁸
330 4973 389 5027 1³00
407 4973 554 5042 diligimur,
580 4974 606 5026 h.
630 4990 653 5027 e.
675 4973 808 5026 chuerum
833 4973 931 5028 Iesum.
986 4980 1068 5041 taque
1087 4972 1157 5041 Dea
1209 4973 1401 5056 respondet,
1435 4972 1546 5037 Deum
1574 4991 1693 5036 vocare
1720 4991 1803 5053 quae
1829 4992 1895 5035 non
1924 4978 2005 5034 sunt
2031 4977 2191 5051 tanquam

178 5039 349 5163 {gufflbqffim
368 5081 503 5095 ······
522 5040 618 5096 (kilde
637 5040 814 5122 dilectisimi
832 5042 1063 5121 ⁶¹8⁸.h⁰¹¹¹i¹¹⁹¹¹²2
1085 5057 1155 5109 ΨΘ
1209 5060 1276 5123 sint
1298 5060 1408 5145 (Rom.
1432 5065 1462 5137 4,
1489 5059 1552 5139 17).
1588 5058 1697 5139 Atque
1721 5058 1835 5121 ecdem
1858 5063 1984 5138 spectat
2006 5052 2091 5135 quod
2110 5056 2190 5120 sub·

332 5125 388 5189 em,
410 5119 550 5178 postremo
573 5110 671 5164 electro
695 5109 810 5163 hominis
834 5109 935 5178 fidelis,
958 5124 1028 5176 quae
1047 5118 1089 5164 est
1106 5125 1157 5178 per
1211 5144 1217 5159 .

177 5175 258 5230 fldem
275 5178 304 5231 in
322 5177 466 5232 Chnstum.
493 5179 530 5232 Et
552 5179 615 5232 huic
632 5178 770 5232 doctrinae
794 5179 967 5232 consentiunt
990 5179 1093 5246 antiqui
1119 5193 1154 5232 es.
1208 5145 1279 5209 lissit
1309 5143 1494 5244 i¹‚1‚ead⁰m
1523 5141 1662 5226 ePilii⁰la
1690 5143 1742 5224 (5,
1776 5142 1844 5222 10):
1888 5142 2012 5239 Deum
2031 5160 2092 5204 ¹¹⁰⁸
2125 5139 2188 5206 Sibi

177 5251 272 5312 patres
290 5252 319 5299 et
336 5249 437 5301 noeais
454 5247 622 5316 tenporibus
639 5255 697 5301 tres
713 5246 787 5302 docti
805 5247 855 5300 viri
873 5246 910 5299 M.
928 5246 959 5299 Β.
977 5245 1011 5299 Β.
1030 5253 1059 5300 et
1075 5246 1129 5299 clii.
1209 5230 1438 5297 reconcrhasse
1470 5249 1534 5312 quc
1571 5234 1720 5310 tempore
1750 5224 1857 5290 adhuc
1889 5245 2016 5290 mrmlor
2046 5246 2191 5293 eramus.

284 5329 396 5385 cumas·
410 5346 501 5400 aaa.
542 5331 599 5387 vu.
623 5329 711 5388 vui.
1948 5326 1984 5382 14
