4762 5918
300 1534 593 1635 rennues
621 1532 966 1643 emamus,
994 1532 1162 1633 vino
1189 1532 1439 1634 Munus
1464 1536 1758 1636 neamus
1784 1536 2049 1646 nunno,
2130 1583 2132 1586 ψ

228 1676 230 1681 “
716 1668 1676 1809 Lanunuuouoeuannms

321 1875 440 1958 Quum¹
452 1874 513 1941 tibi
534 1872 650 1965 multis
671 1872 862 1938 nominibus
885 1872 1030 1956 aliquam
1051 1872 1202 1938 laborum
1214 1891 1365 1939 meorum
1376 1880 1508 1957 partem
1522 1875 1633 1941 animo
1654 1874 1880 1956 destinassem,
1901 1875 1964 1943 hoo
1986 1828 2184 1961 opusculum

165 2010 249 2075 prae
270 1988 342 2054 eliis
368 1984 557 2072 eligendum
584 1984 713 2065 censui,
737 1983 824 2067 qnod
846 1983 888 2050 ad
909 1982 1093 2050 faciendam
1120 1985 1205 2063 eius,
1233 2004 1332 2067 qnam
1355 1983 1515 2064 continet,
1544 1983 1710 2052 doctrinae
1724 1986 1846 2067 iidem,
1874 1988 2065 2072 exemplum
2087 1975 2196 2056 tuum¹

167 2121 237 2167 non
258 2118 378 2182 parrae
406 2095 663 2163 confirmationis
692 2095 764 2161 rios
791 2115 864 2161 esse
891 2101 1010 2179 potest.
1056 2095 1143 2161 Nam
1171 2116 1213 2161 ex
1235 2116 1315 2179 quo,
1340 2095 1455 2162 relicta
1476 2098 1598 2180 patria,
1618 2096 1693 2169 ,huc
1716 2095 1758 2161 ad
1780 2119 1840 2163 nos
1860 2098 2067 2166 voluntarius
2088 2101 2184 2167 exsul
2308 2105 2309 2109 ’

165 2211 326 2296 migrasti,
344 2216 424 2293 quot
445 2215 480 2274 et
501 2227 599 2292 quam
621 2206 776 2273 violentis
798 2203 944 2272 saunas
966 2205 1129 2273 machinis
1151 2206 1252 2273 fueris
1273 2207 1451 2290 impetitus,
1474 2227 1534 2274 nos
1556 2206 1689 2290 quidem
1706 2187 1771 2274 duo
1791 2208 1908 2291 optimi
1929 2230 2043 2277 sumus
2066 2217 2187 2289 testes:

167 2322 227 2391 sed
248 2321 306 2387 alii
326 2340 455 2405 quoque
476 2338 544 2411 non
571 2319 735 2404 ignorant.
781 2317 874 2383 Mors
896 2317 1016 2401 patris,
1045 2325 1162 2400 quarto
1183 2323 1260 2402 post
1280 2316 1460 2384 dissessum
1488 2326 1583 2384 tuum
1610 2316 1740 2399 mense,
1769 2320 1925 2385 nunciata
1953 2327 2013 2386 est.
2056 2323 2186 2389 Venire

79 2460 80 2463 ¹
165 2434 229 2500 tibi
249 2434 286 2498 in
306 2439 453 2524 mentem
476 2450 607 2497 neeesse
629 2426 811 2513 fuit,quod
833 2429 985 2495 malevoli
1004 2448 1070 2494 non
1093 2423 1391 2510 tacebant,'morti's
1404 2449 1539 2495 oausam
1561 2428 1666 2496 dolori
1686 2451 1782 2513 posse
1794 2431 1922 2512 ascribi,
1945 2437 1985 2496 ut
2005 2413 2076 2498 tota
2097 2434 2186 2521 inri-

167 2544 224 2610 die
245 2545 280 2617 iu
302 2550 336 2609 te
358 2541 566 2626 redundaret.
612 2539 795 2623 Sequutum
820 2547 873 2605 est
892 2540 989 2634 paulo
1011 2545 1086 2622 post
1098 2538 1123 2624 ¹)
1147 2539 1394 2607 acerbissimum
1416 2539 1553 2621 vulnus,
1582 2540 1668 2625 quod
1690 2562 1776 2607 uxor
1798 2542 1868 2620 tibi,
1890 2543 2020 2626 qualem
2039 2544 2185 2629 optimus

165 2657 305 2740 quisque
328 2636 378 2721 vir
400 2660 538 2737 optaret,
561 2653 596 2717 in
618 2650 726 2717 medio
748 2652 868 2717 aetatis
888 2653 969 2716 flore
992 2641 1105 2735 erepte
1127 2659 1185 2717 est.
1229 2652 1295 2719 Hic
1317 2670 1444 2736 quoque
1460 2651 1546 2725 ,fieri
1574 2651 1670 2717 aliter
1697 2658 1765 2718 non
1787 2654 1908 2735 potuit,
1937 2655 2017 2737 quin
2037 2662 2184 2721 mentem
2263 2632 2266 2639 ¹
2296 2691 2298 2693 ·

165 2767 312 2833 hominis
333 2787 401 2859 non
423 2763 547 2848 stupidi
568 2762 786 2847 percellerent
807 2762 920 2828 variae
941 2763 1147 2829 tentationes.
1180 2763 1253 2828 Iam
1275 2758 1411 2829 auribus
1429 2763 1494 2828 tuis
1516 2763 1716 2830 insonabant
1736 2764 1961 2848 improborum
1982 2765 2185 2833 calumniae:

166 2879 269 2945 fuisse
288 2877 441 2943 infaustis
463 2875 628 2942 ominibus
646 2896 666 2941 e
686 2875 790 2940 natali
817 2875 886 2940 solo
915 2880 1115 2954 subactam,
1129 2956 1131 2959 ,
1144 2881 1182 2940 ut
1209 2875 1368 2941 miserum
1396 2874 1553 2958 spiritum
1581 2876 1617 2940 in
1639 2875 1745 2942 alieno
1773 2896 1874 2960 prope
1896 2875 1973 2943 orbe
1996 2875 2184 2961 deponeret.

165 2987 236 3056 Sed
263 2989 411 3054 animum
439 2993 535 3053 tuum
561 2986 696 3070 propius
722 2985 786 3051 hoc
813 2987 967 3072 urgebat:
1001 2985 1126 3070 aliquid
1156 2987 1326 3053 habituros
1353 2986 1488 3066 coloris,
1517 2987 1545 3052 si
1573 2987 1747 3053 consilium
1776 2985 1870 3053 tuum
1897 2989 1985 3054 tristi
2014 2995 2137 3056 eventu
2165 3012 2186 3055 a
2272 2993 2275 2997 '

124 3080 126 3084 ¹
166 3100 314 3167 Domino
335 3097 549 3165 meledictum
571 3101 642 3164 esse
664 3097 831 3167 iactarent.
866 3096 993 3163 Omitto
1014 3098 1208 3180 punctiones
1230 3098 1434 3178 innumeras,
1443 3099 1471 3181 ²)
1494 3119 1577 3182 quas
1598 3105 1631 3163 te
1652 3099 1743 3164 intus
1766 3100 1888 3166 sentire
1910 3120 1971 3183 par
1992 3102 2062 3167 fuit
2096 3094 2184 3168 Nam

167 3230 272 3295 quum
294 3231 397 3296 grave
419 3211 463 3275 sit
484 3210 611 3275 malum
632 3208 794 3276 viduitas:
824 3208 882 3274 tali
908 3209 1115 3276 vitae'socia
1143 3209 1283 3293 privari,
1310 3209 1386 3292 plus
1407 3230 1507 3292 quam
1528 3209 1668 3294 lugubre
1692 3210 1752 3275 tibi
1775 3210 1847 3275 fuit
1890 3189 2032 3277 Filiolae
2054 3234 2184 3297 quoquc

163 3330 331 3408 postremo
347 3323 397 3389 ad
417 3321 528 3389 luctus
555 3321 725 3387 cumulum
755 3321 854 3387 funus
878 3320 1023 3387 accessit.
1068 3321 1202 3387 Interea
1219 3341 1430 3404 quoscunque
1452 3321 1560 3404 potuit
1580 3322 1740 3405 impetus,
1769 3321 1902 3388 aliunde
1928 3322 2046 3389 effirdit
2068 3323 2182 3403 Satan,
2246 3402 2249 3405 ¹

167 3444 211 3497 ut
227 3436 371 3499 seudum
393 3433 460 3499 iam
481 3420 595 3516 pectus
616 3430 783 3497 obruendo
804 3432 988 3498 conficeret.
1032 3432 1193 3514 Denique,
1214 3433 1290 3514 plns
1312 3431 1372 3497 tibi
1393 3432 1620 3498 molestiarum
1641 3432 1730 3498 intra
1751 3440 1910 3499 semestre
1930 3432 2061 3516 te‘mpus
2084 3434 2183 3501 devo·

167 3543 310 3610 randum
331 3546 401 3624 fuit,
419 3564 517 3627 quam
540 3543 700 3622 nonnulli,
723 3562 863 3626 quorum
884 3541 1047 3610 celebrata
1065 3543 1129 3609 fuit
1145 3542 1248 3607 animi
1269 3541 1564 3634 magnitudo,'tota
1584 3528 1885 3626 vita'pertulerint'.
1920 3543 1986 3622 Illa
2007 3545 2071 3609 fuit
2088 3565 2184 3612 soan-
2218 3624 2222 3632 ι

167 3654 321 3747 dalorum
341 3654 460 3734 moles,
489 3653 550 3718 tibi
573 3653 717 3720 Satanae
745 3661 820 3719 astu
848 3656 883 3718 in
908 3640 996 3737 'ipsis‘
1019 3653 1117 3719 stadii
1148 3652 1334 3737 carceribus
1361 3654 1523 3745 opposita,
1551 3673 1635 3736 quae
1663 3663 1696 3719 te
1718 3653 1760 3720 ad
1783 3653 1923 3738 gradum
1945 3656 2183 3723 reflectendum
2311 3664 2314 3668 ’

68 3830 72 3835 ,
129 3755 147 3783 ⁵
166 3781 307 3851 cogeret.
339 3766 453 3850 Atqui,
475 3765 599 3831 invicta
621 3765 756 3848 spiritus
767 3767 831 3831 Dei
854 3766 978 3831 virtute
1000 3766 1114 3844 fretus,
1138 3748 1333 3830 documento
1346 3764 1419 3830 aliis
1433 3763 1697 3843 omnibusiuisti,
1720 3765 1935 3831 nullumasse
1951 3773 2023 3847 ,tam
2041 3757 2183 3836 arduuin
2210 3832 2214 3839 .

46 3895 52 3901 “
165 3877 364 3968 difficileque
386 3876 600 3955 obstaculum,
611 3878 639 3962 ⁸)
662 3875 749 3960 qnod
769 3868 837 3942 non
858 3874 973 3941 codem
995 3876 1132 3942 eluctari
1153 3875 1317 3959 praesidio
1339 3875 1445 3941 liceat
1478 3876 1526 3940 Et
1547 3876 1646 3941 simul
1658 3858 1815 3959 expertus
1836 3899 1882 3957 es,
1900 3877 2019 3961 quibus
2041 3900 2118 3946 suos
2141 3880 2183 3946 ad

164 3986 388 4055 resistendum
411 3988 512 4054 ermis
534 3989 699 4054 instruere
719 3987 823 4054 soleat
832 3987 1007 4067 Dominus,
1029 3987 1156 4071 quotics
1179 3985 1221 4051 ad
1242 4001 1408 4052 certamen
1431 3988 1519 4071 ipsos
1542 3993 1646 4052 vocat.
1679 3987 1828 4070 Memini,
1851 4009 1951 4072 quum
1973 3989 2033 4055 tibi
2053 3990 2183 4074 primus

165 4099 348 4168 indicarem
369 4107 498 4183 patrem
520 4120 592 4165 esse
613 4105 797 4179 mortuum,
826 4107 859 4164 et
882 4098 1070 4183 exemplum
1093 4096 1290 4164 adducerem
1311 4097 1477 4178 Abrahae,
1499 4101 1600 4180 quem
1617 4098 1721 4182 patris
1743 4092 1931 4164 carnificem
1952 4121 2069 4167 vocare
2090 4111 2183 4184 pote·

166 4220 246 4279 rant
267 4213 383 4278 aetatis
409 4232 487 4277 suae
509 4211 674 4290 homines,
703 4211 791 4294 quod
814 4211 925 4276 'Phara
954 4208 1050 4275 domo
1077 4210 1254 4276 abeuntem
1276 4217 1434 4292 sequutus
1462 4209 1498 4273 in
1525 4208 1633 4275 medio
1657 4209 1778 4275 itinere
1805 4210 1984 4290 deiecerat,
2015 4220 2047 4277 te
2069 4213 2184 4289 stabm

166 4326 333 4406 excipere:
357 4322 473 4403 Quum
495 4330 611 4388 testem
634 4322 712 4390 facti
735 4323 784 4388 tui
806 4329 840 4388 et
861 4321 1109 4406 approbatorem
1132 4309 1270 4386 haberes
1292 4319 1412 4397 Deum,
1441 4320 1618 4403 impiorum
1640 4320 1823 4386 calumnias
1844 4321 1931 4387 nihil
1951 4324 2090 4389 morari:
2115 4325 2184 4391 hoc

167 4434 279 4500 dolere
301 4434 422 4512 solum,
449 4433 536 4517 quod
558 4453 626 4497 non
648 4438 751 4516 pater,
781 4432 912 4498 additus
932 4433 992 4498 tibi
1013 4431 1223 4515 profectionis
1246 4451 1371 4510 comes,
1400 4430 1557 4496 Abrahae
1578 4438 1612 4496 tc
1633 4431 1776 4521 similem
1796 4433 1935 4500 fecisset
1981 4435 2029 4499 'Pe
2051 4434 2184 4519 quidem
2246 4483 2249 4488 -

173 4565 241 4609 non
261 4543 341 4611 adeo
361 4544 490 4609 lautum
512 4565 584 4611 esse
605 4565 642 4609 ac
661 4545 855 4626 superbum,
885 4553 922 4607 ut
943 4542 996 4609 vel
1018 4543 1173 4611 Abrahae
1196 4543 1303 4608 socius
1324 4563 1396 4608 essa
1418 4562 1601 4622 recusares,
1634 4543 1687 4607 vel
1712 4564 1783 4609 aem
1804 4531 2021 4628 ignominiam
2040 4547 2182 4632 fugeres,
2261 4590 2265 4595 ,.

170 4675 271 4738 qnam
280 4656 372 4722 Deus
391 4677 521 4726 summa
541 4652 640 4720 laude
662 4655 878 4739 prosequitur.
912 4653 1089 4720 Caeterum
1111 4674 1196 4719 uxor
1216 4654 1289 4736 ipsa
1308 4653 1401 4736 prius
1422 4652 1531 4719 obitus
1552 4655 1603 4720 sni
1623 4653 1759 4734 luctum,
1783 4677 1883 4737 quam
1893 4677 1954 4721 nos
1971 4657 2184 4740 relinqueret,

168 4766 308 4832 mirifice
329 4767 454 4832 levavit
475 4786 513 4833 ac
535 4762 708 4850 mitigavit
752 4765 854 4832 Nulla
876 4765 965 4831 enim
993 4764 1156 4832 medicina
1182 4764 1362 4831 desiderari
1389 4766 1496 4848 aptior
1523 4765 1645 4849 potuit,
1674 4785 1774 4847 quam
1798 4767 1950 4833 heroicae
1979 4766 2055 4831 illae
2075 4787 2184 4848 voees,
2225 4775 2227 4780 '

167 4897 252 4961 quas
272 4877 360 4943 inter
380 4877 513 4955 ultimos
535 4878 671 4960 spiritus
693 4876 824 4943 edebat:
850 4898 954 4960 quum
975 4877 1183 4960 apprehensa
1204 4898 1306 4941 manu
1327 4898 1402 4942 mea
1423 4876 1546 4961 gratias
1567 4875 1641 4959 Deo
1664 4884 1785 4961 ageret,
1811 4879 1905 4942 ouius
1927 4895 2028 4940 manu
2050 4876 2086 4940 in
2106 4898 2186 4945 eum

168 4974 281 5053 locum
313 4995 400 5054 esset
427 4987 582 5067 adducta,
617 4987 673 5053 ubi
702 4987 881 5072 tranquillo
906 4989 1016 5054 animo
1043 4987 1158 5054 liceret
1190 4987 1289 5052 mori:
1323 5000 1425 5071 quum
1453 4987 1630 5071 superioris
1659 4988 1745 5054 vitae
1778 4996 1901 5054 sortem
1929 4985 2039 5051 animo
2072 4987 2186 5073 deplo-

328 5228 358 5295 1)
376 5244 412 5284 au
429 5229 497 5286 bout
514 5228 547 5283 de
565 5228 637 5285 deux
655 5229 738 5285 mois-
888 5227 918 5293 2)
938 5231 1079 5284 secrettes.
1234 5226 1263 5292 3)
1284 5226 1476 5283 destourbiera.

1944 5311 2013 5365 1‘·
