4702 5926
122 272 191 380 161
878 304 1141 374 1116616116
1163 303 1375 372 saevam.
2069 311 2132 371 166

121 502 268 566 66161616
289 501 532 566 vetustissimus
554 499 632 575 fnit,
657 497 867 564 subscribunt
884 496 953 562 eius
975 496 1097 579 elogiis.
1151 493 1256 558 116166
1277 492 1444 576 insignem
1466 493 1551 560 hanc
1574 493 1783 576 prophetiam
1804 500 1873 558 tam
1891 495 2042 577 nequiter
2060 517 2130 560 cor·

120 587 233 669 Quare
253 607 355 669 penes
387 607 462 650 eum
490 584 599 668 praeci
622 604 665 648 ua
694 584 758 648 erit
786 583 896 665 culpa,
930 581 1100 664 6616166-
1153 577 1289 661 ruperit,
1312 600 1380 642 non
1402 579 1535 644 aliunde
1557 600 1629 644 esse
1650 580 1782 656 factum,
1804 580 1869 644 nisi
1887 582 1962 663 quia
1974 601 2129 646 vesanam

120 672 233 738 tiendo
253 682 401 755 posteros
422 667 545 735 fefellit.
614 670 688 734 nius
709 669 799 733 enirn
821 677 872 734 est
894 665 994 731 illud:
1018 668 1098 731 Ter·
1153 673 1188 728 et
1216 662 1368 727 furialem
1401 685 1443 728 ex
1476 665 1552 730 fidei
1583 665 1720 729 interitu
1752 665 1953 748 voluptatem
1987 667 2129 748 capiens,

119 779 192 822 ram
212 759 313 822 fluere
334 757 418 821 lacte
445 764 480 819 61
501 754 621 820 melle?
636 757 660 830 1)
705 752 821 819 Adieci
843 760 1027 836 praeterea,
1050 752 1100 816 in·
1152 749 1259 813 omnis
1282 748 1498 814 verecundiae
1524 750 1657 827 oblitus,
1687 771 1852 815 summum
1876 748 2016 816 dedecus
2036 752 2072 815 in
2095 772 2130 816 se

120 841 325 908 considerate
347 863 388 907 ex
411 841 576 925 praesenti
600 849 708 905 terrae
726 847 816 904 statu
834 840 905 904 11611
924 837 1097 904 iudicium:
1152 834 1319 917 suscipere
1351 834 1526 913 maluerat,
1561 856 1659 917 quam
1692 856 1758 899 non
1793 837 1904 900 omnia
1931 846 2128 918 pervertere.

121 930 198 1012 quia
219 928 377 992 memoria
397 925 576 991 tenendum
599 926 642 990 611
663 924 819 989 horribile
844 922 1000 990 iudicium
1023 921 1096 999 Dei,
1153 918 1281 985 Omitto
1309 919 1395 1002 quod
1423 941 1524 1002 quum
1545 919 1672 986 Nicolai
1694 920 1821 1003 Lyrani
1856 921 2051 1004 suffragium
2073 923 2130 986 ob-

120 1013 208 1097 quod
241 1012 318 1078 olim
344 1014 490 1076 minatus
516 1013 623 1075 fuerat
649 1011 858 1093 peculiariter
885 1006 1031 1085 Iudaeis,
1065 1016 1099 1072 et
1152 1005 1316 1084 tenderet,
1355 1005 1512 1086 producto
1545 1005 1628 1071 libro
1667 1005 1828 1071 mendacii
1861 1009 2030 1072 convictus
2064 1029 2130 1072 non

120 1099 207 1183 quod
236 1101 270 1163 in
295 1119 415 1183 genere
443 1097 638 1162 describitur
660 1095 747 1162 Psal.
774 1099 850 1173 107,
877 1097 988 1160 Deum
1017 1114 1097 1171 6666,
1153 1091 1291 1156 erubuit.
1337 1090 1419 1154 Fuit
1451 1092 1540 1155 enim
1572 1091 1635 1156 hoc
1668 1090 1717 1154 illi
1751 1091 1902 1157 solenne:
1943 1095 2128 1175 scriptores,

120 1185 177 1267 qui
198 1183 365 1250 foecundis
382 1184 564 1265 opimisque
581 1182 779 1265 regionibus,
803 1181 896 1263 qnasi
915 1180 983 1245 eale
1000 1179 1098 1244 semi·
1152 1197 1291 1258 quorum
1329 1196 1496 1258 nunquam
1530 1175 1632 1241 libros
1671 1177 1875 1259 inspexerat,
1916 1177 2135 1244 audacissime

121 1280 215 1347 nato,
256 1267 297 1332 ob
337 1269 510 1333 hominum
547 1275 681 1349 peecata
720 1266 927 1332 sterilitatem
961 1264 1096 1329 inducit.
1152 1262 1262 1327 citare.
1309 1265 1381 1340 [pag.
1406 1265 1460 1339 61]
1481 1261 1586 1327 Cuius
1607 1263 1655 1326 rei
1677 1261 1820 1327 iocosum
1843 1273 1877 1326 61
1897 1264 1967 1328 1166
1991 1264 2130 1347 dignum

120 1353 277 1419 Iudaeam
306 1355 416 1436 itaque
449 1352 547 1417 hodie
577 1352 671 1417 nobis
704 1351 834 1416 illustre
866 1372 938 1418 esse
967 1349 1098 1414 divinae
1151 1347 1315 1429 specimen
1338 1347 1371 1409 in
1394 1347 1522 1410 Iustino
1544 1347 1695 1430 Martyre
1718 1347 1904 1412 exhibitum
1926 1349 1996 1412 1611.
2042 1349 2129 1413 Nam

119 1438 360 1504 maledictionis
382 1438 560 1521 speculum.
605 1438 723 1503 Dicam
752 1436 838 1518 quod
864 1435 967 1511 rideri
990 1441 1099 1518 posset
1151 1432 1228 1514 quia
1250 1432 1423 1514 magnifice
1445 1432 1596 1510 iactabat,
1621 1453 1719 1497 aureo
1743 1434 1813 1496 eius
1832 1433 1962 1498 saeculo
1980 1434 2130 1516 incogni-

119 1524 320 1603 incredibile,
344 1525 408 1590 nisi
430 1524 633 1590 clarissimus
646 1521 790 1587 Senatus
808 1521 1004 1587 noster'una
1022 1541 1097 1585 oum
1150 1525 1201 1582 tas
1221 1518 1323 1582 fuisse
1352 1515 1391 1581 de
1415 1516 1564 1581 trinitate
1586 1526 1619 1581 et
1641 1519 1788 1599 personis
1811 1517 1954 1594 fabulas,
1984 1518 2129 1584 codicem

119 1609 234 1674 multis
261 1611 418 1693 gravibus
446 1610 526 1674 viris
547 1608 691 1691 locuples
721 1615 807 1672 esset
828 1608 936 1672 testis:
967 1605 1022 1670 ubi
1050 1606 1099 1669 ita
1150 1604 1263 1667 statim
1286 1602 1397 1667 afferri
1418 1603 1507 1680 iussi,
1529 1614 1563 1667 et
1581 1600 1683 1686 digito
1705 1605 1889 1668 monstravi
1909 1612 2014 1668 certos
2031 1604 2129 1681 locos,

120 1695 270 1760 convicta
303 1695 477 1760 tenebatur
498 1695 664 1775 impietas,
698 1691 876 1757 obscoenus
905 1693 996 1758 oanis
1023 1698 1097 1754 tan-
1150 1689 1185 1752 in
1218 1688 1337 1770 quibus
1376 1696 1509 1752 sanctus
1550 1689 1601 1752 vir
1640 1708 1708 1751 non
1741 1689 1851 1752 minus
1885 1695 1996 1770 aperte
2030 1688 2131 1754 fidem

121 1791 191 1844 tum
212 1802 248 1844 os
269 1780 491 1863 perfricuit,²)
525 1786 558 1843 61
579 1777 663 1842 dixit
690 1800 755 1843 uno
777 1778 891 1856 verbo,
921 1775 1006 1841 nihil
1026 1796 1097 1840 esse
1150 1781 1298 1837 nostram
1320 1773 1494 1851 asserebat,
1518 1794 1616 1854 quam
1634 1773 1664 1837 si
1682 1781 1800 1856 rogatu
1814 1774 2129 1856 nostrosoripsisset.

120 1865 188 1930 illio
210 1865 297 1929 mali.
342 1866 388 1928 Et
409 1886 511 1947 quum
534 1863 627 1928 nulla
657 1863 705 1927 illi
732 1864 772 1927 in
798 1869 942 1928 mentem
972 1862 1098 1926 veniret
1151 1857 1255 1940 Atqui
1268 1863 1291 1936 ¹)
1325 1878 1480 1941 graecum
1520 1878 1705 1922 sermonem
1746 1858 1849 1922 nihilo
1883 1859 1988 1942 magis
2021 1859 2130 1941 legare

120 1951 230 2014 fucata
262 1951 444 2028 excusatio,
486 1949 584 2016 nulla.
616 1953 728 2014 tamen
761 1950 905 2032 ingenua
940 1947 1097 2013 confessio
1150 1963 1250 2091 66616
1278 1964 1359 2025 6661
1387 1943 1632 2040 alphabetarius
1660 1943 1774 2024 potuit.
1821 1945 1906 2040 Turn
1934 1965 1970 2008 se
1988 1945 2130 2026 turpiter

121 2035 262 2117 exprimi
284 2035 398 2118 potuit.
1173 2028 1391 2111 eprehensum
1419 2025 1550 2105 1111666,
1585 2026 1791 2092 stomachose
1823 2028 1960 2093 latrnam
1987 2029 2128 2093 transla-

207 2119 364 2203 Lugduni
375 2123 402 2197 Β)
446 2141 546 2202 quum
590 2121 691 2184 sacris
734 2117 853 2183 Bibliis
896 2114 1097 2199 corrigendis
1149 2114 1273 2177 tionem
1305 2113 1368 2178 sibi
1401 2112 1472 2176 dari
1500 2113 1601 2194 petiit.
1648 2110 1736 2198 Quid
1769 2112 1831 2177 hoo
1865 2115 1912 2176 rei
1943 2113 2013 2178 est?
2049 2111 2126 2177 dixi.

122 2226 220 2287 opera
241 2207 311 2270 eius
339 2205 500 2271 conducta
525 2206 622 2283 foret,
655 2213 830 2287 postquam
851 2202 1097 2287 typographum
1149 2196 1261 2278 Quum
1288 2197 1380 2261 nulla
1406 2205 1513 2264 exstet
1540 2196 1642 2262 latina
1664 2196 1849 2276 translatio,
1877 2218 1993 2281 graece
2015 2198 2125 2282 legere

121 2291 310 2374 quingentis
332 2290 424 2355 libris
446 2291 596 2354 francicis
618 2290 777 2363 emunxit,
799 2309 841 2353 ne
860 2289 1005 2351 furatum
1025 2307 1096 2351 esse
1148 2284 1289 2360 nescias,
1324 2292 1435 2347 tamen
1468 2284 1503 2346 in
1529 2283 1650 2347 Iustini
1682 2282 1821 2347 lectione
1853 2283 2060 2349 familiariter
2096 2293 2129 2350 16

119 2377 192 2457 6616
215 2373 338 2440 (1166161
361 2380 434 2454 [pag.
458 2381 510 2453 66]
535 2374 621 2458 quod
644 2373 805 2440 mercedis
827 2374 961 2436 nomine
984 2391 1095 2453 611166-
1148 2375 1318 2433 versatum
1345 2389 1417 2433 esse
1442 2368 1550 2451 fingis.
1595 2367 1692 2434 Unde
1724 2368 1827 2450 igitur
1862 2369 1921 2434 tibi
1951 2369 2009 2433 illa
2034 2370 2126 2435 testi·

119 2470 216 2537 serat,
235 2460 381 2542 singulas
398 2462 536 2544 paginas
553 2461 674 2542 partim
692 2458 805 2523 multis
822 2457 971 2522 futilibus
988 2457 1095 2539 nugis,
1148 2455 1272 2529 monia,
1306 2452 1424 2536 quibus
1446 2452 1586 2518 citandis
1618 2451 1698 2518 adeo
1725 2452 1905 2518 liberaliter
1931 2453 1990 2518 tibi
2019 2453 2127 2519 indul·
2241 2515 2243 2517 ,

119 2546 243 2628 6611116
273 2546 384 2629 impiis
423 2546 547 2610 deliriis
585 2544 780 2627 inquinavit.
836 2541 924 2623 Quia
956 2542 1096 2624 singulis
1148 2538 1266 2622 ges?²)
1309 2538 1386 2614 Ille,
1417 2547 1452 2602 ut
1473 2537 1611 2614 solebat,
1639 2539 1746 2604 ferrea
1767 2540 1874 2603 fronte
1902 2539 1966 2604 alio
1989 2542 2127 2605 transsi-

120 2630 323 2695 excutiendis
351 2638 480 2712 tempus
509 2650 574 2693 non
596 2628 750 2694 dabatur:
780 2629 817 2693 in
846 2628 962 2711 primis
989 2628 1096 2691 obice-
1147 2623 1247 2701 11666,
1288 2623 1417 2688 nullum
1451 2623 1502 2688 vel
1543 2623 1700 2688 minimae
1732 2623 1950 2689 verecundiae
1992 2625 2129 2708 signum

120 2723 191 2779 tum
221 2725 272 2780 est
303 2725 402 2798 caput
434 2715 559 2780 Iesaiae
593 2714 679 2778 LIII
688 2715 717 2797 ⁴)
751 2714 845 2779 cuius
879 2713 1095 2796 perspicuitas
1148 2707 1245 2773 dedit.
1289 2708 1419 2774 Verum
1450 2718 1489 2773 ut
1519 2707 1673 2773 duritiem
1700 2708 1793 2774 illam
1826 2710 1990 2774 omittam:
2026 2731 2130 2792 quum

120 2821 221 2882 quum
234 2799 366 2865 Iudaeis
387 2798 569 2882 quamlibet
585 2799 830 2881 impudentibus
841 2819 957 2864 ansam
971 2797 1095 2862 calum·
1145 2794 1257 2875 palam
1274 2795 1383 2872 ficret,
1413 2794 1625 2877 praecipuum
1647 2793 1763 2859 salutis
1786 2803 1918 2859 nostrae
1941 2805 2056 2877 caput,
2087 2796 2127 2861 de

99 2885 233 2950 -niandi
255 2884 459 2970 praeciderit,
484 2885 537 2950 hic
559 2884 712 2950 falsarius
735 2906 833 2949 ausus
851 2894 901 2950 est
915 2881 957 2949 ad
968 2883 1095 2967 Cyrum
1146 2880 1286 2962 expiatis
1309 2878 1437 2944 Christi
1465 2888 1571 2945 morte
1592 2880 1764 2944 hominum
1786 2881 1943 2961 66666116,
1967 2879 2127 2947 diabolica

119 2979 281 3054 torquere.
326 2971 379 3034 Ita
401 2969 488 3053 quod
510 2969 550 3034 de
572 2971 668 3035 unico
690 2970 857 3048 sacrificio,
880 2978 1039 3052 partaque
1059 2969 1095 3032 in
1146 2966 1216 3030 eius
1248 2964 1363 3030 fraude
1396 2986 1437 3030 ex
1467 2965 1591 3030 Iesaiae
1623 2964 1707 3030 libro
1737 2986 1808 3030 esse
1842 2965 1999 3043 deletum,
2034 2966 2124 3031 nullo
2202 3004 2204 3007 ·

120 3077 157 3120 66
185 3057 371 3138 expiatione
398 3066 547 3132 aeterna,
577 3055 618 3119 de
645 3054 759 3119 mundi
785 3076 860 3120 oum
881 3056 953 3119 Deo
981 3073 1094 3119 16666-
1146 3051 1363 3133 666611661166
1387 3072 1485 3116 sensu
1508 3050 1615 3134 tangi,
1642 3050 1703 3116 hoc
1726 3048 1932 3134 prodigiosae
1954 3051 2126 3117 cuiusdam

120 3141 299 3219 eiliaticne,
329 3141 369 3205 de
396 3142 540 3224 gratuita
565 3141 643 3205 fidei
663 3141 790 3205 iustitia
818 3140 997 3205 clarissimo
1019 3160 1094 3222 pro·
1147 3136 1292 3201 malitiae
1314 3136 1446 3219 signum
1468 3143 1526 3201 661.
1572 3135 1641 3200 Ν66
1664 3156 1741 3200 1616
1770 3135 1883 3200 dubito
1905 3137 2001 3218 quin,
2031 3137 2124 3203 sicut'

118 3227 220 3309 pheta
241 3225 385 3304 disserit,
419 3228 485 3290 1166
514 3242 632 3291 sonora
659 3247 737 3291 1666
760 3226 940 3308 praedicat,
974 3224 1096 3289 delevit
1145 3222 1237 3298 mihi,
1261 3223 1307 3287 ita
1327 3222 1422 3286 bonis
1440 3222 1591 3308 omnibus
1613 3221 1750 3285 interior
1767 3230 1800 3285 61
1812 3219 1990 3286 (1611161616
2004 3220 2123 3304 diuque

119 3311 174 3376 hic
205 3311 350 3395 perfidus
383 3311 510 3376 nebulo.
561 3312 648 3375 Nam
680 3312 732 3376 his
761 3311 941 3394 prophetae
970 3308 1092 3375 verbis:
1146 3317 1300 3373 concocta
1320 3307 1474 3390 impietas
1494 3307 1530 3370 in
1552 3327 1590 3370 66
1613 3327 1648 3369 66
1670 3306 1823 3388 61616161,
1851 3303 1930 3368 (1616
1953 3326 2126 3371 61161616

119 3395 209 3460 Vere
236 3397 411 3479 languores
437 3406 566 3462 nostros
593 3397 663 3478 ipse
691 3397 782 3473 tulit,
813 3395 939 3461 dolores
966 3402 1094 3460 nostros
1145 3393 1294 3457 omnium
1316 3391 1621 3473 6661661666611661
1644 3392 1788 3474 gratuita
1809 3390 1963 3472 voluptas
1985 3391 2123 3473 capitur.

118 3481 189 3562 ipse
210 3484 361 3563 portavit,
386 3483 578 3548 vulneratus
600 3489 651 3545 est
672 3488 806 3563 propter
817 3480 1095 3564 transgressiones
1232 3476 1409 3542 Caeterum
1436 3497 1478 3540 ne
1501 3475 1586 3539 male
1612 3475 1721 3540 feriati
1747 3474 1925 3539 nebulones
1934 3475 1962 3557 Β)
1992 3477 2123 3542 vecordi

119 3572 266 3641 nostras,
295 3567 435 3632 afflictus
458 3575 817 3649 66161661616666616
838 3575 967 3643 nostra,
998 3565 1094 3631 casti·
1146 3561 1288 3626 hominis
1319 3562 1500 3644 pervicacia
1532 3560 1626 3641 quasi
1656 3561 1816 3642 martyrio
1848 3559 2046 3642 glorientur:
2088 3563 2124 3626 in

120 3650 209 3734 gatio
230 3650 320 3733 pacis
342 3663 472 3716 nostrae
494 3672 592 3734 super
614 3670 706 3728 eum,
735 3660 769 3714 et
796 3650 882 3715 livor
909 3651 978 3715 eius
1000 3650 1095 3714 nobis
1147 3648 1218 3711 cius
1242 3654 1347 3711 616116
1374 3645 1527 3729 66661611
1555 3645 1688 3710 beluina
1709 3645 1899 3728 stupiditas,
1930 3644 2018 3710 unde
2040 3645 2125 3709 iudi-

120 3736 183 3800 fuit
214 3736 355 3813 sanitas,
388 3747 609 3801 commentum
638 3733 777 3799 Servate
807 3735 944 3818 dignum
977 3735 1094 3800 assuit:
1147 3732 1234 3796 cium
1256 3733 1362 3796 facere
1384 3730 1507 3807 liceret,
1531 3729 1614 3794 nihil
1637 3751 1783 3813 unquam
1801 3730 1886 3794 serio
1907 3732 1943 3794 in
1965 3730 2125 3814 religione

119 3819 245 3886 Defleri
257 3819 384 3903 Cyrum
407 3823 463 3902 qui
486 3820 692 3904 exigentibus
715 3820 824 3903 populi
846 3820 987 3903 peccatis
1008 3839 1096 3883 mor·
1148 3819 1257 3898 ipsum
1275 3817 1388 3900 egisse.
1420 3817 1554 3898 Exque
1577 3835 1666 3879 mors
1689 3817 1719 3879 ei
1740 3816 1938 3881 denunciata
1959 3825 2018 3893 661,
2038 3839 2126 3883 6666

121 3914 200 3972 1666
229 3915 309 3971 6161.
354 3905 495 3972 Subiicit
522 3904 666 3988 quidem,
700 3905 871 3971 Christum
896 3904 1096 3980 adumbrari,
1150 3902 1289 3966 attonito
1312 3901 1427 3966 similis
1460 3901 1611 3978 haerere,
1647 3922 1734 3966 nunc
1762 3902 1830 3965 alta
1859 3901 2001 3983 suspiria
2023 3901 2129 3981 edere,

119 3993 155 4056 in
177 4013 279 4075 quem
294 3992 402 4057 solum
424 3992 553 4074 proprie
573 3990 653 4055 haec
675 3991 785 4054 omnia
807 3998 1005 4073 competunt.
1030 3988 1097 4054 Sed
1150 4007 1240 4051 nunc
1267 3988 1374 4052 instar
1401 3986 1599 4071 lymphatici
1626 3987 1759 4051 eiulare.
1770 3990 1798 4065 ⁴)
1849 3984 1947 4066 Quod
1977 3992 2050 4067 [pag.
2075 3993 2130 4067 62]

118 4077 252 4143 interim
284 4077 412 4142 nullam
440 4079 534 4143 nobis
567 4077 801 4159 propeccatis
831 4077 1096 4155 satisfactionem,
1150 4080 1352 4155 postremum
1374 4072 1509 4137 tandem
1530 4073 1576 4137 sio
1597 4071 1748 4150 invaluit,
1772 4079 1948 4137 uttantum
1961 4072 2132 4156 hispanico

119 4163 248 4228 nullum
275 4162 475 4247 propitiandi
496 4161 562 4226 Dei
591 4160 788 4240 remedium,
822 4161 948 4226 nullam
976 4181 1098 4245 purga-
1151 4179 1242 4223 more
1269 4159 1472 4239 reboaret:⁶)
1506 4157 1745 4235 Misericordia,
1780 4155 2015 4223 Misericordia.
2065 4157 2132 4223 Ubi

119 4249 242 4314 tionem
259 4249 421 4332 reliquam
438 4249 524 4314 facit
559 4247 686 4312 Verum
709 4244 801 4311 certe
819 4268 890 4312 esse
912 4247 999 4329 quod
1020 4255 1097 4311 tunc
1151 4243 1193 4308 ad
1213 4245 1321 4309 locum
1344 4243 1495 4326 supplicii
1506 4250 1643 4307 ventum
1656 4250 1715 4321 est,
1738 4242 1872 4307 hortatu
1890 4243 2006 4324 optimi
2019 4242 2131 4307 fratris

120 4333 170 4395 illi
191 4334 303 4412 obieci,
326 4335 408 4399 mihi
429 4356 541 4400 omnes
562 4330 750 4409 concedent,
774 4331 858 4414 quod
876 4332 968 4396 nullo
985 4338 1098 4397 autore
1151 4336 1420 4414 symmystaeque
1443 4329 1549 4393 nostri
1570 4328 1696 4393 Farelli
1718 4327 1852 4391 tandem
1882 4348 1979 4411 aegre
2001 4334 2131 4393 extorta

1152 4417 1181 4479 ei
1212 4435 1278 4479 161
1304 4415 1380 4494 1611,
1414 4421 1452 4478 61
1483 4411 1625 4497 populus
1658 4434 1849 4478 communes
1877 4433 1988 4478 secum
2016 4433 2131 4497 preces

1152 4501 1346 4583 conciperet.
1396 4501 1500 4566 Porro
1534 4519 1598 4582 qua
1631 4497 1666 4563 id
1698 4498 1898 4563 conscientia
1930 4499 1992 4564 sibi
2024 4499 2130 4566 facere

123 4503 326 4513 --·-——-·-

130 4597 131 4601 ’
192 4584 221 4652 1)
240 4584 313 4639 aad.
335 4572 427 4642 Onne
445 4597 511 4657 peut
528 4597 616 4646 certes
635 4606 699 4645 sans
717 4588 803 4656 grand
822 4594 934 4656 outrage
959 4585 1099 4640 (16661661

122 4652 161 4706 Es
181 4653 230 4723 rit,
253 4655 299 4721 qui
322 4669 339 4707 6
363 4655 509 4724 6661661
533 4658 560 4712 la
578 4658 683 4713 bonche
707 4657 741 4712 de
765 4656 876 4725 Moyse,
901 4654 1024 4709 aneantir
1045 4668 1099 4708 une

122 4726 150 4774 16
172 4719 328 4790 61666666.
1224 4719 1253 4784 1)
1272 4718 1309 4773 Or
1327 4727 1385 4774 cest
1408 4719 1497 4774 habile
1521 4720 1627 4773 homme
1645 4718 1680 4771 de
1698 4717 1793 4771 Servat
1817 4720 1862 4786 661
1886 4735 1915 4773 66
1934 4718 2062 4787 glorifioit
2079 4734 2130 4787 par

191 4787 221 4852 2)
239 4804 273 4843 66
292 4789 342 4843 1611
358 4805 411 4857 que
428 4793 537 4845 16161161
555 4808 605 4847 6611
618 4808 738 4847 1666666.
1152 4795 1213 4842 1661
1230 4786 1332 4842 d’avoir
1348 4789 1374 4842 le
1389 4787 1443 4842 don
1461 4786 1510 4842 des
1527 4786 1640 4855 langues
1657 4790 1705 4841 etc·

125 4925 130 4935 Ι
191 4855 221 4921 3)
239 4856 313 4910 aad.
341 4855 383 4910 On
406 4857 451 4926 luy
469 4860 516 4912 mit
539 4861 614 4914 aussi
636 4867 769 4914 enavant
791 4860 1012 4914 666611611661.
1047 4857 1100 4912 Car
1220 4855 1250 4921 2)
1270 4855 1344 4911 Aac.
1366 4855 1474 4911 Comme
1493 4856 1516 4909 si
1533 4862 1563 4909 16
1581 4855 1656 4909 61616
1674 4852 1809 4909 l’autheur
1827 4870 1860 4908 en
1878 4861 1907 4908 16
1924 4854 2044 4907 manche.

122 4923 143 4978 11
164 4942 181 4994 y
203 4941 220 4979 a
242 4925 359 5017 6661166
377 4924 464 5005 (16616
488 4927 629 4981 66116116
652 4945 701 4982 ans
737 4944 771 4981 66
796 4928 842 4997 luy
866 4934 956 5009 estant
979 4925 1099 5006 thyon,
1220 4923 1251 4988 3)
1272 4925 1313 4979 166
1336 4924 1463 4993 disciples
1485 4922 1518 4977 de
1541 4922 1637 4977 Servat
1660 4938 1695 4976 66
1721 4921 1769 4976 (166
1792 4922 1940 4977 brouillons
1965 4920 2127 4976 semblables

122 4993 539 5142 hblrrrcsesllallidrelllsbllletullbnldg
555 5010 666 5116 Mdlgue
685 4994 718 5143 d·
736 5011 851 5143 'smne’
871 5002 986 5050 cemus
1004 4994 1099 5062 Imm·
1152 4993 1249 5126 llull.)
1267 5058 1340 5141 Add.
1364 5059 1446 5128 Brief,
1463 5059 1483 5112 il
1499 5059 1544 5128 n’y
1561 5059 1634 5113 croit
1651 5074 1706 5112 non
1723 5057 1784 5126 plus
1806 5056 1839 5112 de
1859 5063 2026 5112 6661666666
2045 5055 2126 5126 qu’cu

190 5128 221 5194 4)
243 5129 290 5183 Sec
311 5136 336 5184 61
362 5128 474 5183 Galus:
500 5137 642 5199 6111666616
666 5136 826 5185 1166166166.
863 5129 940 5186 Baro
963 5136 989 5185 61
1010 5128 1099 5185 Amat.
1151 5144 1188 5184 un
1202 5128 1388 5197 demonraque.

122 5198 192 5254 mole
209 5199 347 5254 6611116111
362 5197 405 5252 54.
869 5231 871 5235 >
1220 5195 1251 5263 b)
1269 5195 1343 5251 aad.
1360 5211 1393 5252 en
1411 5196 1540 5264 11666661
1557 5209 1587 5250 ss
1603 5194 1728 5264 poitrine.

203 5360 207 5367 .
230 5283 342 5340 Uolsini
355 5298 447 5354 opero.
488 5281 545 5338 Vol
571 5280 655 5336 VIII.
1099 5367 1102 5373 Ι
1891 5275 1926 5330 31
