4604 5896
83 294 148 358 609
270 250 272 256 ¹
843 285 1107 358 MIOHAELIS
1130 268 1348 357 SARVETL
2043 306 2112 373 610

84 480 125 546 de
147 477 249 563 vulgo
272 476 410 544 dixerat
433 477 543 543 Huius
565 480 637 541 tam
658 476 765 561 putidi
787 476 897 544 cavilli
915 484 1068 576 prompta
1121 482 1158 540 ut
1186 476 1296 559 figura
1328 477 1418 544 idem
1452 488 1607 549 osteum
1637 489 1713 564 [pag.
1732 491 1810 566 210]
1842 488 1993 573 figurata
2036 491 2108 561 Hj0

84 574 135 633 est
156 565 321 650 refutatio,
356 585 459 646 quum
484 563 616 629 illicne
638 564 769 629 eximiis
791 562 924 644 quidem
946 570 1068 629 etern-
1120 561 1296 627 attendant
1317 563 1379 629 filii
1399 563 1466 631 Dei
1492 588 1591 651 quam
1622 569 1802 638 honorifice
1829 579 1993 641 tractetur
2013 597 2106 644 sum-

84 652 211 738 gularis
243 650 465 733 praestantiae
492 649 573 715 viris
601 656 729 732 parcat:
761 650 827 713 imo
863 669 966 731 quum
998 669 1067 714 non
1119 668 1196 713 mus
1218 647 1373 715 ecclesiae
1394 660 1498 733 pater,
1533 653 1679 738 adeoque
1708 654 1776 721 dux
1805 667 1838 723 et
1866 661 2106 745 antesignanus

84 737 166 804 alios
187 743 368 812 enumeret,
401 734 466 801 nisi
495 736 550 817 qui
578 734 739 817 singulari
767 733 877 817 aliqua
906 733 981 798 dote
1008 754 1066 797 ex·
1119 730 1197 797 fidei
1235 743 1377 800 nostrae.
1457 737 1657 805 Conceditur
1695 742 1830 823 quidem
1873 745 1905 809 ei
1942 746 2106 829 quaedam

83 823 279 891 calluerunt
325 819 423 902 Quod
444 828 556 885 autem
578 841 668 886 nnnc
690 826 846 886 causatur
866 839 902 884 se
924 819 1067 902 prophe-
1119 816 1340 902 aenigmatica
1368 819 1493 888 (lhristi
1526 826 1623 891 visio:
1664 826 1723 892 sed
1755 828 1804 892 ita
1837 836 1875 893 ιιι
1907 830 1945 895 in
1977 833 2105 900 mundo

83 909 128 975 tis
158 907 235 992 plus
257 906 386 972 dedisse
416 926 516 988 quam
539 905 670 989 vulgari
701 905 833 988 populo:
866 902 903 968 id
934 904 1068 986 quidem
1119 903 1321 983 subsisteret,
1358 927 1397 972 ac
1424 919 1615 991 exposceret
1636 913 1838 994 temporalia,
1875 923 1913 980 ut
1933 924 2105 985 terrenam

83 993 252 1061 interdum
273 992 316 1058 ab
337 1012 376 1056 eo
402 992 524 1057 factum
551 1012 623 1057 esse
650 1012 717 1056 non
738 990 872 1055 infitior.
915 989 1067 1070 Quantu-
1119 987 1360 1054 haereditatem
1395 1013 1456 1057 sua
1487 993 1552 1061 fide
1585 997 1857 1080 apprehenderet.
1917 1000 2007 1081 Quid
2040 1004 2103 1070 hoc

83 1080 154 1145 lum
182 1088 296 1144 tamen
325 1075 407 1142 illud
437 1077 488 1155 sit,
529 1083 564 1142 et
594 1097 694 1159 quam
726 1076 885 1155 ieiunum,
924 1074 1068 1141 breviter
1119 1072 1192 1138 est?
1226 1081 1296 1139 tota
1322 1075 1477 1143 Abrahae
1509 1082 1580 1146 vita
1613 1081 1743 1162 elamat,
1777 1105 1853 1149 eum
1884 1085 1921 1149 in
1953 1087 2104 1156 coelestis

84 1162 242 1231 monendi
268 1173 346 1229 sunt
369 1162 517 1228 lectores.
572 1161 724 1238 Iudaeos,
758 1161 875 1244 inquit,
907 1159 1014 1226 intelli
1038 1181 1066 1239 o,
1119 1159 1207 1224 vitae
1238 1160 1451 1228 meditatione
1484 1165 1653 1232 assiduum
1680 1190 1718 1234 ac
1747 1177 1853 1235 totum
1876 1171 1990 1237 misse:
2025 1195 2103 1240 eum

84 1251 229 1317 maxime
247 1249 368 1332 vulgus
383 1249 510 1332 ipsum:
527 1267 605 1312 nam
622 1248 801 1330 prophetas
818 1245 968 1312 stabilius
985 1182 1067 1311 fides
1119 1241 1279 1343 Servatus
1308 1247 1354 1312 sic
1386 1248 1422 1312 in
1454 1255 1577 1315 terram
1600 1252 1712 1319 deiicit
1732 1256 1828 1337 quasi
1854 1278 2026 1341 nunquam
2052 1259 2103 1326 illi

84 1336 166 1403 haee
187 1333 395 1401 iustificabat.
439 1331 556 1413 Qualis
590 1341 702 1397 autem
734 1331 839 1398 fides?
884 1330 973 1412 Quia
1004 1331 1066 1397 sub
1118 1330 1298 1411 spiritualis
1320 1334 1494 1414 promissio
1515 1335 1592 1402 data
1612 1338 1706 1403 foret
1740 1341 1791 1406 Ac
1812 1363 1855 1407 ne
1875 1342 2006 1427 longior
2028 1345 2102 1423 sim,

84 1422 202 1488 umbra
228 1420 380 1504 quadam,
413 1420 529 1503 inquit,
564 1417 678 1483 datum
711 1417 777 1482 illis
808 1417 872 1482 fuit
893 1417 1066 1483 Christum
1118 1414 1245 1480 (lhristi
1283 1418 1391 1500 gratia
1430 1423 1616 1504 regenitum
1654 1424 1756 1490 luisse
1795 1448 1837 1491 ne
1862 1436 1909 1492 ct:
1949 1428 2038 1512 quod
2073 1431 2103 1497 si

83 1507 207 1585 videre,
230 1514 264 1570 et
281 1505 322 1570 ad
342 1527 419 1571 eum
436 1505 601 1587 suspirare
619 1524 699 1586 prae
716 1523 817 1568 onere
835 1502 932 1587 legis:
951 1522 1066 1584 qnam·
1118 1520 1235 1565 verum
1257 1513 1316 1581 est,
1339 1524 1359 1567 a
1380 1525 1417 1569 re
1465 1508 1569 1572 oDei
1593 1506 1772 1575 abdicatur.
1852 1533 1948 1577 erum
1969 1515 2102 1597 quando

84 1593 135 1669 vis
156 1614 225 1658 non
245 1592 319 1657 ideo
341 1598 454 1656 essent
473 1612 494 1655 a
513 1589 597 1674 legis
617 1591 694 1673 iugo
716 1589 869 1671 exempti.
899 1586 968 1654 Sed
988 1586 1067 1669 quid
1118 1582 1272 1651 Christus
1299 1609 1368 1652 non
1429 1591 1459 1653 'a
1484 1591 1557 1675 lege
1586 1593 1699 1660 fideles
1726 1595 1871 1661 admittit
1896 1597 1932 1663 in
1958 1620 2103 1678 regnum

84 1700 160 1745 eum
177 1680 280 1756 iuvat,
299 1678 415 1742 hocin
433 1682 625 1741 transcursu
642 1673 744 1740 semel
762 1683 820 1739 aut
839 1674 887 1739 bis
905 1672 1065 1756 attigisse,
1117 1670 1291 1751 coelorum,
1331 1674 1396 1739 nisi
1430 1684 1468 1740 ut
1498 1698 1575 1742 cum
1601 1678 1782 1760 Abraham,
1815 1682 1910 1749 Isaeo
1942 1690 1977 1749 et
2002 1685 2103 1752 Iacob

83 1762 215 1848 quando
237 1785 279 1828 ex
301 1761 457 1845 professo,
485 1760 526 1826 de
547 1761 654 1826 veteri
682 1759 802 1843 populo
824 1759 997 1838 disserens,
1030 1758 1065 1821 in
1117 1755 1324 1823 recumbant:
1361 1759 1511 1826 videmus
1539 1773 1576 1827 ut
1598 1762 1756 1831 Servatus
1788 1766 1913 1834 abhoc
1935 1770 2102 1838 consortio

83 1871 189 1915 uuum
222 1869 336 1915 omnes
370 1846 563 1914 fasciculum
595 1844 788 1928 complicat?
844 1844 947 1910 Libro
976 1842 1066 1908 enim
1117 1840 1289 1908 discedens
1311 1844 1373 1909 sibi
1394 1845 1529 1912 ianuam
1556 1850 1723 1915 coelorum
1745 1853 1968 1934 praecluserit
2013 1856 2102 1922 Tan-

83 1935 137 2000 De
169 1934 252 2017 legis
279 1943 314 1998 et
345 1932 509 2016 evangelii
541 1930 744 2008 differentiis,
778 1929 919 1996 Iudaeos
952 1951 1065 1994 omnes
1117 1925 1191 1992 dem
1224 1930 1346 2012 pagina
1379 1933 1452 2010 326,
1488 1932 1610 2000 diserte
1638 1935 1795 2002 Abrahae
1821 1940 2023 2006 mentionem
2050 1944 2102 2008 fa·

83 2018 282 2120 pronunciat
299 2020 371 2084 Deo
392 2017 533 2084 servisse
555 2018 592 2081 in
610 2023 775 2085 vetustate
796 2016 921 2096 literae,
945 2022 978 2079 et
998 2035 1065 2079 nen
1116 2012 1348 2111 ciens‘ipsum
1367 2023 1401 2081 et
1422 2017 1494 2084 eius
1515 2028 1662 2103 posteros
1686 2022 1832 2104 appellat
1853 2025 1942 2090 viros
1964 2029 2100 2110 sangui-

83 2127 119 2170 m
142 2106 289 2171 novitate
310 2104 456 2187 spiritus.
500 2105 551 2169 Ac
571 2122 614 2166 ne
632 2103 705 2184 quis
722 2100 850 2167 dubitet
869 2102 931 2167 hoc
953 2108 1065 2183 patere
1117 2118 1178 2177 ms,
1201 2097 1367 2166 vmdictac
1386 2102 1512 2184 avidos,
1535 2106 1591 2188 qui
1614 2125 1674 2188 pro
1696 2106 1839 2174 inimicis
1861 2130 1929 2174 non
1951 2110 2098 2177 orabant

84 2189 127 2256 ad
157 2189 387 2256 selectissimos
417 2210 520 2272 usque
549 2188 737 2272 prophetas,
769 2188 817 2253 sic
849 2186 892 2251 ad
925 2184 1065 2252 verbum
1117 2184 1168 2247 Eo
1202 2191 1314 2251 tamen
1347 2207 1454 2270 usque
1489 2211 1556 2255 non
1583 2191 1711 2256 fueram
1738 2213 1934 2276 progressus
1961 2196 1998 2260 in
2026 2216 2101 2261 mea

83 2276 238 2360 loquitur,
261 2296 335 2359 pag.
363 2280 438 2340 115:
482 2274 663 2356 Nunquam
689 2273 809 2355 aliquis
835 2273 901 2336 fuit
926 2271 1064 2337 Iudaeo-
1117 2289 1270 2335 censura:
1307 2271 1365 2336 sed
1392 2281 1524 2340 tantum
1552 2274 1736 2342 obieceram
1759 2276 1907 2358 Serveto,
1941 2282 2013 2346 fieri
2046 2281 2101 2347 in·

35 2361 37 2366 ’
83 2382 159 2426 rum
192 2360 315 2428 electus
349 2367 408 2425 aut
439 2359 704 2443 praedestinatus
736 2378 776 2422 ea
808 2357 967 2424 electione
999 2378 1065 2439 qua
1116 2353 1237 2419 iuriam
1260 2357 1382 2423 sanctis
1403 2360 1561 2441 patribus,
1593 2382 1676 2445 quos
1698 2364 1817 2445 spiritu
1838 2367 2100 2448 regenerationis

83 2467 144 2513 nos
182 2445 442 2529 praedestinavit
468 2445 570 2524 Deus,
610 2451 648 2509 ut
685 2443 824 2509 liberam
856 2440 1064 2526 adoptionem
1116 2441 1315 2539 privaverat
1360 2443 1458 2510 Unde
1482 2455 1628 2529 apparet,
1663 2448 1791 2513 nullam
1823 2449 1976 2517 habuisse
2007 2473 2101 2518 vere-

82 2531 228 2598 filiorum
248 2532 478 2615 reciperemus.
523 2535 598 2610 [pag.
616 2534 693 2608 209]
721 2530 768 2594 Et
789 2529 901 2594 Moses
929 2536 963 2594 et
989 2548 1064 2611 pro-
1116 2524 1254 2591 cundiae
1275 2533 1414 2611 guttam,
1446 2532 1503 2613 qui
1530 2539 1600 2597 tam
1622 2543 1776 2617 proterve
1797 2536 2011 2602 conviojando
2034 2538 2099 2604 πὶ.

82 2618 203 2700 phetae
225 2618 285 2683 sub
307 2617 380 2701 lege
402 2626 507 2694 erant,
539 2637 607 2681 non
629 2613 691 2680 sub
713 2614 828 2699 gratie
857 2615 939 2698 legis
960 2614 1063 2680 servi-
1115 2631 1193 2675 men
1220 2632 1240 2676 a
1266 2634 1302 2678 se
1329 2611 1472 2696 depellit.
1535 2616 1727 2698 Caeterum,
1764 2631 1805 2685 ιιι
1837 2620 1878 2686 de
1909 2623 2101 2705 promiscua

83 2705 147 2768 tuti
169 2703 311 2769 obnoxii.
355 2704 537 2784 Postquam
558 2709 671 2767 autem
691 2700 901 2784 propheticas
917 2700 1063 2765 visiones
1115 2697 1213 2762 turba
1234 2697 1410 2781 loquutum
1436 2723 1508 2768 esse
1530 2701 1662 2782 demus,
1694 2705 1856 2787 quomodo
1889 2728 1925 2772 sc
1946 2708 2018 2774 Deo
2047 2709 2101 2772 in-

82 2788 258 2866 rccensuit,
280 2786 448 2854 concludit
468 2797 581 2852 tamen
603 2807 664 2852 nee
685 2785 838 2850 libertate
861 2806 940 2850 vera
960 2784 1063 2850 fuisse
1114 2781 1239 2847 iurium
1259 2783 1360 2850 fnisse
1381 2788 1524 2871 negabit,
1559 2789 1615 2871 qui
1642 2788 1805 2856 iustitiam
1826 2791 1910 2876 legis
1932 2794 2101 2859 carnalem

82 2873 229 2953 donatos,
248 2896 308 2940 nee
326 2894 439 2940 veram
457 2872 681 2938 adorationem
699 2871 787 2954 apud
804 2871 892 2954 ipsos
905 2870 1062 2955 viguisse.
1115 2875 1248 2933 tantum
1269 2870 1371 2936 fuisse
1398 2873 1504 2957 fingit,
1538 2893 1622 2957 quae
1650 2897 1711 2942 nec
1738 2876 1929 2960 paradisum
1956 2880 2102 2962 aperiret

81 2958 323 3042 Praeterquam
344 2958 431 3042 quod
459 2958 554 3025 facile
575 2956 781 3041 perspiciunt
801 2955 949 3034 lectores,
983 2953 1062 3021 Ser·
1115 2954 1263 3033 mortuis
1292 2977 1353 3022 nec
1379 2958 1415 3021 in
1437 2980 1578 3043 regnum
1600 2961 1765 3026 coelorum
1787 2961 1881 3029 vivos
1902 2962 2098 3033 induceret?

80 3052 194 3111 vetum
222 3065 418 3128 quocunque
456 3044 582 3109 ferebat
617 3044 771 3125 impetus,
808 3043 843 3106 in
882 3042 1063 3108 contrarias
1114 3037 1243 3123 Legem
1264 3041 1418 3108 universo
1444 3045 1566 3128 populo
1594 3045 1706 3113 datam
1734 3047 1835 3113 fuisse
1862 3049 1995 3130 scimus,
2027 3052 2100 3117 eius

81 3131 263 3196 sententias
291 3128 455 3214 dilapsum
482 3150 567 3209 esse,
602 3129 739 3193 minime
774 3128 912 3194 obscura
943 3135 994 3192 est
1025 3127 1063 3191 in
1114 3125 1215 3190 finem
1243 3133 1278 3190 et
1305 3129 1451 3194 animam
1471 3130 1646 3196 Obristum
1673 3132 1774 3199 fuisse
1795 3134 1923 3199 Paulus
1945 3143 2098 3202 testatur.

81 3223 214 3282 sanctos
235 3224 348 3298 patres
370 3214 576 3293 contumelia,
599 3235 698 3296 quam
719 3214 844 3278 frustra
861 3213 971 3279 cluere
988 3219 1063 3277 ten·
1115 3207 1287 3294 Obstrepit
1314 3221 1429 3280 contra
1456 3214 1627 3296 Servetus,
1661 3218 1792 3284 nullum
1822 3224 1896 3298 [pag.
1921 3226 1998 3300 211]
2031 3221 2099 3288 illis

82 3301 176 3367 tavit.
220 3300 369 3368 Tandem
390 3300 447 3365 nbi
469 3300 511 3366 ad
533 3299 712 3365 clausulam
731 3298 962 3382 disputationis
982 3319 1062 3364 ven·
1115 3296 1295 3378 spiritualis
1316 3300 1404 3365 vitae
1426 3299 1542 3367 datum
1564 3322 1636 3368 csse
1657 3311 1800 3387 gustum.
1845 3305 1901 3369 En
1923 3326 1982 3370 cnr
2004 3307 2098 3372 Deus

82 3393 155 3450 tum
176 3397 234 3465 est,
268 3388 391 3470 pagina
413 3390 485 3465 321,
517 3384 658 3451 Iudaeos
685 3392 786 3467 negat
806 3384 931 3468 pariter
952 3382 1062 3448 nobis·
1114 3381 1274 3464 populum
1300 3383 1396 3450 illum
1419 3387 1653 3471 segregaverit,
1687 3395 1726 3452 ut
1761 3407 1855 3453 sacer
1889 3410 1927 3454 ac
1963 3398 2099 3458 sanctus

82 3491 160 3537 oum
181 3471 340 3538 haeredes
362 3473 440 3551 fore,
474 3471 550 3554 quia
571 3469 711 3536 ancillae
732 3471 800 3536 sint
820 3469 889 3534 filii.
933 3467 1062 3534 Eadem
1114 3475 1214 3532 esset:
1249 3488 1292 3532 en
1324 3490 1384 3535 cur
1417 3478 1467 3536 tot
1497 3471 1677 3555 splendidis
1704 3472 1822 3557 elogiis
1848 3475 1959 3557 ipsum
1982 3475 2098 3560 digno·

81 3556 206 3639 pagina
241 3578 362 3624 novam
404 3556 659 3641 disputationem
701 3555 887 3634 exordiens,
933 3553 1062 3618 nullam
1114 3558 1178 3629 tur,
1211 3571 1250 3617 ac
1281 3557 1477 3637 praesertim
1508 3578 1569 3622 cur
1601 3557 1711 3642 regale
1741 3557 1960 3626 sacerdotium
1987 3563 2100 3645 ipsum

81 3643 187 3709 veteri
219 3643 340 3726 populo
365 3644 524 3708 iustitiam
558 3640 715 3719 concedit,
749 3642 813 3706 nisi
847 3638 1060 3704 mundanam.
1114 3636 1267 3720 appellet.
2072 3659 2074 3664 ·

80 3729 191 3809 Atque
212 3728 248 3792 in
267 3728 330 3794 hoc
352 3728 476 3807 ordine,
498 3747 567 3792 non
588 3725 684 3792 modo
705 3726 882 3809 prophetas
901 3723 1061 3806 complec-
1200 3723 1329 3790 Eadem
1345 3724 1381 3790 in
1398 3726 1775 3810 propositioncXXXII
1789 3738 1927 3817 apparet
1943 3731 2099 3817 ingenui-

80 3814 172 3893 titur,
208 3813 267 3879 scd
295 3815 492 3879 nominatim
523 3811 676 3895 producit
707 3813 744 3877 in
779 3811 941 3875 medium:
975 3809 1061 3892 quod
1114 3815 1180 3874 tas:
1194 3810 1220 3893 ¹)
1254 3808 1407 3877 adoratos
1435 3832 1456 3876 a
1482 3813 1604 3879 sanctis
1631 3814 1809 3898 scripserat
1829 3817 1930 3882 fuisse
1952 3820 2096 3902 angelos

79 3897 157 3965 licet
185 3900 321 3983 spiritus
354 3907 489 3965 sanctus
521 3919 581 3981 per
613 3918 669 3962 eos
707 3898 862 3980 loquutus
900 3895 953 3972 sit,
993 3895 1062 3960 suis
1114 3894 1196 3958 'Pam
1218 3894 1353 3962 foedum
1378 3898 1589 3982 sacrilegium
1623 3917 1711 3966 novo
1744 3901 1972 3986 integumento
1981 3906 2010 3988 ²)
2044 3907 2097 3972 in·

79 3991 193 4051 tamen
219 3986 321 4070 gestis
349 3984 480 4053 carnale
512 3981 592 4066 quid
617 3982 671 4048 vel
703 3980 845 4048 animale
879 3979 1060 4064 sepiebant
1113 3978 1229 4059 volvit,
1261 3980 1348 4064 quod
1381 3981 1508 4049 adorati
1541 3984 1667 4049 firerint
1699 4007 1719 4050 a
1766 3986 1808 4051 cli
1837 3994 1872 4052 et
1893 3988 1986 4053 Dens
2013 3990 2096 4073 ipse.

80 4068 223 4138 Subiicit
244 4071 372 4150 deinde,
407 4090 596 4154 quanquam
623 4067 722 4134 fidem
745 4066 930 4145 habuerint,
961 4066 1061 4131 fnisse
1114 4062 1205 4145 Quid
1226 4065 1289 4132 hoe
1310 4067 1359 4132 rei
1380 4067 1452 4133 est?
1486 4089 1590 4152 quum
1621 4070 1676 4136 lex
1708 4093 1726 4137 e
1763 4079 1835 4137 tum
1869 4074 1926 4137 uni
1952 4076 2027 4140 Deo
2059 4076 2098 4141 in

79 4161 193 4221 tamen
213 4156 378 4223 camales:
411 4156 489 4239 quia
510 4154 592 4220 fides
612 4155 685 4237 ipsa
706 4151 977 4229 mundanaerat,
1004 4171 1061 4233 pa-
1112 4149 1254 4215 solidum
1275 4152 1437 4233 vendicet,
1470 4174 1514 4218 an
1535 4152 1675 4222 Servate
1704 4156 1815 4223 licebit
1835 4159 1940 4223 socios
1961 4158 2012 4223 illi
2033 4179 2095 4225 an·

105 4240 160 4305 ‘na
182 4245 254 4306 324.
299 4241 411 4324 Quid?
446 4263 489 4306 an
515 4240 585 4306 illic
611 4259 739 4323 quoqne
761 4259 796 4303 se
819 4237 859 4304 de
879 4237 968 4303 faece
989 4235 1060 4318 ple·
1112 4235 1204 4319 gelos
1226 4235 1428 4322 adiungere?
1485 4239 1563 4305 Non
1594 4242 1702 4325 potuit
1728 4241 1900 4307 Abraham
1935 4264 1976 4307 cx
2012 4265 2096 4312 vera

79 4259 132 4386 ih
153 4345 251 4407 agere
270 4326 376 4393 dicet?
400 4328 473 4393 Imo
489 4328 526 4392 in
543 4325 637 4393 illam
658 4326 782 4391 faecem
804 4323 846 4389 ab
867 4343 905 4388 eo
927 4330 1059 4406 protru·
1111 4321 1245 4404 pietatis
1267 4323 1382 4408 regula
1402 4325 1466 4390 rite
1486 4326 1596 4392 Deum
1618 4326 1733 4406 colere,
1755 4327 1821 4391 nisi
1837 4326 1944 4392 solum
1962 4328 2094 4398 coleret

79 4405 173 4472 ditur
190 4408 371 4476 Abraham
415 4411 615 4497 Quanquam
636 4410 826 4496 prophetico
847 4407 976 4491 spiritu,
1008 4407 1060 4470 in·
1112 4404 1180 4486 Qui
1201 4405 1319 4474 deinde
1340 4411 1472 4494 sequuti
1501 4418 1579 4476 sunt
1601 4409 1723 4487 fideles,
1759 4410 1849 4477 claro
1875 4411 1940 4476 le’
1987 4414 2094 4483 edicto

80 4493 161 4610 quit,
208 4495 268 4559 sub
314 4496 431 4563 ambra
469 4499 611 4582 quadam
650 4506 685 4562 et
719 4495 905 4579 aenigmate
938 4491 1061 4558 viderit
1109 4491 1371 4574 prohibebantur
1391 4517 1435 4561 ne
1455 4496 1510 4564 vel
1532 4495 1676 4579 angelos,
1707 4496 1760 4562 vel
1792 4496 1874 4562 alias
2002 4521 2093 4567 crea·

79 4578 265 4659 hhristnm,
288 4580 462 4648 coelestem
483 4585 630 4650 futuram
653 4584 756 4648 vitam
777 4587 812 4646 et
832 4580 1059 4644 aotemitatem
1110 4584 1203 4644 tures
1225 4600 1303 4644 cum
1324 4581 1397 4646 Deo
1417 4582 1609 4648 miscerent:
1633 4578 1794 4647 Servetus
1816 4582 1877 4648 sibi
1899 4584 1988 4650 credi
2009 4587 2093 4666 vult,

79 4664 116 4729 in
138 4685 178 4730 eo
197 4665 385 4732 crediderit:
411 4689 477 4732 non
498 4677 611 4735 tamen
630 4669 693 4733 fuit
713 4669 749 4733 in
772 4687 810 4732 ec
828 4673 907 4731 tunc
928 4663 1058 4748 regeni-
1109 4683 1178 4728 non
1199 4684 1352 4747 peccasse
1383 4667 1439 4750 qui
1473 4667 1698 4750 promiscuum
1718 4667 1792 4733 Deo
1818 4676 1852 4734 et
1873 4670 2000 4755 angelis
2022 4671 2094 4737 cul-

78 4756 149 4815 tus:
183 4752 378 4833 temporalia
409 4759 489 4819 tunc
518 4775 559 4818 cx
619 4754 722 4819 cebat.
766 4753 879 4835 Atque
911 4750 958 4814 ita
989 4770 1057 4814 non
1109 4755 1181 4814 tum
1198 4750 1391 4828 tribuerent.
1418 4752 1532 4818 Nihilo
1551 4751 1753 4819 tolerabilius
1771 4762 1822 4819 est
1839 4753 1922 4820 illud
1940 4755 2093 4836 alterum,

78 4835 234 4903 obstante
255 4837 443 4902 futurorum
464 4859 533 4921 spe,
586 4838 683 4904 'citur
703 4839 808 4921 ipsius
829 4844 908 4903 tunc
930 4834 1059 4901 institia
1109 4835 1244 4919 angelos
1274 4835 1377 4903 fuisse
1403 4837 1526 4904 veteris
1558 4836 1714 4905 ecclesiae
1747 4836 1835 4906 deos.
1884 4838 1990 4920 Quasi
2010 4860 2094 4907 vero

78 4921 181 4987 fuisse
203 4922 354 5002 carnalis,
389 4923 474 4989 sicut
503 4930 577 4990 acta
603 4922 669 4988 alia
688 4922 843 4990 omnalia
885 4919 1057 4986 Abrabam

77 5005 221 5074 credidit
240 5007 342 5075 verbo
361 5006 429 5073 Dei
449 5009 486 5073 in
505 5007 719 5092 promissione
735 5009 842 5073 veteri
863 5012 898 5073 et
919 5004 1058 5073 camah:

78 5113 142 5160 nos
152 5093 317 5160 credimus
329 5093 428 5161 verbo
438 5093 506 5159 Dei
521 5092 558 5158 in
569 5093 836 5177 evangelionovo
852 5101 886 5157 et
893 5091 1057 5175 spirituali
1178 5125 1209 5194 1)
1225 5126 1367 5183 modom·

77 5179 312 5264 promissiones
333 5201 447 5248 omncs
466 5178 660 5265 complente.
682 5177 816 5245 Dicitur
832 5176 913 5244 fides
930 5176 1056 5256 eadem,
1177 5193 1208 5263 a)
1227 5194 1289 5250 d’un
1307 5210 1354 5253 aaa
1371 5194 1491 5251 mouffle.

186 5280 298 5339 θαιυιιιι·
311 5298 404 5354 opere
443 5283 501 5341 Vol.
523 5279 611 5340 vm.
