4732 5910
1025 363 1395 432 PROLEGOMENA.

756 768 903 824 CONRAD
921 767 1054 824 BADIUS
1074 767 1209 823 suumn
1229 768 1338 825 SlEUR
1360 769 1411 824 DE
1432 768 1663 825 NORMANDIR

724 972 805 1040 O’est
824 974 845 1038 b
867 974 925 1038 bon
945 973 1044 1037 droict
1065 993 1122 1054 que
1139 992 1171 1038 ce
1186 973 1340 1053 proverbe
1360 994 1380 1038 e
1403 973 1476 1053 lieet,

647 1158 650 1165 ⁸
724 1084 922 1166 Qu’bouueur
943 1088 987 1150 est
1006 1083 1065 1149 boec
1082 1085 1190 1165 quood
1208 1083 1349 1150 l’leomme
1371 1084 1409 1150 de
1430 1083 1599 1150 bisulcae:

723 1196 787 1263 Oer
809 1196 949 1261 lleomme
970 1194 1069 1260 droiot
1089 1197 1144 1277 qai
1166 1196 1248 1262 aime
1269 1201 1297 1260 et
1318 1197 1373 1277 qai
1395 1196 1506 1262 cuulad
1525 1196 1621 1277 Dieu,

723 1306 845 1374 Comme
866 1307 892 1371 il
913 1326 952 1370 ue
973 1305 1055 1371 emto
1074 1326 1133 1386 que
1155 1327 1213 1371 son
1234 1308 1314 1391 fatet
1334 1328 1373 1373 oo
1396 1307 1497 1374 educe

724 1418 784 1485 s't
804 1440 841 1484 ae
863 1419 891 1483 le
912 1417 1014 1484 ooult:
1035 1419 1127 1483 aussi
1147 1418 1217 1484 biea
1238 1418 1263 1484 ol
1284 1421 1435 1486 a'odooae

724 1528 820 1615 Geluy
840 1531 997 1612 decimu,
1020 1529 1071 1595 s'e'l
1089 1550 1128 1595 ue
1148 1529 1189 1595 l’e
1211 1530 1329 1596 merite.

726 1642 777 1707 Ne
798 1643 863 1707 sois
884 1642 988 1706 marro?
1008 1641 1169 1722 daemoes,
1192 1643 1222 1707 si
1244 1642 1347 1722 verite',

722 1752 776 1818 Eo
798 1758 827 1818 te
847 1753 962 1832 louaut,
985 1752 1032 1819 ee
1053 1772 1085 1818 ce
1104 1753 1162 1823 boa
1177 1774 1390 1838 pascuosae:

725 1864 790 1930 Cor
811 1864 851 1929 olo
873 1864 1003 1945 queue
1025 1883 1063 1928 ea
1084 1865 1179 1929 seruit
1196 1865 1297 1944 turbt,

723 1976 844 2058 L’effeot
864 1976 902 2041 de
923 1995 978 2060 soy
998 1995 1036 2040 ea
1052 1980 1142 2057 poete
1164 1978 1376 2060 tesmoiouooe.

361 2314 469 2380 Autre
489 2310 611 2377 Dizain
635 2318 656 2377 a
678 2310 766 2376 deux
788 2309 950 2375 manieres
974 2309 1013 2375 de
1036 2329 1128 2393 gons,
1150 2330 1234 2392 pour
1255 2309 1396 2392 lesquels
1418 2331 1460 2375 en
1481 2310 1588 2393 partie
1611 2329 1647 2376 oe
1669 2309 1755 2378 livre
1775 2318 1825 2375 est
1847 2311 1934 2376 faiet.
2019 2383 2028 2398 ⁶

726 2472 847 2555 Esprie
868 2472 1023 2555 eairretss,
1045 2472 1100 2554 qui
1123 2477 1225 2538 u'osee
1247 2471 1420 2556 approcber

724 2584 776 2650 De
796 2582 983 2668 l’lloaoqe'le,
1005 2583 1045 2647 oie
1065 2604 1098 2650 se
1113 2585 1209 2664 putee
1229 2583 1330 2648 l'eoue
1351 2585 1428 2665 vioe,

727 2693 906 2777 Graiqoaos
928 2699 1051 2760 trouver
1069 2695 1198 2777 quelque
1217 2696 1337 2778 oouffre
1359 2716 1399 2760 me
1420 2694 1543 2762 rocber:

731 2806 818 2872 Voces
838 2807 1024 2889 desyoustee,
1046 2807 1103 2888 qui
1125 2808 1252 2888 iusques
1275 2806 1346 2871 ela
1367 2808 1433 2874 rioe

725 2917 848 2984 anm
868 2938 976 2998 uenae,
998 2919 1091 2983 dune
1109 2918 1202 3000 focca
1224 2918 1374 2984 motulae

724 3030 812 3094 Aoee
833 3050 865 3095 ce
885 3049 976 3095 coare
996 3029 1137 3095 beureuc
1154 3028 1367 3109 habundarent,

732 3140 839 3220 Vener,
861 3141 948 3221 licea,
971 3162 1002 3207 ce
1023 3142 1102 3207 liure
1123 3146 1168 3206 est
1189 3141 1324 3206 orduone

726 3252 815 3319 Pour
835 3273 912 3318 oola
930 3258 1084 3318 member
1104 3257 1194 3335 qu’en
1217 3253 1251 3318 lo
1272 3253 1388 3320 saincte
1408 3253 1544 3320 doctrine

728 3365 793 3446 Quo
814 3384 890 3430 eous
911 3364 1055 3445 blosmee,
1078 3364 1225 3431 scandale
1242 3369 1320 3430 u’est
1339 3365 1448 3444 dosera

725 3474 817 3541 Mais
835 3480 925 3558 qu'eu
945 3496 1022 3541 cotes
1043 3477 1143 3541 estole
1164 3497 1196 3543 oe
1216 3477 1283 3542 mal
1305 3477 1338 3541 lo
1358 3477 1475 3542 reciae.

366 3813 562 3896 Exemplari
584 3813 632 3878 uti
653 3811 821 3895 potuimus
845 3832 864 3875 a
885 3809 968 3875 viris
988 3808 1235 3891 spectatissimis
1257 3817 1291 3874 ot
1312 3809 1570 3888 humanissimis,
1594 3809 1808 3878 bibliothecas
1829 3809 1954 3878 ducalis
1966 3809 2143 3877 Gothanae
2165 3811 2228 3878 ad·

209 3925 487 3992 ministratoribus
508 3923 678 3991 nobiseum
698 3923 945 3989 communicato,
992 3919 1164 3985 Secundae
1199 3941 1275 3987 vero
1310 3919 1462 3984 editionis
1489 3922 1624 3986 unicum
1658 3922 1746 4006 quod
1778 3923 1923 4005 reperire
1950 3921 2044 3987 nobis
2070 3924 2223 4008 contigit,

209 4057 282 4106 eum
304 4035 457 4121 plurimis
479 4035 553 4101 aliis
575 4033 755 4101 rarioribus
777 4033 911 4110 libellis,
940 4030 1086 4116 inclytae
1108 4030 1391 4115 Guelferbytanae
1412 4032 1576 4116 quondam
1598 4033 1800 4116 praefectus,
1830 4032 2004 4100 Oonradus
2026 4034 2221 4101 Bothmann

209 4148 300 4215 nobis
323 4147 558 4229 conferendum
580 4145 749 4224 concessit,
772 4165 868 4228 quem
890 4165 995 4226 nuper
1018 4151 1224 4225 praematuro
1245 4144 1313 4208 fato
1336 4143 1440 4209 literis
1463 4152 1497 4210 et
1518 4144 1636 4211 studiis
1658 4154 1809 4231 ereptum
1828 4145 1938 4209 debita
1955 4145 2052 4211 laude
2070 4146 2225 4230 prowqui

209 4282 296 4326 nuno
323 4259 469 4325 maxime
490 4259 590 4323 officii
621 4259 724 4323 nostri
757 4276 829 4321 esse
851 4255 1011 4321 ducimus.
1055 4255 1149 4319 Haeo
1171 4255 1274 4320 altere
1299 4255 1394 4320 eitius
1416 4256 1530 4336 etiam,
1562 4278 1662 4340 quam
1683 4259 1719 4323 in
1741 4258 1921 4343 archetypo
1939 4257 2099 4337 vidimus,
2128 4280 2224 4326 suam

207 4374 461 4456 antesignanum
483 4376 623 4453 sequuta
642 4377 700 4433 est.
746 4367 877 4432 Titulus
897 4376 961 4431 est:

363 4481 454 4549 DES
477 4477 754 4549 SOANDALES
776 4479 780 4564 l
800 4488 861 4555 err
882 4487 1130 4543 suessonicus
1152 4487 1213 4541 sv-
1233 4486 1237 4554 ι
1257 4486 1447 4545 rovauevr
1465 4489 1657 4546 sssvoovr
1674 4490 1726 4546 ea
1744 4481 1749 4566 Ι
1770 4476 1852 4567 gons
1873 4482 1914 4548 de
1935 4484 2031 4550 venir
2053 4491 2074 4549 a
2095 4483 2224 4567 tepere

210 4594 356 4662 doctrine
384 4594 424 4659 de
445 4594 515 4659 l'E-
536 4594 540 4678 l
559 4591 709 4676 nangiis,
742 4598 775 4655 et
805 4611 848 4655 en
875 4589 1098 4655 desbauohent
1126 4589 1277 4655 d’autres.
1298 4589 1304 4676 Ι
1324 4600 1483 4655 TRAIOTE
1508 4601 1675 4657 COMPOSE
1697 4601 1784 4658 NOV-
1804 4595 1808 4678 Ι
1830 4595 2007 4661 uellement
2038 4616 2100 4678 par
2116 4596 2224 4661 Iohan

211 4704 338 4773 eduin.
360 4708 365 4789 Ι
557 4704 563 4786 1
584 4717 610 4768 2.
624 4701 705 4767 coa.
721 4716 767 4766 11.
787 4700 792 4787 Ι
812 4711 874 4779 our
891 4710 1204 4773 asrsosueemza
1223 4711 1296 4778 ova
1315 4702 1320 4786 Ι
1339 4713 1377 4766 u:
1391 4712 1580 4769 u’ausora
1592 4714 1756 4771 saverne
1776 4707 1782 4789 1
1977 4706 1982 4791 Ι
2002 4707 2222 4790 seruarat

210 4817 262 4883 De
283 4816 507 4901 l’imprimerie
529 4814 569 4879 de
590 4814 695 4880 Iehau
717 4813 867 4894 Orespin.
888 4811 892 4897 Ι
912 4822 949 4876 M.
968 4822 1001 4875 Ι).
1020 4822 1066 4875 LI.

362 4929 488 4993 Ilorma
510 4926 655 4992 minima.
701 4924 943 5006 eraterniones
967 4923 1140 4989 duodecim
1165 4926 1316 5008 (A-M).
1361 4927 1510 5011 Paginae
1537 4937 1729 4995 numeratae
1760 4935 1838 5010 190;
1871 4929 1988 5014 quibus
2019 4928 2224 5012 praemissus

207 5048 259 5107 est
280 5040 452 5124 quaternio
473 5060 559 5104 unus
582 5040 628 5123 (⁴⁸⁵)
657 5039 728 5103 siue
755 5036 901 5101 numeris
923 5035 1136 5119 paginarum,
1170 5037 1263 5103 ouius
1285 5047 1353 5104 tres
1380 5039 1515 5106 ultimae
1541 5042 1683 5126 paginae
1710 5043 1746 5107 in
1768 5041 1859 5110 albis.
1906 5040 2101 5107 Garminum
2123 5062 2224 5126 supra

209 5152 448 5235 descriptorum
470 5150 610 5216 alterum
633 5156 772 5229 tantum,
795 5147 892 5230 idque
914 5148 1087 5229 posterius,
1111 5147 1211 5212 adest.
1256 5149 1298 5212 In
1317 5151 1383 5215 tino
1400 5152 1476 5218 libri
1498 5153 1694 5237 subscriptio
1717 5154 1838 5237 legitur
1856 5152 1954 5217 haec:
1986 5152 2019 5218 A
2042 5151 2226 5234 Genera,

208 5263 254 5330 de
276 5263 564 5346 l'imprimerie
587 5262 632 5326 de
654 5260 783 5326 Iehan
806 5259 959 5342 Oropiu
983 5260 1057 5342 (sic)
1079 5259 1116 5323 le
1138 5259 1269 5326 XXIV.
1294 5262 1402 5330 Mars
1424 5265 1471 5330 M.
1490 5265 1532 5330 D.
1554 5267 1613 5331 LI.

1980 5369 2019 5424 B*
