4762 5918
166 358 207 419 ce
244 372 260 382 v·
853 376 856 383 ·
988 352 1373 459 ausonensem..
1722 399 1755 410 -ι
1872 324 1875 331 „
2023 382 2027 389 v
2140 367 2198 429 ro

161 543 257 631 prius
278 546 314 609 in
336 540 483 609 obscuris
503 544 627 610 chartis
644 542 791 610 obsoleta
812 545 968 611 iacuerat.
1012 545 1144 610 Horum
1195 545 1344 611 catorum
1371 547 1521 630 remissio
1548 547 1682 632 alligata
1710 548 1780 614 fuit
1795 549 1819 629 ¹)
1865 547 1904 616 Si
1926 571 2024 616 suum
2046 550 2181 618 Christo

162 631 292 719 saltem¹
322 628 476 712 placandi
509 636 619 696 essent
653 628 812 714 impetus,
852 638 890 694 ιιι
922 629 1144 715 persuadeant
1195 632 1247 696 ius
1270 638 1303 695 et
1322 630 1482 697 honorem
1504 632 1600 698 ahter
1621 652 1768 699 asserere
1790 654 1858 699 non
1880 656 2070 719 pessumus,
2100 637 2181 721 quin

161 708 242 788 boni
275 716 331 781 isti
363 715 589 785 continentiae
628 713 792 794 vindices,
832 736 893 780 nos
932 716 1024 782 carni
1064 717 1143 782 dare
1196 715 1403 782 subeundum
1425 716 1469 782 sit
1482 718 1654 800 ‘probrum
1675 719 1769 784 istud
1792 720 1880 803 quod
1901 720 1996 786 nobis
2024 722 2178 788 inurunt:
2251 750 2253 755 ·

161 804 321 886 quantum
361 802 514 869 licentiae
544 799 718 883 postulet·
746 798 820 866 Sed
852 822 954 884 quum
984 800 1142 867 adversus
1197 802 1230 867 id
1250 823 1329 867 voro
1356 801 1393 865 in
1421 803 1537 888 primis
1567 803 1785 869 honorificum
1808 804 1903 871 nobis
1925 813 1984 871 est
2029 806 2179 874 Soanda·

160 895 314 954 nostrum
331 887 476 971 rigorem
493 886 897 971 tantoperereoolcitrent,
913 887 1035 970 quibus
1048 894 1144 971 grata
1196 887 1267 951 lum
1285 907 1364 953 vcro
1383 889 1438 970 qui
1451 889 1534 953 inde
1552 889 1750 972 concipiunt,
1768 911 1925 973 perverse
1942 912 2089 958 morosos
2107 914 2179 960 esse

62 1042 66 1050 ,
160 973 340 1057 suavisque
375 980 463 1038 esset
495 980 645 1054 papatus
685 971 873 1054 disciplina:
921 973 1026 1039 cuivis
1065 973 1143 1037 hino
1198 979 1338 1038 constes
1407 993 1412 999 ·

160 1056 319 1142 colligere
350 1060 539 1141 promptum
565 1059 680 1136 fuerit,
714 1055 897 1123 doctrinam
917 1066 1074 1124 nostram
1102 1057 1144 1123 ab
1199 1080 1204 1088 ·
1282 1058 1334 1123 De
1348 1056 1484 1123 sublato
1500 1058 1649 1125 ciborum
1668 1058 1858 1125 discrimine
1875 1068 2026 1145 prompte
2046 1069 2081 1126 et
2097 1063 2178 1130 faoi·

24 1217 30 1226 ¹
82 1176 89 1185 ·
131 1145 301 1210 ‚effraeni
333 1143 418 1223 illa,
447 1144 540 1209 ouius
575 1162 657 1207 eam'
681 1143 896 1221 insimulant,
935 1142 1143 1228 indulgentia
1195 1144 1237 1208 lis
1259 1151 1310 1209 est
1333 1144 1510 1210 excusatio.
1555 1143 1656 1210 Oarni
1672 1145 1784 1209 laxari
1812 1146 1958 1213 habenas
1980 1146 2110 1226 dicunt,
2140 1157 2179 1213 ut

98 1236 102 1239 ’
162 1229 323 1316 ιιιιιΙιιιιιιΙ
357 1227 490 1295 distare.
557 1227 630 1293 Iuro
680 1229 742 1294 hac
778 1227 914 1307 ,invidia
961 1228 1143 1294 doctrinam
1195 1230 1455 1312 intemperanter
1472 1229 1631 1306 lasciviat,
1651 1230 1737 1313 quod
1756 1229 1809 1295 die
1820 1230 1971 1312 Veneris,
1986 1254 2053 1299 non
2064 1234 2177 1300 minus

160 1323 312 1387 nostram
330 1321 486 1399 gravant·
502 1313 598 1378 multi
617 1326 666 1388 'ex
688 1336 730 1397 pa
754 1315 842 1392 istis;
873 1319 946 1399 [pag.
973 1319 1028 1393 89]
1055 1312 1143 1398 quod
1174 1335 1294 1398 nquarn
1317 1315 1449 1395 Lunae,
1484 1316 1637 1381 carnibus
1669 1316 1758 1382 vesci
1791 1317 2020 1398 permittimus.
2072 1317 2178 1399 Quasi
2293 1338 2294 1341 ’

159 1401 324 1467 laetitiam
363 1412 464 1484 prop'e
497 1416 629 1464 ornnem
648 1418 700 1491 'ae
730 1336 986 1467 bilaritateme
1017 1399 1142 1465 mundo
1195 1421 1278 1465 vero
1302 1400 1393 1465 nulla
1422 1402 1486 1466 nisi
1515 1402 1549 1465 in
1577 1401 1701 1468 earnis·
1717 1422 1776 1466 esu
1804 1402 1848 1466 sit
1873 1401 2015 1468 luxurie.
2060 1403 2176 1483 Porro,

162 1487 268 1552 tellat
282 1486 331 1569 ¹)„
418 1524 421 1528 ·
501 1524 503 1531 2
549 1535 551 1542 ,
811 1493 812 1497 ’
872 1544 876 1553 ,
936 1540 940 1548 .
1066 1543 1072 1553 .
1194 1487 1267 1569 quis
1290 1487 1395 1551 nescit
1423 1487 1562 1553 maiores
1584 1506 1715 1570 semper
1741 1487 1842 1553 fuisse
1868 1486 1904 1552 in
1927 1487 2073 1569 piscibus
2096 1487 2198 1558 den·

248 1573 328 1721 'lllfiia
348 1572 522 1721 praecipue
545 1569 639 1635 nobis
653 1568 868 1655 obiectant,'²)
891 1570 926 1634 in
944 1571 1063 1654 quibus
1080 1588 1142 1636 uos
1173 1572 1276 1649 cias,
1307 1578 1339 1638 et
1361 1570 1459 1636 hodic
1481 1591 1651 1654 nunquam
1675 1572 1727 1639 vel
1749 1573 1867 1638 melius
1889 1573 2020 1638 fumare
2038 1574 2176 1653 culinas,

158 1656 261 1724 insim
298 1668 357 1722 ant
417 1657 451 1720 ui

158 1743 249 1828 quod
270 1764 291 1807 a
312 1677 416 1807 nobii⁸1
429 1737 607 1825 abrogatur
627 1742 828 1806 auricularis
850 1742 1024 1820 confessio,
1053 1740 1152 1824 quod
1194 1742 1312 1824 rietate
1334 1750 1369 1806 et
1390 1743 1497 1825 copia,
1527 1761 1626 1825 quam
1645 1739 1779 1808 diebus
1797 1743 2012 1829 piscariis‘l2)
2054 1744 2178 1810 Faces·

158 1820 311 1896 eiborum
332 1827 512 1911 prohibitio
534 1828 721 1905 damnatur,
743 1824 830 1910 quod
851 1826 992 1892 hberum
1007 1829 1141 1910 'cunctis
1193 1835 1268 1892 sant
1290 1848 1400 1912 nugas
1422 1827 1509 1894 illae:
1537 1841 1598 1894 nos
1618 1827 1742 1894 delitiis
1764 1827 1895 1898 allicere
1917 1829 2083 1913 simplices
2106 1829 2177 1894 eui-
2223 1884 2225 1887 .

159 1915 301 1981 facimus
333 1914 490 1997 coniugii
510 1934 614 1979 usum.
664 1911 829 1978 Peccandi
862 1911 1141 1979 verecundiame
1194 1935 1274 1979 mes.
1319 1913 1436 1997 Neque
1458 1915 1547 1979 enim
1567 1912 1608 1978 de
1637 1913 1718 1981 cibis
1740 1913 1983 1980 delicatioribus
2005 1916 2093 1980 inter
2118 1936 2178 1980 nos

107 2050 115 2059 .
160 1999 288 2064 mundo
309 1999 380 2071 tolli
402 1998 588 2077 clamitant,
618 1998 681 2064 nisi
710 2018 783 2062 eam
810 1999 937 2063 fraenet
964 1997 1141 2063 confitendi
1192 1999 1333 2064 vertitur
1347 1999 1508 2081 quaestio:
1533 1999 1591 2064 sed
1614 2000 1771 2083 papistae,
1795 2021 1898 2083 quum
1916 2001 2007 2065 omiri
2026 1998 2178 2067 ciborum

159 2085 347 2151 necessitas.
393 2084 499 2168 Atqui
526 2085 648 2149 mirum
675 2090 738 2162 est,
768 2084 921 2166 spiritum
942 2083 1005 2149 Dei
1034 2105 1140 2166 neque
1193 2084 1362 2149 affluentia
1384 2092 1418 2149 et
1439 2086 1604 2150 suavitate
1627 2084 1811 2168 ingluviem
1834 2085 1887 2149 die
1905 2086 2057 2164 Veneris,
2079 2106 2178 2151 carne

476 1656 526 1722 vis
565 1655 685 1739 agendi
727 1656 894 1721 licentiam
927 1657 1140 1740 appetivisset
1195 1655 1249 1722 vel
1270 1656 1437 1739 operosius
1459 1671 1590 1722 mensas
1611 1657 1742 1735 instrui,
1765 1659 1817 1723 vel
1839 1659 1963 1723 maiore
1985 1659 2096 1725 farciri
2119 1652 2178 1726 r'a·
2249 1651 2277 1727 ᾗ

160 2171 202 2236 in
224 2172 324 2244 veteri
345 2169 491 2248 ecclesia,
515 2190 620 2253 neque
638 2191 699 2252 per
720 2168 904 2251 complures
920 2177 1049 2246 ,aetate
1068 2176 1141 2252 post
1193 2176 1323 2234 tautum
1345 2176 1500 2254 excepta,
1513 2170 1654 2254 benigne
1672 2171 1798 2252 expleri
1817 2171 2021 2253 permittant,
2044 2169 2178 2235 suillam
2258 2225 2263 2234 .
2338 2202 2343 2210 ·

157 2255 287 2323 Christi
308 2256 504 2334 adventum,
534 2256 595 2320 hoc
616 2256 728 2320 fraeno
754 2276 853 2333 usum
881 2275 961 2319 osse.
1006 2253 1140 2319 Pudore
1193 2262 1250 2320 aut
1271 2255 1427 2333 bubulam
1457 2275 1590 2335 carnem
1620 2256 1783 2339 attingere
1805 2256 1907 2320 nelae'
1926 2275 1997 2319 esse
2026 2274 2176 2338 pronun-

75 2361 81 2371 ·
126 2398 130 2405 .
156 2360 237 2426 ergo
254 2343 399 2408 carnisse
418 2340 571 2419 disemus
583 2348 689 2408 totum
706 2339 788 2405 illud
806 2343 946 2424 tempus,
965 2359 1028 2423 quo
1044 2362 1139 2406 sano·
1192 2341 1296 2406 ciant:
1316 2361 1376 2406 nos
1398 2341 1606 2406 conscientiis
1627 2341 1814 2406 libertatem
1836 2340 2021 2416 ouomino
2043 2360 2184 2407 eonces-v
2211 2358 2214 2365 ⁴

22 2452 26 2459 ·
137 2428 244 2505 titas,
268 2427 441 2510 pudicitia,
470 2438 508 2492 et
525 2447 639 2492 omnes
660 2427 801 2492 virtutes
823 2426 1004 2509 praecipue
1019 2427 1138 2490 florus·
1193 2448 1263 2491 sam
1291 2424 1517 2508 relinquimus.
1547 2425 1680 2509 *Itaque
1708 2425 1812 2491 nihilo
1840 2427 1915 2510 plus
1943 2425 2111 2510 religionis
2124 2427 2177 2506 ⁸iu
2290 2446 2294 2450 ⁴

34 2540 37 2545 ’
156 2524 246 2579 runt.
292 2512 406 2594 Quum
427 2520 508 2579 tune
535 2512 608 2595 plus
630 2533 731 2595 quam
760 2520 910 2577 austerus
932 2518 1019 2583 esset
1041 2511 1138 2576 disci·
1192 2510 1313 2578 vilibus
1325 2512 1499 2591 intestinis,
1519 2531 1617 2597 quam
1635 2513 1670 2576 in
1682 2513 1770 2594 pisce
1787 2519 1976 2594 sumptuose
1994 2510 2136 2589 condito,
2146 2511 2200 2595 Β)“
2235 2550 2237 2556 ι

154 2599 266 2684 plinus
291 2597 398 2683 rigor,
433 2597 494 2662 hoo
525 2610 635 2662 tamen
668 2589 888 2663 retinaculum
898 2592 926 2680 8)’
962 2618 1036 2661 nen·
1057 2604 1137 2674 eret,
1188 2605 1337 2662 ‘statuere
1360 2598 1528 2662 audemus.
1564 2597 1747 2746 Fruffalem
1770 2605 1858 2664 certe
1882 2608 1915 2662 ct
1937 2598 2084 2662 sobrium
2100 2597 2175 2671 ,vic-

156 2686 229 2751 sine
250 2704 317 2768 quo
336 2683 425 2766 ,nihil
442 2685 515 2749 fore
537 2684 666 2750 salvum
689 2690 807 2766 putant
832 2682 910 2748 boni
932 2683 987 2748 isti
1009 2682 1139 2760 modes·
1193 2690 1275 2762 tum,
1296 2688 1335 2757 ut
1357 2682 1457 2762 decet,
1480 2703 1631 2749 commen
1655 2704 1762 2749 amus:
1792 2704 1852 2748 nec
1874 2684 1996 2764 scripta
2018 2689 2075 2747 aut
2096 2702 2177 2747 oon·

156 2771 225 2834 tiae
253 2771 392 2853 patroni.
440 2770 540 2852 Atqui
572 2769 787 2834 falsissimum
814 2776 864 2832 est
893 2765 979 2851 quod
1005 2765 1138 2846 iactent,
1193 2769 1303 2833 aiones
1332 2774 1463 2833 nostras
1491 2768 1545 2832 vel
1568 2767 1745 2832 tantillum
1764 2768 1924 2833 luxuriae
1945 2766 2057 2848 lavere
2086 2766 2177 2853 quis·
2278 2836 2280 2841 ,

125 2854 303 2922 ·cohiberi
321 2856 384 2934 hoc
400 2850 545 2919 remedio
562 2848 912 2930 hominumlibidines.
948 2853 1031 2935 Quis
1049 2855 1140 2932 enim
1193 2874 1304 2937 quam,
1319 2855 1468 2936 reperiet.
1515 2853 1607 2935 Quin
1634 2854 1744 2936 potius
1774 2861 1874 2927 testes
1890 2852 2179 2937 veruntsingulao
2261 2857 2264 2863 ’

157 2941 227 3006 non
260 2941 372 3021 ¹videt,
393 2974 398 2981 ·
416 2940 691 3027 quemadmodum
722 2940 855 3020 ,vomitu
889 2961 924 3004 se
957 2946 1140 3004 exonerant
1192 2941 1261 3020 fero
1283 2940 1481 3023 scriptorum
1503 2945 1691 3020 nostrorum
1712 2940 1862 3023 paginae,
1886 2940 2006 3005 nosin
2028 2937 2180 3023 urgenda
2239 2978 2262 3026 '.

157 3026 293 3107 ebriosi,
321 3034 361 3103 ut
382 3048 461 3091 mox
483 3033 640 3109 tanquam
667 3026 769 3091 ieiuni
789 3036 823 3091 et
843 3032 992 3091 recentes
1015 3025 1056 3090 ad
1080 3045 1139 3089 no·
1192 3026 1410 3107 temperantia
1436 3026 1573 3108 papistis
1604 3024 1771 3108 aliquanto
1800 3045 1871 3090 esse
1886 3024 2088 3109 superiores.
2133 3023 2188 3089 Et·

92 3130 96 3137 ·
156 3134 237 3200 vam
263 3109 450 3197 ingluviem
481 3112 631 3190 redeant,
665 3113 714 3177 ita
746 3113 890 3195 papistas
924 3105 1139 3176 clancularius
1192 3110 1323 3176 sublata
1350 3109 1479 3176 dierum
1507 3112 1762 3195 superstitione,
1796 3132 1893 3194 parce
1935 3116 1968 3175 et
2002 3110 2178 3195 frugaliter
2288 3160 2294 3172 ,

132 3218 315 3283 ‘susurros
347 3200 385 3263 in
416 3218 531 3263 aurem
565 3198 743 3263 sacerdotis
775 3217 924 3276 vomere,
965 3204 1003 3262 ut
1036 3196 1139 3263 levati
1188 3196 1345 3269 ‚docemus
1362 3197 1404 3261 iis
1425 3197 1524 3262 licere
1541 3197 1600 3276 uti,
1623 3217 1706 3280 quae
1724 3197 1819 3268 nobis
1837 3196 1902 3263 Dei
1920 3196 2079 3262 beneficio
2102 3217 2179 3280 sup·
2300 3224 2305 3232 ·

65 3290 70 3297 '
157 3285 265 3368 priore
282 3286 413 3362 sarcina
427 3291 563 3368 peecata
579 3285 722 3368 peccatis
733 3283 891 3350 audacius
909 3280 1138 3349 accumulent?
1192 3289 1319 3367 petunt.
1355 3281 1451 3364 Quae
1473 3283 1518 3361 in,
1532 3303 1570 3348 eo
1593 3290 1687 3348 tanta
1708 3283 1869 3348 libertatis
1888 3281 2036 3363 dulcedo,
2058 3289 2102 3348 ut
2118 3303 2178 3348 noe
2217 3315 2220 3319 ·
2285 3361 2287 3367 Ι

118 3434 121 3439 .
156 3371 231 3435 Deo
259 3370 391 3454 q'uidem
419 3391 454 3435 se
483 3371 632 3436 confiteri
655 3369 855 3452 praefentur.
900 3362 1027 3434 Verum
1050 3388 1139 3433 oom-
1182 3362 1457 3434 'ae‘vertcndum
1479 3368 1591 3436 orbem
1612 3367 1770 3452 instiget?
1814 3361 2177 3457 Ego[pag.·91]'sa1ie,

160 3475 264 3519 mune
285 3456 435 3520 omuibus
456 3455 631 3521 consihum
653 3462 724 3521 esse
751 3455 843 3535 dico,
869 3455 1056 3520 clanculum
1078 3474 1140 3519 sua
1192 3453 1221 3519 si
1244 3454 1356 3536 palato
1372 3453 1551 3538 indulgere
1573 3452 1682 3533 libeat,
1705 3455 1770 3543 alie
1791 3455 1900 3536 potius
1922 3452 2049 3532 edulia,
2077 3475 2179 3538 quam

162 3559 288 3606 arcana
309 3542 451 3613 sacrifico
472 3548 631 3625 retegere,
660 3549 700 3605 ut
723 3541 834 3613 Deum
856 3547 890 3605 et
911 3539 1061 3613 homines
1090 3539 1151 3603 la··
1193 3561 1311 3606 carnes
1344 3539 1443 3621 mihi'
1461 3541 1496 3603 in
1526 3537 1699 3604 dimidium
1732 3539 1812 3603 anni
1852 3547 1983 3622 tempus
2023 3539 2176 3624 deligam.
2278 3589 2281 3598 .

159 3633 264 3704 teant
308 3624 427 3709 Itaque
441 3618 606 3706 videmus,
631 3634 672 3691 ut
692 3628 817 3693 furtivo
846 3646 907 3691 suo
928 3646 1100 3691 murmure
1108 3626 1138 3708 ⁴)
1195 3625 1331 3691 Norunt
1355 3615 1538 3690 ¹familiares
1560 3626 1641 3704 mei,
1659 3614 1705 3689 'et
1725 3623 1870 3708 piscibus
1893 3630 1926 3689 et
1948 3623 2020 3690 aliis
2042 3626 2178 3708 quibus·
2231 3637 2262 3692 ’.

88 3785 94 3792 ,
159 3709 316 3792 domoc,
330 3712 396 3802 sibi
413 3712 513 3798 longe
532 3713 679 3779 securius
703 3712 909 3796 indulgeant
952 3712 1138 3788 (laetarum,
1174 3710 1269 3781 ,dam
1291 3727 1498 3794 summopere
1521 3732 1573 3775 me
1595 3711 1762 3790 oblectari,
1785 3711 1941 3794 aquibus
1960 3720 2077 3794 sponte
2098 3713 2219 3778 'abs·''
2315 3693 2318 3697 A

140 3797 337 3865 uidemus
359 3799 472 3864 servili
492 3797 586 3864 uictu
607 3795 742 3864 retineri
764 3797 931 3882 quosdam,
960 3805 999 3861 ut
1023 3817 1139 3879 apec-
1191 3797 1295 3875 tineo,
1325 3790 1369 3861 ue
1390 3793 1604 3875 valetudinis
1619 3795 1790 3879 dispendio
1812 3796 1896 3863 tales
1924 3796 2054 3864 delitias
2083 3797 2173 3862 redi·
2244 3800 2251 3874 J

38 3918 41 3923 ·
158 3882 264 3950 cando
290 3883 496 3961 abstineant,
531 3905 573 3949 ne
598 3890 712 3968 postca
741 3904 880 3950 necesse
908 3883 952 3947 sit
976 3883 1137 3948 confiteri:
1191 3903 1313 3946 mam„¹
1334 3881 1495 3946 Putidum
1517 3895 1589 3947 esse
1611 3882 1724 3960 fateor,
1747 3889 1815 3947 tam
1837 3882 1965 3948 ieiunas
1990 3883 2173 3950 calumnias

158 3987 222 4034 nos
249 3977 362 4034 tamen
396 3969 583 4035 libertatem
610 3971 719 4036 carnis
751 3970 812 4036 hao
846 3976 939 4053 parte
972 3987 1138 4051 quaerere,
1186 3966 1373 4032 refellere·
1396 3964 1464 4032 Sed
1492 3966 1618 4032 dabunt
1645 3969 1775 4033 veniam
1805 3968 1959 4048 lectores,
1988 3970 2017 4033 si
2038 3968 2177 4036 offendi·
2233 3968 2236 3973 ’

158 4052 362 4121 calumniose
387 4055 542 4120 inferunt.
594 4056 723 4141 Legem
749 4054 974 4136 Innocentiit)
1003 4053 1139 4120 damna·
1192 4052 1276 4119 culis
1298 4054 1346 4118 irc
1368 4052 1498 4118 obuiam
1516 4053 1631 4119 volens
1653 4053 1823 4136 paululum
1844 4055 2013 4138 ineptiam.
2057 4055 2174 4137 Quan-

159 4140 244 4217 nins,
266 4147 351 4223 quae
371 4141 587 4206 conscientias
608 4142 803 4207 necessitate
825 4140 953 4206 obstrin
978 4140 1012 4218 ἰ,
1034 4161 1055 4204 a
1076 4160 1141 4221 qua
1192 4144 1294 4221 quarn
1313 4138 1348 4202 in
1370 4138 1424 4204 his
1450 4138 1583 4222 ineptiis
1610 4137 1742 4227 longius
1771 4141 1902 4205 morari
1922 4161 2003 4223 opus
2025 4160 2094 4205 non
2116 4148 2176 4206 est.
2289 4140 2292 4147 '

157 4227 262 4310 ipsae·
275 4225 380 4297 Deus·
397 4226 537 4292 absolvit
552 4234 603 4291 v’et
632 4217 759 4292 liberat.
810 4160 1032 4309 Expostrffent
1051 4245 1140 4300 ‚eum
1192 4225 1277 4292 Pars
1300 4225 1389 4289 euim
1411 4225 1493 4291 haec
1516 4225 1694 4304 doctrinae,
1719 4247 1819 4309 quam
1842 4225 2019 4303 tradimus,
2049 4224 2176 4291 duobus

158 4312 249 4389 Deo,
275 4311 331 4393 qui
360 4320 428 4375 tam
451 4314 600 4395 'praecise
624 4320 717 4379 vetat
742 4333 784 4376 ne
814 4313 887 4394 quis
914 4312 952 4376 in
979 4306 1139 4379 eiusmodi
1192 4309 1348 4375 membris
1371 4317 1507 4376 constat.
1552 4309 1731 4394 Illaqueari
1760 4311 1915 4377 humanis
1948 4310 2076 4396 legibus
2100 4333 2176 4378 con·

157 4397 354 4479 laqueasse
375 4396 501 4476 induat,
522 4403 598 4477 [pag.
614 4404 676 4477 ao]
699 4419 741 4463 ne
763 4397 891 4463 animas
914 4395 1041 4463 Ohristi
1063 4415 1138 4461 san·
1192 4397 1353 4481 scientias,
1377 4395 1614 4478 quaeunoDei
1632 4397 1732 4462 verbe
1751 4396 1823 4480 regi
1841 4395 1972 4476 debent,
1992 4397 2085 4463 nefas
2103 4418 2176 4464 esse

119 4495 120 4498 ’
160 4483 261 4566 guina
290 4482 478 4566 redemptas
501 4483 600 4548 indui
629 4484 725 4549 sinat.
746 4533 749 4540 .
770 4484 824 4570 Er
848 4483 1008 4567 sacrilega
1038 4480 1139 4546 auda-
1192 4480 1430 4547 contendimus.
1453 4481 1597 4546 Etiamsi
1615 4483 1679 4548 ista
1696 4483 1843 4548 exercitii
1862 4483 1969 4566 specis
1988 4483 2076 4548 nihil·
2089 4494 2177 4551 esset

63 4625 69 4633 ,
159 4567 678 4657 ciaprofsctum'dicimns,quod
697 4569 870 4634 hominum
886 4570 1044 4652 figmento
1065 4587 1140 4650 peo-
1250 4579 1253 4584 '
1397 4575 1400 4581 ’
1586 4580 1590 4585 ·
1814 4565 1818 4572 ’

158 4743 366 4779 ’-’--ῑ”-
865 4789 867 4794 Ι
919 4743 921 4748 ·
1263 4717 1293 4781 1)
1311 4718 1385 4772 Ado.
1404 4720 1457 4781 Gar
1479 4720 1505 4774 la
1526 4721 1670 4784 remissior
1688 4720 1737 4775 des
1755 4722 1859 4791 pechez
1876 4737 1947 4776 nous
1971 4728 2014 4777 est
2032 4722 2175 4789 presentes

1193 4804 1228 4843 en
1250 4787 1400 4857 l’Evangile
1432 4803 1496 4844 sans
1519 4795 1593 4843 ceste
1618 4789 1755 4847 condition
1784 4790 1817 4844 dc
1841 4806 1912 4844 nous
1935 4789 2006 4843 aller
2030 4788 2176 4842 confesser.

217 4856 261 4923 ’1)
281 4856 354 4930 ΔΜ.
372 4865 401 4913 et
417 4859 486 4913 ticnt
503 4858 544 4913 lea
561 4874 628 4927 gens
646 4866 710 4927 trop
729 4873 821 4912 serres
840 4871 873 4910 en
891 4857 1061 4917 melancolie.
1193 4856 1381 4925 LesPapistss
1401 4873 1436 4912 au
1454 4858 1589 4923 contraire
1607 4857 1735 4912 damnent
1753 4865 1816 4913 tous
1835 4875 1904 4913 ceux
1922 4857 1969 4925 qui
1986 4872 2020 4909 ne
2038 4855 2177 4909 tiendront

217 4925 259 4994 2)
279 4925 354 4981 aad.
371 4926 412 4981 les
428 4925 552 5000 §afferes
571 4933 599 4981 et
615 4926 753 4982 Docterirs
770 4925 808 4979 du
823 4925 908 4995 Papa
1194 4941 1226 4979 ce
1244 4941 1341 5020 inopen
1359 4925 1481 4981 ordonue
1499 4927 1533 4980 de
1551 4941 1684 4985 noursau.
1723 4927 1824 4980 Mesme
1844 4942 1875 4980 ce
1899 4926 1993 4979 Canon
2011 4923 2176 5004 diabolique,
2229 4991 2231 4996 Ι

225 4994 259 5060 3)
278 4994 320 5050 On
338 4993 438 5053 n’usoit
455 5010 506 5064 pas
524 4993 586 5048 d’un
604 4994 643 5050 tel
661 4995 812 5050 chevestre·
1122 5000 1127 5009 '
1194 4993 1261 5049 dont
1278 4993 1330 5063 iay
1344 4994 1442 5062 parles
1462 4996 1582 5049 contient
1599 5010 1650 5063 que
1663 5001 1725 5049 tous
1743 5010 1814 5049 ceux
1850 4995 1877 5048 ui
1894 4991 2082 5047 nercerchent
2098 4997 2177 5060 point

190 5063 258 5130 .4)
278 5063 352 5119 ΑΜ.
370 5063 450 5132 qu'ila
467 5063 527 5118 font
544 5066 561 5119 a
577 5063 708 5119 l'aureills
727 5062 760 5117 de
775 5058 890 5118 Messire
908 5062 985 5130 Iean.
1188 5071 1226 5117 'ce
1244 5061 1410 5131 remede,.se
1428 5062 1739 5141 ferment-leportcde
1758 5011 1880 5116 Paradis.
2286 5068 2290 5074 ’

227 5133 309 5199 5).oe
334 5134 407 5188 beau
425 5133 519 5188 Canon
543 5133 595 5187 fait
611 5149 663 5201 par
680 5133 834 5189 Innoceuce
852 5146 888 5185 au
905 5130 1015 5186 (lencile
1034 5131 1068 5185 de
1088 5131 1154 5185 Ira.
1261 5129 1293 5195 2)
1312 5144 1367 5186 aux
1384 5132 1458 5187 iours
1477 5134 1592 5201 maigrcs
1610 5130 1689 5208 qu’ile
1707 5130 1856 5201 appellent.

100 5264 103 5267 ,
154 5209 221 5256 tran
239 5206 275 5256 oh
291 5203 310 5256 il
329 5208 372 5257 est
389 5200 546 5268 commende
565 5203 582 5256 a
599 5207 671 5270 tous,
694 5215 758 5256 sous
775 5200 855 5268 peine
871 5199 908 5254 de
926 5201 1015 5269 peche
1032 5199 1140 5270 monel,
1262 5197 1293 5263 a)
1311 5198 1392 5268 qu’un
1410 5216 1494 5269 povre
1512 5202 1619 5254 homme
1638 5213 1733 5267 mange
1750 5213 1823 5318 pour
1840 5213 1876 5254 un
1900 5196 1994 5251 deuier
2011 5195 2044 5251 de
2062 5199 2176 5267 trippes,

33 5310 35 5315 .
155 5270 192 5325 de
211 5284 242 5325 sa
259 5270 403 5326 confesser
420 5272 528 5325 t'lcurs
547 5265 643 5335 cursa.
784 5278 786 5283 ’
1075 5282 1077 5289 ’
1193 5283 1230 5322 un
1247 5274 1326 5322 autre
1345 5267 1408 5324 d'uu
1425 5268 1539 5338 poisson
1556 5269 1617 5322 bien
1635 5271 1749 5335 apprsst
1784 5280 1850 5319 aveo
1869 5280 1964 5320 sanese
1983 5267 2101 5334 exquire.
2222 5290 2224 5295 ·

1922 5349 1966 5406 ὅ,
