4680 5918
119 315 183 378 sar
987 313 1051 377 ua
1074 309 1268 377 senaar.
1798 269 1800 273 ’
2072 320 2138 381 ssa

123 504 156 569 in
180 502 242 566 boc
264 508 304 564 ut
320 500 476 584 probetur
498 500 642 580 ecclesia,
666 507 699 564 et
716 501 949 566 exercitatione
967 520 1034 565 non
1052 500 1103 565 in·
1157 497 1303 578 Sabellii,
1326 499 1471 579 Photiui,
1494 500 1693 581 Manichaei,
1716 501 1846 587 Pelagii
1864 508 1899 568 et
1915 511 2136 570 caeterorum:

125 586 249 652 salubri
271 588 430 663 firmetur,
454 594 552 669 atquc
574 585 615 650 ad
633 584 853 652 resistendum
872 587 907 651 in
930 585 994 651 fide
1016 587 1104 650 exei·
1157 593 1191 650 et
1211 584 1297 669 quod
1318 585 1355 650 in
1376 586 1535 668 pluribus,
1558 587 1664 670 iisque
1681 587 1822 655 diversis
1839 589 2071 673 impugnatum
2087 597 2140 654 est

125 681 215 740 tetur
236 681 270 737 et
289 673 469 737 animetur:
492 683 562 737 tum
585 682 622 735 ut
639 693 733 737 suam
755 673 936 756 potentiam
960 671 1105 738 declaret
1157 671 1344 737 amelicris
1373 678 1470 738 notae
1498 672 1654 739 ccclesiae
1680 673 1884 741 Doctoribue
1906 673 2137 758 Patribusque,

125 753 240 828 contra
261 767 372 841 portas
394 759 571 823 inferorum
590 757 744 822 validam.
780 759 829 822 Ac
848 755 1007 823 eiusmodi
1025 777 1104 823 sane
1157 756 1190 821 id
1214 756 1338 822 abhoc
1362 778 1428 821 uno
1451 758 1803 840 oreimpudentissimo
1826 760 2138 843 atqueblasphcmo

125 845 328 930 probationis
339 865 443 927 genus
466 844 566 918 vobis,
594 844 796 925 Amplissimi
814 844 887 921 viri,
910 857 1104 927 vestraeque
1157 844 1330 922 evomitur,
1354 853 1481 908 utvere
1503 844 1552 908 illi
1564 844 1720 910 Christus
1740 847 1873 928 signum
1890 848 1935 910 sit
1954 845 2139 912 contradic·

125 930 282 998 ecclesiae
304 929 366 995 hoc
388 937 535 1013 tempore
557 929 701 1013 contigit,
726 949 789 1011 quo
802 927 962 994 Servatus
982 929 1104 1011 Hispa·
1157 929 1267 994 tionis:
1291 930 1343 993 cui
1362 951 1422 995 nec
1441 931 1619 995 essentiam
1637 929 1831 1010 divinitatis,
1853 953 1959 1014 neque
1979 931 2136 1015 hyposta-

126 1039 189 1083 nus
215 1021 344 1080 vestras
371 1015 407 1078 in
437 1037 555 1080 manus
578 1017 744 1096 pervenit,
773 1014 887 1080 multis
916 1015 981 1078 iam
1009 1014 1105 1080 annis
1158 1015 1218 1094 sin,
1252 1035 1313 1080 neo
1344 1014 1454 1080 carnis
1483 1023 1615 1080 nostrae
1642 1017 1831 1093 veritatem,
1862 1039 1967 1099 neque
1994 1019 2138 1083 animam

126 1101 310 1168 horrendae
339 1101 517 1182 impietatis
551 1109 585 1163 et
617 1099 893 1182 blasphemiarum
927 1101 963 1164 in
997 1120 1104 1165 sacro·
1158 1099 1340 1165 humanam
1374 1100 1546 1182 relinquat,
1575 1102 1742 1185 iungenda
1777 1104 1813 1168 in
1842 1112 2049 1168 sacrosancta
2076 1103 2139 1169 hae

127 1196 258 1254 sanctae
280 1186 452 1251 Trinitatis
474 1186 670 1269 mysterium
693 1194 835 1251 assertor
857 1195 890 1249 st
911 1193 1104 1250 renovator:
1158 1206 1299 1268 persona
1321 1185 1500 1268 discerpat,
1529 1195 1564 1250 et
1585 1186 1742 1253 distincta
1763 1187 1956 1267 confundat,
1986 1188 2139 1273 redemp-

124 1295 225 1358 qucm
248 1272 308 1337 etsi
333 1272 517 1336 molestiam
540 1271 633 1336 robis
662 1271 773 1335 datam
802 1271 966 1350 dolemus,
994 1280 1105 1336 tamen
1158 1271 1258 1335 tionis
1281 1271 1440 1336 virtutem
1461 1279 1610 1337 enervet:
1644 1280 1775 1356 praeter
1802 1274 1884 1340 alios
1912 1276 2064 1356 profanos
2086 1296 2139 1339 er·

125 1360 203 1442 qnia
227 1360 364 1422 interest
392 1357 571 1439 plurimum
599 1357 721 1440 gloriae
743 1357 885 1422 nominis
908 1356 1034 1422 Christi
1056 1365 1105 1421 at·
1158 1378 1249 1421 rores
1270 1357 1518 1439 complurimos,
1533 1360 1556 1432 ¹)
1586 1369 1684 1441 atquc
1706 1359 1825 1424 deliria
1844 1361 1956 1424 omnia
1977 1373 2014 1425 ut
2036 1362 2139 1424 vestri

128 1465 192 1528 qus
213 1443 382 1509 Ecclesiae
403 1442 589 1521 universae,
616 1451 654 1506 ut
675 1442 761 1506 malo
782 1443 818 1506 in
842 1442 979 1507 exitium
1002 1441 1105 1524 pluri-
1157 1452 1314 1523 pastores,
1337 1443 1583 1524 confratresquc
1606 1446 1711 1509 nostri
1733 1446 1898 1528 inquiunt,
1920 1468 1940 1510 a
1962 1447 2063 1512 verbo
2076 1448 2139 1511 Dei

126 1552 257 1598 morum
275 1530 439 1613 grassanti
461 1537 659 1603 occurratur,
683 1527 864 1610 gaudemus
885 1549 924 1593 co
946 1529 1010 1593 loci
1029 1548 1105 1593 auc·
1158 1538 1192 1592 et
1225 1527 1425 1605 orthodoxae
1465 1528 1621 1594 ecclesiae
1659 1549 1821 1595 consensu
1854 1531 1971 1596 aliena.
2028 1536 2140 1614 Atque

127 1630 234 1683 torem
256 1613 404 1691 detineri,
427 1615 484 1679 ubi
506 1614 601 1679 nobis
622 1611 858 1696 persuademus
879 1633 941 1679 nec
962 1611 1105 1696 pruden-
1158 1613 1239 1678 haec
1257 1613 1389 1695 quidem
1402 1615 1715 1692 tantaconfidentia,
1734 1619 2013 1699 praesumptione,
2032 1628 2065 1682 et
2083 1619 2141 1682 ob-

128 1705 207 1768 tiam
230 1699 460 1777 christianam,
488 1720 594 1780 neque
620 1699 726 1764 zelum
746 1701 867 1765 sanctis
889 1698 1026 1782 dignmn
1049 1698 1105 1764 de·
1158 1698 1340 1774 stinatia,²)
1362 1707 1402 1763 ut
1422 1708 1581 1782 appareat
1608 1700 1689 1764 iilud
1712 1702 1869 1784 sapientis
1898 1703 1933 1766 in
1956 1723 1993 1767 eo
2015 1725 2141 1779 verum,
2214 1708 2216 1712 '

128 1791 279 1854 fcturum
298 1806 378 1850 esse.
412 1784 563 1866 Cumque
586 1807 686 1867 super
708 1784 769 1850 hoc
786 1786 856 1867 ipso
878 1786 1010 1868 negotio
1031 1806 1107 1851 cen·
1157 1784 1286 1866 Impius
1308 1805 1383 1849 cum
1413 1787 1448 1849 in
1474 1785 1674 1868 profundum
1702 1789 1849 1863 venerit,
1880 1790 2076 1853 contemnit:
2109 1801 2142 1853 st

128 1874 233 1940 suerit
253 1870 446 1951 Amplitudo
474 1879 587 1935 vestra
613 1891 673 1936 nos
707 1871 862 1936 ecclesiae
885 1871 981 1936 huius
1001 1870 1105 1935 admi·
1158 1870 1242 1934 iliud
1260 1871 1354 1935 item:
1378 1868 1528 1936 Stultum
1537 1871 1566 1953 3)
1588 1872 1617 1934 si
1638 1872 1828 1952 concideris
1851 1873 1973 1955 pistillo
1996 1876 2031 1938 in
2053 1895 2140 1940 mor-

126 1960 247 2025 nistros
275 1954 531 2040 interpellandos
552 1978 638 2031 csse,
666 1956 868 2022 transmissis
895 1957 929 2020 in
956 1956 1018 2022 hoc
1040 1957 1106 2023 col·
1159 1956 1252 2033 tario,
1275 1977 1343 2020 non
1365 1955 1497 2021 recedet
1518 1955 1559 2020 ab
1581 1978 1619 2022 eo
1637 1957 1779 2022 stultitia
1800 1960 1882 2023 eius.
1926 1959 2012 2023 Nam
2034 1981 2142 2043 neque

127 2043 304 2110 lationibus
327 2043 448 2125 scripto
469 2063 488 2105 a
510 2042 693 2125 pastoribus
715 2051 845 2107 vestrae
863 2042 1019 2107 ecciesiae
1041 2042 1106 2107 fra·
1158 2041 1350 2124 captivitate
1385 2041 1581 2106 humiliatur
1615 2042 1657 2106 ad
1683 2042 1894 2121 modestiam,
1929 2065 2035 2127 neque
2073 2055 2140 2109 tam

128 2129 234 2196 tribus
269 2129 392 2192 nostris
426 2128 459 2192 in
487 2128 631 2192 Domino
664 2126 877 2217 observandis
907 2138 940 2191 et
967 2124 1106 2192 Servate
1157 2126 1347 2205 luculentis,
1377 2129 1464 2193 veris
1491 2134 1525 2192 ct
1551 2126 1759 2194 evidentibus
1786 2129 1925 2193 fratrum
1951 2138 2141 2195 nostrorum

126 2213 298 2282 exhibitis:
334 2222 405 2278 tum
432 2212 515 2278 libro
548 2212 694 2278 eiusdem
723 2211 867 2289 Servati,
900 2233 964 2293 quc
993 2233 1108 2296 sparsa
1158 2212 1431 2290 institutionibus,
1455 2214 1572 2296 quibus
1589 2234 1741 2285 errorum
1761 2214 1835 2279 luce
1860 2214 1981 2280 clarius
2006 2216 2141 2281 convin-

128 2323 200 2368 esse
217 2300 372 2383 dogmata
390 2321 448 2364 sua
467 2297 752 2378 cernimushaud
776 2298 939 2381 gravatim
962 2310 1105 2364 mentem
1159 2298 1252 2377 citur,
1277 2299 1328 2363 vel
1352 2298 1446 2376 cedit,
1470 2299 1525 2364 rel
1547 2299 1739 2382 acquiescit:
1769 2300 1828 2364 sed
1850 2301 2013 2383 serpentis
2034 2302 2141 2367 instar

130 2394 280 2454 nostram
298 2406 357 2468 pro
375 2384 520 2450 caritatis
539 2385 620 2467 lege,
644 2393 819 2464 nostraque
840 2384 876 2447 in
895 2404 952 2447 vos
975 2404 1107 2466 promp-
1158 2384 1296 2461 incitati,
1318 2384 1504 2463 maledicos,
1527 2393 1627 2469 atque
1644 2386 1896 2452 contumeliosos
1913 2386 1950 2449 in
1962 2387 2142 2451 Calvinum

130 2473 281 2549 titudine,
301 2471 386 2535 sicut
403 2492 442 2535 oa
463 2470 617 2554 postulat,
639 2468 917 2550 hiseeapcrimus:
942 2476 1107 2552 utcunque
1159 2470 1418 2535 sincerissimum
1440 2470 1505 2535 Dei
1528 2491 1670 2550 servum,
1693 2480 1725 2535 et
1746 2471 1955 2554 blasphemos
1977 2472 2140 2537 inDemi-

129 2569 165 2623 et
191 2565 300 2622 vester
322 2555 402 2622 crdo
433 2556 654 2638 amplissimus
678 2554 812 2619 consilio
833 2554 955 2637 polleat
977 2564 1010 2619 et
1032 2555 1106 2622 doc-
1159 2577 1242 2620 num
1264 2555 1401 2621 subinde
1423 2555 1536 2622 sibilos
1558 2556 1639 2636 edit,
1669 2567 1703 2621 et
1722 2557 1868 2623 lubricus
1892 2579 2140 2641 nonnumquam

131 2644 219 2709 trina
240 2642 429 2722 excellente,
452 2639 634 2721 iudicioque
657 2639 813 2722 praeditis
836 2639 915 2705 viris
937 2642 1107 2723 provisum
1159 2640 1391 2706 elabiconatur.
1414 2642 1455 2706 In
1475 2641 1636 2708 hocenim
1652 2643 1763 2707 Deum
1778 2665 1890 2721 unum,
1903 2665 2042 2726 eumque
2061 2646 2140 2709 sim-

130 2732 175 2796 sit
202 2728 357 2795 ecclesiae
384 2736 530 2801 vestras,
561 2746 699 2808 quorum
726 2723 849 2789 iudicio
877 2733 910 2790 st
937 2733 1050 2792 sancto
1073 2735 1107 2792 et
1158 2725 1277 2811 pliccm
1296 2727 1440 2792 inculcat
1457 2728 1563 2806 toties,
1582 2730 1673 2810 quasi
1692 2729 1794 2792 trium
1823 2729 2041 2813 hypostaseon
2060 2751 2141 2794 reni

130 2815 293 2898 exquisito
316 2813 409 2878 vobis
427 2812 580 2877 satisfieri
599 2810 682 2875 nihil
700 2809 895 2876 dubitamus.
931 2811 1106 2878 Caeterum
1159 2812 1334 2878 diversitas
1355 2820 1494 2877 naturae
1523 2813 1724 2897 simplicitati
1746 2814 1814 2878 ullo
1837 2814 1935 2878 modo
1958 2827 2137 2899 repugnet:

130 2906 290 2985 quantum
313 2920 355 2964 ex
374 2897 576 2980 inspectione
598 2895 673 2960 libri
685 2896 816 2962 Serveti
835 2897 1105 2964 confessionibus·
1159 2905 1258 2981 atque
1270 2899 1716 2982 insaniatproindeecclesia,
1735 2901 1931 2965 Trinitatem
1950 2901 1983 2964 in
2002 2902 2139 2979 unitate,

130 3006 194 3070 que
215 2994 248 3049 et
270 2983 521 3049 refutationibus
545 2982 730 3066 perspicere
751 2981 858 3060 licuit,
887 2982 1105 3065 deprehendi·
1158 2993 1192 3047 et
1213 2986 1371 3048 unitatem
1399 2986 1433 3048 in
1456 2985 1619 3049 Trinitate
1647 2984 1871 3050 venerandam
1894 2986 2140 3052 commendans.

127 3092 202 3136 mus
220 3070 316 3152 plano
334 3071 369 3133 in
387 3068 623 3151 redemptionis
644 3074 775 3133 nostrae
792 3069 987 3151 mysterium
1011 3070 1105 3135 stric-
1158 3066 1255 3135 Sicut
1276 3077 1308 3134 et
1326 3069 1461 3135 Christo
1480 3071 1542 3134 Dei
1565 3071 1650 3135 Filio
1672 3071 1779 3135 multa
1800 3093 1874 3135 cum
1898 3092 1976 3153 prae
1998 3093 2033 3136 se
2055 3074 2140 3137 ferat

126 3165 200 3221 tum
222 3175 293 3219 esse
316 3155 453 3238 stylum:
478 3162 639 3237 caputque
662 3153 739 3218 fidoi
761 3153 801 3217 de
824 3153 910 3218 Filio
929 3152 1003 3231 Dei,
1027 3177 1104 3220 vero
1158 3156 1317 3233 tribucre,
1348 3157 1521 3221 manifeste
1550 3164 1661 3221 tamen
1684 3155 1811 3220 duabus
1835 3157 1963 3220 naturis
1985 3167 2139 3221 constan·

127 3243 199 3307 Deo
222 3241 263 3307 ab
286 3249 434 3317 aeterno,
464 3261 608 3322 vereque
631 3239 762 3303 homine
785 3240 868 3304 facte
891 3262 932 3303 ex
957 3239 1103 3319 muliere,
1156 3249 1225 3306 tem
1248 3262 1421 3323 personam
1444 3248 1559 3324 negat,
1588 3261 1672 3323 quac
1699 3243 1794 3305 iuxta
1821 3241 1913 3305 illam
1945 3242 2076 3324 quidem
2099 3242 2139 3306 ab

126 3329 212 3401 sicut
234 3325 410 3410 Apostolus
427 3326 543 3408 inquit,
562 3326 655 3389 iuxta
671 3325 905 3409 promissiones
923 3326 1024 3391 factas
1045 3334 1103 3408 pa·
1157 3335 1290 3391 aeterno
1313 3334 1445 3390 stante
1469 3327 1578 3391 secula
1595 3326 1717 3391 nedum
1739 3334 1816 3390 ante
1838 3328 2100 3392 incarnationem
2120 3351 2140 3392 a

128 3414 241 3490 tribus,
265 3410 427 3495 stupenda
444 3411 627 3475 temeritate
645 3411 733 3476 hunc
752 3412 924 3493 impetere:
949 3432 1104 3493 persona·
1156 3413 1257 3477 Patre
1269 3413 1417 3496 genitum
1430 3410 1618 3495 (Scriptura
1628 3412 1784 3494 testatur)
1791 3412 1820 3498 ⁴)
1833 3421 1870 3474 ut
1880 3413 1974 3477 cuius
1986 3434 2140 3496 egressus

130 3520 203 3563 rum
232 3499 330 3562 trium
360 3496 604 3562 distinctionem
632 3498 665 3560 in
695 3497 857 3561 essentiae
878 3496 1003 3561 unitate
1026 3498 1103 3561 sim-
1157 3519 1177 3562 a
1206 3497 1321 3562 diebus
1349 3498 1555 3562 aeternitatis
1584 3506 1649 3575 est,
1680 3507 1714 3561 et
1741 3518 1801 3579 per
1827 3519 1924 3579 quem
1954 3499 2039 3563 faeta
2062 3517 2140 3563 cunr.

127 3583 256 3666 pliciter
277 3583 405 3648 tollere:
430 3582 555 3647 Christi
573 3582 720 3665 gloriam,
737 3583 838 3664 ¹quam
857 3581 957 3646 habet
973 3584 1104 3648 aPstrc
1156 3583 1274 3660 secula,
1298 3584 1464 3666 gignentis
1486 3592 1639 3648 naturam
1660 3603 1721 3665 per
1742 3584 1853 3647 omnia
1879 3585 2014 3648 referat:
2049 3586 2142 3649 iuxta

128 3667 169 3733 ab
192 3676 338 3745 aeterno,
372 3688 545 3734 sueciam:
579 3667 678 3749 idque
701 3675 814 3732 contra
837 3676 969 3750 apertae
992 3667 1104 3751 Scrip·
1156 3670 1242 3735 hanc
1260 3691 1339 3734 vcro
1357 3670 1392 3732 in
1411 3668 1520 3733 seculo
1541 3679 1665 3744 netum,
1689 3689 1824 3733 carnem
1843 3666 1883 3732 de
1901 3690 1999 3734 carne
2017 3680 2139 3748 nostra,

126 3764 223 3818 turae
245 3753 384 3832 oracula,
407 3762 506 3836 atque
528 3752 730 3818 orthodoxae
751 3753 905 3818 ecelesiae
928 3754 1104 3819 confessio·
1156 3777 1197 3819 ex
1221 3754 1402 3820 substantia
1426 3756 1575 3838 virginis,
1599 3776 1657 3836 per
1675 3756 1787 3818 omnia
1809 3754 1966 3819 fratribus
1989 3756 2139 3820 similem.

127 3860 218 3904 nem:
260 3859 358 3920 quam
386 3858 460 3902 cum
487 3839 606 3903 fratres
638 3838 743 3903 nostri
771 3839 922 3922 Tigurini
951 3840 1104 3921 perpicue
1156 3841 1229 3906 Hoc
1252 3862 1330 3924 ergo
1353 3841 1503 3905 veritatis
1524 3839 1607 3922 pedo
1628 3859 1771 3922 pressus,
1799 3841 2042 3921 quantumlibet
2063 3842 2139 3907 sub·

127 3925 284 4006 docteque
307 3925 536 4006 expresserint,
561 3944 621 3989 nos
638 3932 677 3989 ut
694 3926 724 3988 ci
743 3925 876 4006 penitus
897 3927 1103 3990 consentien-
1156 3927 1258 4006 dolus,
1282 3928 1436 4008 vaferque
1455 3936 1594 3990 tenetur.
1640 3926 1856 3991 Meminimus
1879 3948 1957 3990 vcro
1980 3949 2039 3993 nos
2062 3938 2139 3993 ante

127 4021 177 4075 tes
204 4019 353 4093 repetere
385 4008 644 4093 supersedemus.
701 4009 825 4089 erales
858 4017 968 4075 autem
998 4010 1105 4076 habiti
1157 4032 1261 4078 annos
1282 4013 1400 4095 viginti
1422 4021 1489 4076 tres
1511 4011 1547 4075 in
1570 4012 1632 4076 hac
1654 4011 1791 4076 civitate
1812 4009 1943 4076 domino
1966 4011 2139 4078 Oecolam-

128 4098 208 4173 sint,
240 4097 295 4178 qui
324 4116 379 4159 ecs
407 4096 562 4160 articulos
596 4116 742 4178 unquam
772 4103 901 4159 tentare
929 4097 1000 4161 ausi
1027 4098 1102 4176 sint,
1156 4097 1251 4180 padio
1273 4099 1557 4182 praestantissimo
1574 4097 1672 4163 huius
1695 4096 1851 4163 ecclesiae
1873 4095 2015 4180 praesidi
2038 4119 2139 4182 nego-

126 4183 238 4246 notius
261 4187 319 4258 est,
343 4202 442 4263 quam
464 4189 503 4246 ut
524 4189 620 4265 egcat
630 4181 846 4263 explicatione
864 4189 985 4246 nostra.
1015 4181 1103 4248 Can·
1149 4184 1239 4248 tium
1263 4183 1303 4247 ab
1325 4183 1387 4249 hoc
1410 4184 1481 4266 ipso
1503 4182 1637 4249 homine
1660 4183 1846 4248 exhibitum
1870 4185 1987 4259 esse,·'¹)
2010 4190 2042 4246 et
2064 4205 2139 4248 ver-

126 4286 182 4331 cro
205 4267 317 4332 morbo
339 4267 466 4332 Paulus
488 4265 646 4332 eiusmodi
673 4274 799 4348 pestem
830 4267 1040 4333 assimilavit:
1070 4275 1104 4332 et
1155 4267 1205 4333 bis
1235 4269 1429 4351 scriptisque
1463 4271 1548 4334 serio
1580 4268 1841 4351 interpellatum,
1876 4267 1980 4331 nihilo
2013 4269 2139 4333 factum

129 4351 280 4415 haeresin
304 4351 502 4417 definierunt
524 4365 660 4430 veteres,
684 4352 828 4434 adeoque
851 4354 975 4435 etipse
999 4355 1103 4436 Apes·
1156 4353 1425 4420 emendatiorem:
1460 4362 1498 4420 ut
1530 4357 1597 4419 iam
1630 4364 1701 4420 tum
1733 4353 1787 4419 vir
1814 4353 1880 4417 Dei
1907 4354 2139 4435 sagacissimus

128 4437 224 4512 tolus,
247 4436 370 4501 crimen
393 4440 497 4502 multo
519 4439 634 4514 levius,
657 4460 755 4520 qnam
774 4440 813 4503 ab
828 4438 1101 4521 hocdesignatur.
1155 4442 1353 4504 seutentiam
1365 4440 1488 4519 tulerit,
1501 4439 1657 4505 daturum
1669 4437 2026 4520 religionichristianac
2037 4461 2139 4524 grave

22 4596 25 4601 g
127 4524 173 4586 Et
194 4543 254 4606 pre
277 4522 451 4587 haereticis
479 4524 627 4589 damnati
647 4535 726 4588 sunt
746 4524 1017 4607 proclamatique,
1048 4525 1103 4607 qui
1156 4525 1378 4608 dispendium,
1407 4528 1472 4591 nisi
1493 4547 1594 4590 manu
1618 4522 1756 4588 Domini
1777 4523 1996 4607 frangeretur.
2043 4524 2138 4607 Quae

127 4631 195 4673 una
223 4607 333 4689 aliqua
355 4607 388 4670 in
412 4617 505 4689 parte
527 4611 755 4693 impegissent,
784 4612 811 4674 si
835 4631 980 4674 errorem
1003 4611 1103 4692 pcrti-
1127 4601 1130 4703 Ι
1155 4633 1229 4676 cum
1252 4612 1299 4675 ita
1321 4613 1401 4690 sint,
1425 4612 1491 4675 viri
1513 4608 1799 4694 praestantissimi,
1822 4610 1967 4691 primum
1990 4613 2139 4676 omnium

126 4694 241 4759 nacius
264 4693 348 4756 tueri
371 4705 555 4776 pergerent.
605 4696 690 4759 Cum
705 4699 729 4777 ¹)
752 4694 913 4761 Servatus
936 4717 1002 4760 non
1024 4697 1103 4760 sim·
1155 4698 1272 4762 meritc
1295 4699 1418 4782 gratias
1437 4699 1507 4762 Deo
1526 4705 1660 4760 aeterno
1682 4695 1770 4778 patri
1786 4693 1866 4760 Iesu
1877 4695 2004 4761 Christi
2028 4698 2137 4782 agitis,

124 4779 254 4861 plicam,
276 4779 333 4844 sed
356 4800 397 4842 ex
420 4778 532 4842 multis
553 4779 774 4861 impietatibus
792 4785 964 4846 conflatam
988 4782 1103 4847 haere-
1448 4806 1453 4823 .
1587 4828 1600 4857 „

101 4906 104 4911 -
127 4865 265 4930 ticorum
289 4865 416 4928 lernam
437 4866 644 4947 profiteatur:
668 4868 784 4946 pnto2)
799 4868 899 4945 Arrii,
912 4868 1102 4945 Marcionis,
1318 4955 1323 4966 .
1527 4953 1533 4965 .

127 5040 329 5047 ------
1225 4952 1602 5143 :autrepierre

1225 5090 1256 5156 3)
1274 5090 1347 5144 Ibid.
1366 5090 1489 5156 pultum,
1506 5104 1630 5160 meaque.

196 5153 225 5219 1)
244 5155 301 5208 Les
317 5153 383 5208 e'ds't.
402 5152 555 5222 iiuprune'es
573 5161 633 5208 ont:
652 5156 743 5277 Atqui.
1226 5158 1257 5224 4)
1277 5158 1352 5212 Ibfd.
1370 5166 1497 5213 testante.

195 5221 225 5288 2)
245 5223 300 5276 Les
317 5222 414 5277 memes
432 5229 493 5277 cet:
512 5224 615 5278 larvam
633 5240 682 5291 pro
705 5231 785 5292 tetur,
805 5232 879 5294 puta.
1226 5227 1257 5291 5)
1277 5226 1349 5300 Ibc'd.
1368 5227 1428 5297 ipso
1446 5233 1473 5280 et
1490 5243 1549 5284 esse
1568 5232 1723 5296 marquart

1877 5309 1928 5364 bl·
