4732 5910
223 330 267 396 rc
850 412 855 419 ¹
1053 326 1119 392 uu
1140 322 1417 392 aemulare.
2204 327 2249 389 ιο

163 550 169 562 ·
227 517 316 584 nihil
337 515 432 582 nobis
453 515 497 580 sit
516 513 682 597 reliquum
702 520 835 596 praeter
845 519 1031 579 extremam
1052 512 1212 579 bonorum
1263 532 1325 595 pro
1347 512 1492 579 iustitiae
1520 532 1600 578 suae
1628 511 1817 578 defensioue
1844 512 2029 591 certabant,
2056 531 2139 593 quae
2161 511 2248 578 nihil

228 603 378 671 omnium
407 600 561 684 inopiam.
616 599 705 665 Nam
738 598 806 665 illic
838 599 997 665 stultitiae
1035 598 1213 665 damnatur
1264 617 1364 680 quam
1386 598 1497 665 fumus
1519 606 1600 677 erat,
1623 597 1681 663 sed
1701 605 1814 663 tamen
1836 596 1970 663 Christo
1987 597 2161 680 pretiosior
2181 597 2249 665 illis

228 690 385 757 universa
406 685 578 752 hominum
600 706 638 750 sa
659 684 778 751 ieutia:
799 686 926 751 iustitia
943 692 977 749 et
994 685 1103 751 virtus
1124 683 1212 750 redi·
1265 682 1451 750 videbatur.
1508 684 1649 766 Utrique
1687 684 1833 749 violento
1873 685 2000 766 impetu
2031 683 2173 749 ruebant
2203 682 2248 749 ad

229 780 354 860 guntur
374 772 410 837 in
431 769 583 836 nihilum.
653 791 691 837 oc
713 790 792 837 vero
814 771 923 836 carnis
942 771 1113 854 superbiae
1130 769 1211 835 adeo
1265 768 1524 853 oppugnandum
1545 769 1763 854 evangelium,
1792 768 1851 835 sed
1873 768 1909 833 hi
1929 769 2098 834 famosius:
2121 776 2162 833 ut
2185 790 2246 853 pa-

227 858 362 927 ridetur
387 855 609 933 intolerabile,
642 864 683 921 ut
710 876 790 940 prae
822 854 1019 940 indignitate
1044 854 1211 934 freudmt,
1264 854 1333 918 lam
1350 855 1452 933 fieret,
1473 854 1560 919 nihil
1577 853 1759 940 hypocritis
1777 874 1850 919 esse
1865 854 2075 919 virulentias.
2110 852 2165 919 De
2183 854 2247 921 boc

229 944 416 1028 quicunque
447 940 598 1006 nondum
630 963 665 1007 ss
697 942 786 1026 ipsos
817 942 982 1026 abnegare
1014 940 1211 1007 didicerunt.
1265 940 1419 1005 scandalo
1442 939 1595 1006 Christus
1621 942 1694 1024 ipse
1723 939 1921 1024 generaliter
1947 939 2108 1022 loquitur:
2142 961 2247 1022 quum

227 1029 358 1094 Volunt
378 1027 469 1093 enim
490 1027 643 1092 homiues
663 1048 794 1111 semper
818 1027 962 1092 retinere
990 1025 1116 1110 aliquid
1159 1046 1212 1090 rc-
1264 1024 1353 1104 dicit,
1380 1026 1467 1091 filios
1488 1026 1609 1091 saeculi
1630 1026 1794 1109 evangelii
1817 1025 1923 1090 lucem
1946 1024 2019 1089 odic
2041 1024 2179 1103 habere,
2202 1049 2246 1092 nc

225 1115 353 1198 prium:
376 1120 475 1197 atque
498 1119 537 1178 ut
558 1112 667 1196 aliqua
689 1134 731 1178 ex
752 1118 847 1196 parte
868 1113 971 1179 coacti
988 1112 1108 1179 cedant
1162 1132 1211 1191 eo,
1263 1110 1352 1175 mala
1368 1111 1516 1194 ipsorum
1539 1132 1638 1195 opera
1655 1119 1837 1195 appareant
1857 1111 1988 1195 (Ioann.
2009 1115 2038 1188 3,
2058 1111 2123 1192 20).
2157 1110 2247 1176 Nam

227 1199 290 1265 sibi
312 1206 427 1264 tamen
449 1198 561 1263 omnia
583 1198 685 1263 semel
707 1200 789 1281 eripi
810 1197 901 1264 nullo
919 1197 1016 1263 modo
1034 1197 1209 1264 sustinent.
1262 1204 1389 1261 remoto
1411 1197 1590 1281 evaugelio,
1619 1207 1777 1280 tanquam
1800 1196 1873 1262 luce
1895 1196 2071 1273 exstincta,
2099 1195 2189 1262 lucet
2209 1198 2246 1262 in

226 1286 327 1351 Initio
362 1284 425 1349 sibi
452 1282 610 1349 videntur
641 1284 889 1367 sapientissimi,
925 1283 1045 1349 fiducia
1076 1283 1212 1349 virtutis
1262 1281 1407 1347 tenebris
1427 1282 1530 1348 fallax
1553 1290 1588 1348 et
1608 1282 1749 1348 evanida
1759 1283 1868 1348 carnis
1891 1281 2062 1364 sapientia,
2085 1302 2246 1366 regnum·

226 1391 309 1437 suae
330 1370 439 1435 inflati
450 1376 538 1445 sunt,
559 1369 717 1434 iustitiam
733 1391 828 1435 suam
840 1367 1055 1435 admirantur.
1090 1369 1212 1435 Postea
1263 1388 1326 1449 que
1348 1368 1487 1433 obtinet:
1509 1371 1588 1434 ficta
1608 1389 1687 1435 vero
1705 1370 1871 1447 sanctitas,
1894 1368 1964 1432 alas
1977 1389 2054 1433 suas
2062 1367 2207 1434 fastuose
2220 1370 2246 1452 ¹)

228 1477 249 1520 a
277 1457 351 1521 Deo
377 1454 510 1533 moniti,
547 1455 670 1538 partim
698 1455 799 1520 etiam
825 1455 969 1521 convicti
997 1456 1210 1538 experientia,
1263 1453 1517 1536 circumquaque
1550 1454 1708 1520 extendit.
1768 1452 1876 1519 Simul
1910 1460 2007 1536 atque
2045 1454 2164 1519 unicus
2196 1454 2276 1541 sol,

228 1541 427 1624 sapientiam
444 1539 576 1622 quidem
588 1561 683 1606 suam
705 1541 869 1619 vacillare,
892 1540 1098 1607 virtutemet
1116 1540 1212 1604 iusti·
1264 1538 1411 1603 iustitiae
1433 1537 1588 1606 Christus
1615 1561 1691 1605 cum
1710 1539 1873 1623 evangelii
1895 1538 1947 1605 sui
1968 1538 2117 1605 claritate
2138 1559 2247 1604 emer-

227 1627 311 1693 tiam
335 1625 522 1693 claudicare
544 1634 745 1710 agnoscrmt:
769 1626 826 1691 sed
850 1633 889 1690 ut
911 1647 946 1692 se
962 1646 1099 1709 prorsus
1120 1625 1211 1690 omni
1263 1625 1328 1707 git,
1355 1645 1422 1689 nou
1444 1631 1576 1689 tantum
1605 1632 1807 1691 evanescunt
1833 1625 1892 1689 illa
1919 1645 2003 1707 quae
2030 1626 2123 1708 prius
2146 1645 2246 1691 suum

227 1712 364 1778 destitui
393 1712 555 1795 sapientia
588 1721 622 1777 et
649 1713 775 1777 iustitia
803 1711 956 1790 credant,
991 1711 1083 1777 nullo
1115 1708 1212 1776 modo
1263 1709 1394 1774 culmen
1417 1708 1550 1776 honoris
1571 1711 1789 1795 occupabant,
1811 1709 1869 1775 sed
1892 1711 1997 1776 instar
2017 1710 2173 1776 stercoris
2192 1731 2246 1777 re-

228 1804 369 1882 possunt
393 1796 521 1862 adduci.
565 1797 639 1862 Hoc
667 1806 780 1863 autem
810 1796 889 1880 quid
915 1796 1005 1862 aliud
1034 1804 1086 1863 est
1112 1817 1211 1879 quam
1263 1801 1433 1878 putantur.
1479 1796 1568 1862 Hinc
1600 1797 1677 1862 illae
1699 1796 1823 1862 scilicet
1842 1796 2018 1880 lacrymae.
2063 1794 2159 1862 Haec
2186 1795 2245 1861 illa

228 1883 334 1950 veluti
354 1883 442 1948 facta
463 1883 615 1966 pactione
635 1905 711 1949 cum
728 1884 800 1948 Deo
817 1882 955 1967 partiri?
989 1882 1213 1967 Evangelium
1264 1889 1316 1945 est
1336 1880 1479 1946 exitialis
1507 1882 1659 1961 offensio,
1688 1882 1729 1947 de
1751 1902 1816 1965 qua
1842 1880 1920 1947 alibi
1941 1881 2068 1947 Paulus
2087 1881 2245 1965 loquitur,

228 1976 342 2034 autem
363 1968 473 2033 lucem
500 1968 593 2034 illam
620 1989 720 2052 quam
748 1990 808 2034 nos
835 1967 958 2034 habere
980 1968 1211 2052 imaginamur,
1263 1965 1349 2048 quod
1370 1967 1538 2050 propriam
1559 1967 1720 2033 iustitiam
1742 1967 1892 2035 volentes
1913 1967 2069 2046 stabilire,
2096 1968 2245 2033 iustitiae

227 2054 425 2138 pronunciat
446 2074 517 2119 esse
539 2075 648 2119 meras
670 2055 835 2120 tenebras:
869 2054 1015 2120 iustitiae
1037 2074 1115 2121 vero
1137 2053 1211 2117 nul·
1263 2050 1328 2117 Dei
1346 2052 1482 2117 subiecti
1504 2073 1571 2117 nou
1592 2055 1718 2119 fuerint
1739 2053 1850 2138 (Rom.
1873 2058 1920 2133 10,
1941 2053 1985 2135 3).
2030 2051 2127 2133 Quod
2147 2053 2246 2119 hodie

227 2139 295 2204 lam
318 2137 400 2205 adeo
428 2146 559 2223 guttam
587 2139 760 2223 relinquit,
789 2144 828 2204 ut
848 2138 986 2205 foetidas
1008 2159 1117 2204 coram
1138 2139 1210 2204 Deo
1263 2159 1391 2220 quoque
1418 2138 1616 2221 experimur.
1660 2140 1790 2205 Paucos
1820 2138 1908 2203 enim
1932 2138 2043 2206 videas
2063 2139 2246 2222 sapientiae

227 2223 342 2290 sordes
364 2245 436 2289 esse
456 2225 667 2309 pronunciet,
696 2245 907 2308 quaecunque
936 2225 1073 2291 anobis
1099 2224 1209 2290 afferi·
1263 2243 1343 2288 suae
1372 2225 1586 2306 persuasione
1612 2226 1759 2302 inflatos,
1794 2226 1850 2306 qui
1884 2244 1952 2290 non
1983 2225 2052 2290 siut
2086 2224 2246 2289 obstinati

226 2331 309 2375 mus.
364 2310 431 2374 Hic
463 2311 709 2377 excandescunt
740 2311 856 2377 mundi
890 2312 1070 2394 sapientes:
1104 2310 1209 2395 hypc·
1263 2312 1338 2387 [pag.
1361 2313 1415 2389 20]
1442 2310 1593 2376 veritatis
1622 2310 1744 2376 hostes.
1793 2309 1998 2394 Hypocritae
2031 2330 2109 2375 vero
2137 2329 2246 2392 usqne
2313 2325 2323 2340 ·

227 2396 329 2461 critas
351 2396 452 2461 etiam
472 2397 652 2462 insaniunt.
685 2398 796 2480 Atque
813 2397 896 2462 haec
912 2397 1089 2479 praecipua
1110 2415 1210 2461 causa
1262 2394 1304 2458 ad
1324 2394 1449 2459 rabiem
1481 2396 1601 2461 infesti.
1645 2397 1692 2461 Et
1724 2416 1808 2479 quae
1840 2396 1905 2461 alia
1932 2416 2031 2461 causa
2062 2394 2247 2546 Bunellcsg

226 2482 289 2546 fuit
308 2503 368 2548 cur
389 2482 477 2547 circa
498 2482 592 2566 regui
604 2480 732 2548 Ohristi
754 2482 890 2547 exordia
911 2489 982 2548 tota
998 2480 1210 2564 philosopho·
1264 2480 1336 2558 brit,
1359 2499 1419 2545 cur
1440 2480 1481 2546 ab
1504 2482 1674 2566 evangelio
1697 2481 1860 2560 deficeret,
1884 2481 1949 2547 nisi
1970 2481 2057 2563 quod
2077 2480 2178 2545 hcmc

227 2588 302 2631 rum
324 2568 423 2644 natio,
447 2567 543 2649 quasi
563 2567 649 2633 fucta
667 2567 917 2650 conspiratione,
940 2588 1006 2633 una
1029 2588 1104 2633 cum
1126 2566 1209 2650 poli·
1261 2566 1516 2631 ostentationem
1537 2578 1644 2645 natus,
1667 2574 1701 2632 ct
1724 2568 1785 2634 sibi
1808 2566 1883 2652 plus
1905 2566 2007 2632 nimio
2029 2566 2178 2649 placens,
2206 2566 2246 2630 in

167 2729 170 2731 ¹
228 2652 304 2716 ticis
330 2651 500 2731 omnibus,
516 2652 541 2734 ¹)
566 2662 636 2716 tam
664 2652 820 2717 ardenter
846 2674 882 2717 se
910 2653 1082 2736 evangelio
1110 2672 1209 2750 cppe-
1262 2649 1411 2716 ordinem
1433 2673 1468 2716 se
1490 2653 1564 2737 cogi
1586 2674 1683 2736 aegre
1706 2652 1910 2719 sustinebat?
1956 2652 2068 2719 Unum
2097 2651 2247 2735 exempli

229 2738 341 2812 suerit.
376 2737 541 2802 Nolebant
563 2738 653 2801 enim
675 2756 768 2802 suam
787 2736 850 2802 sibi
872 2738 1071 2820 sapientiam
1091 2758 1210 2820 per1re,
1262 2755 1362 2802 causa
1388 2738 1569 2803 nominavi.
1614 2739 1753 2804 Utinam
1782 2760 1849 2804 non
1875 2737 1998 2804 multos
2024 2735 2163 2802 haberet
2191 2738 2246 2803 sui

227 2842 327 2906 quam
348 2830 383 2887 et
403 2822 469 2905 ipsi
490 2822 596 2887 instar
616 2821 698 2888 idoli
719 2821 910 2903 adorabant,
939 2830 974 2888 et
994 2825 1089 2890 cuius
1110 2843 1210 2889 causa
1262 2822 1395 2888 similes.
1446 2821 1538 2903 Quid
1573 2831 1684 2890 autem
1716 2823 1811 2890 nobis
1843 2821 2033 2908 agendum?
2083 2821 2246 2888 Sinamua

226 2907 373 2973 maximo
394 2907 576 2972 inhonore
601 2929 637 2973 se
652 2908 775 2973 ‘haberi
796 2915 965 2974 noverant.
1010 2910 1122 2993 Atque
1143 2909 1209 2974 uti·
1261 2906 1335 2973 illos
1356 2907 1460 2990 impin
1484 2930 1540 2974 ere
1560 2910 1597 2974 in
1618 2909 1763 2992 lapidem
1779 2910 1978 2987 offensionis,
1999 2914 2038 2973 ut
2057 2905 2148 2973 idem
2166 2908 2245 2988 illis,

227 3014 308 3058 nam
340 2992 452 3058 miuus
485 2992 603 3057 talium
636 2994 808 3059 homiuum
841 2995 1022 3060 offensione
1056 2994 1210 3061 commoti
1261 2992 1347 3076 quod
1368 2994 1448 3058 olim
1462 2930 1607 3075 iudaeis,
1629 2996 1770 3062 eveniat.
1815 2994 1974 3061 Volentes
1995 2993 2158 3060 iustitiam
2176 3003 2247 3060 sta·

226 3079 370 3144 fuissent
397 3077 497 3162 prisci
526 3084 599 3158 [pag.
624 3084 676 3158 19]
704 3079 867 3146 doctores!
912 3079 1000 3145 Nam
1032 3079 1112 3145 dum
1142 3079 1209 3145 illis
1261 3086 1371 3160 tuere,
1400 3079 1511 3163 inquit
1531 3080 1674 3160 Paulus,
1704 3081 1849 3147 iustitiae
1870 3080 1936 3146 Dei
1963 3100 2031 3145 nou
2058 3086 2138 3144 sunt
2165 3079 2247 3145 sub-

227 3163 412 3230 mulcendis
437 3163 617 3248 pharmaca
645 3164 802 3231 adhibere
829 3164 980 3243 student,
1009 3164 1149 3231 dilutam
1171 3184 1209 3231 ac
1260 3165 1347 3231 iecti.
1381 3165 1434 3230 Ita
1456 3166 1496 3229 fit
1516 3166 1611 3231 utin
1633 3189 1694 3233 sua
1715 3168 1872 3235 caecitate
1916 3172 2038 3232 creant
2070 3164 2247 3247 Libenter,

226 3248 426 3334 degenerem
434 3249 464 3334 2)
492 3248 694 3335 theologiam
723 3251 817 3317 uobis
847 3250 1063 3317 tradiderunt
1113 3251 1209 3316 Nun·
1260 3250 1413 3335 iuquam,
1448 3272 1509 3316 ncs
1535 3252 1653 3319 inanes
1686 3273 1724 3319 ac
1751 3252 1859 3317 nudos
1885 3188 2020 3317 dihristo
2048 3250 2245 3316 offeramus:

225 3355 326 3419 quam
348 3342 466 3419 sponte
487 3334 535 3399 ita
556 3335 684 3419 loquuti
707 3344 817 3402 essent
837 3334 1009 3421 Origenes,
1032 3335 1209 3403 Tertullia·
1260 3357 1324 3419 quo
1342 3357 1402 3401 uos
1415 3337 1489 3402 'suis
1502 3335 1597 3402 bonis
1609 3338 1755 3422 impleat,
1779 3357 1839 3403 sua
1860 3336 1964 3422 gloria
1988 3337 2120 3403 vestiat:
2143 3342 2248 3420 atque

225 3442 297 3500 nus,
316 3420 521 3506 Cyprianus,
543 3419 699 3502 Basilius,
722 3421 989 3507 Ohrysostomus,
1013 3429 1047 3488 et
1063 3422 1134 3488 eius
1155 3443 1209 3488 or·
1260 3420 1322 3487 hcc
1367 3443 1450 3487 enus
1472 3422 1620 3488 scandali
1642 3423 1800 3490 abolitum
1822 3424 1893 3489 erit.

224 3505 311 3574 diuis
332 3508 459 3590 reliqui.
471 3508 498 3589 ⁸)
532 3506 601 3573 Sed
624 3506 703 3573 dum
725 3516 1022 3591 temperamentum
1044 3514 1208 3592 quaerunt
1380 3529 1475 3573 erum
1501 3529 1592 3574 mare
1620 3508 1857 3594 quodammodo
1883 3507 2148 3574 exhauriendum
2172 3529 2248 3574 eus·

223 3591 393 3675 placandis
414 3592 532 3658 mundi
555 3593 769 3676 sapientibus,
792 3594 848 3661 vel
858 3594 1072 3661 declinandae
1093 3614 1208 3660 eorum
1259 3592 1389 3675 cipiam,
1412 3595 1441 3658 si
1461 3593 1563 3660 velim
1585 3594 1741 3662 scandala
1758 3595 1871 3660 omnia
1883 3600 2047 3673 excutere,
2070 3600 2105 3658 et
2127 3592 2249 3659 ordine

224 3678 412 3757 offensioni,
457 3686 582 3743 terram
620 3679 710 3745 coelo
749 3684 965 3747 miscuerunt
1026 3680 1207 3745 Hominem
1259 3698 1441 3758 recensere,
1464 3699 1547 3761 quae
1569 3679 1631 3746 sibi
1652 3681 1767 3747 miseri
1785 3680 1935 3746 homiues
1955 3681 1990 3745 in
2013 3699 2109 3744 suam
2129 3680 2248 3761 perni-

225 3782 361 3844 prcrsus
382 3764 554 3828 exinanire
575 3763 723 3829 odiosum
741 3772 821 3844 erat,
844 3772 879 3830 et
899 3766 1067 3832 communi
1086 3765 1208 3831 iudicio
1260 3763 1344 3828 ciem
1372 3783 1415 3828 ex
1442 3767 1623 3848 scripturae
1653 3765 1802 3833 doctrina
1829 3773 1971 3831 struunt
2014 3764 2130 3846 Neque
2152 3765 2249 3831 enim

226 3845 412 3914 adversum.
422 3847 452 3931 ⁴)
480 3847 931 3933 Mitigationemexcogitant,
950 3850 1207 3932 quaeadcarnis
1259 3856 1383 3915 temere
1404 3848 1502 3915 modo
1523 3851 1728 3936 impingunt,
1755 3852 1783 3917 si
1805 3871 1870 3934 qua
1890 3851 2032 3917 occurrit
2053 3848 2247 3929 difficultas,

226 3952 360 3998 sensum
371 3933 507 4016 propius
519 3931 665 3999 accedat:
678 3934 736 3998 sed
747 3934 1054 4001 iutereadoctrinae
1070 3935 1207 4002 sinceri·
1242 3947 1251 3963 ⁹

227 4023 279 4083 tas
296 4018 500 4100 profanatur.
533 4018 626 4102 Ergo
636 4018 722 4083 nihil
742 4020 861 4085 melius
872 4039 972 4103 quam
983 4020 1077 4086 ulcus
1096 4022 1207 4104 ipsum

226 4104 358 4168 fortiter
378 4104 502 4186 premi,
531 4124 596 4186 quo
617 4105 692 4169 fieri
718 4107 822 4188 possit
848 4127 890 4170 ex
916 4107 1008 4170 sanie
1029 4107 1102 4190 ipsa
1122 4106 1208 4172 iudi·
1331 4137 1360 4204 1)
1381 4154 1483 4194 comm,
1502 4156 1538 4193 un
1555 4156 1636 4209 paon·

228 4189 325 4254 cium.
370 4188 463 4253 Nihil
485 4196 597 4254 autem
620 4190 756 4269 clarius,
784 4209 882 4275 quam
910 4211 1033 4257 vesana
1055 4192 1209 4276 superbia
1330 4206 1361 4272 a)
1381 4206 1482 4261 Petras
1499 4207 1634 4263 Ronanus
1652 4214 1736 4278 patre
1754 4208 1921 4264 Neruam
1943 4214 2027 4262 scas
2054 4204 2171 4260 Talem
2194 4207 2248 4262 λιι·

227 4273 381 4341 incitatos
408 4295 539 4357 semper
568 4275 669 4340 irrisae
695 4276 863 4355 homines,
892 4284 930 4341 ut
958 4277 1129 4361 evangelio
1151 4277 1208 4343 ob-
1261 4276 1400 4329 Μπῑθνθθ
1417 4276 1511 4330 him
1529 4276 1620 4332 mit
1647 4279 1720 4332 iste
1731 4275 2163 4357 Maameecyanmsim,
2181 4276 2248 4345 ΨΟ

227 4365 423 4442 streperent.
464 4359 594 4426 Eadem
615 4382 715 4427 causa
732 4361 875 4427 Iudaeos
895 4363 1054 4429 incitabat
1075 4362 1118 4428 ad
1138 4363 1208 4429 bel-
1261 4343 1341 4425 Alae
1354 4343 1485 4425 Mesatis
1503 4351 1586 4426 mii.
1602 4318 1718 4427 Am?
1736 4346 1778 4400 1⁰·
1799 4344 1918 4428 camin·
1932 4344 2045 4465 suado
2061 4343 2141 4425 'mi
2160 4360 2247 4428 ⁶9⁰¹?

226 4443 357 4509 luinum
377 4446 533 4525 furorem,
556 4467 620 4529 quc
641 4447 784 4529 percitos
801 4448 902 4513 baisse
912 4448 1001 4531 ipsos
1010 4455 1112 4514 testes
1130 4456 1210 4516 suut
1258 4412 1626 4547 {fflfflssfflss
1636 4421 1763 4538 “lym
1779 4414 2013 4551 ⁸122ng
2026 4411 2247 4549 “yffy'fflffffl

228 4530 467 4614 evangelistae,
500 4533 696 4615 praesertim
727 4534 839 4598 Lucas
874 4541 908 4598 et
939 4535 1076 4600 Paulus.
1120 4535 1209 4600 Nam
1262 4549 1339 4618 apud
1361 4550 1474 4605 Venetos
1491 4551 1640 4606 ααιιιικιιιι
1661 4553 1730 4618 fait,
1756 4553 1819 4606 iam
1840 4550 1959 4606 eosdm
1976 4550 2128 4604 racemi
2145 4548 2191 4603 1ο.
2211 4551 2247 4605 de

1262 4617 1341 4673 soca
1357 4619 1482 4699 episcopo
1506 4620 1660 4688 Voarienei,
1684 4636 1762 4690 poem
1780 4619 1877 4675 deado
1894 4620 1925 4674 ιἰι
1945 4617 2067 4673 Mitem
2080 4617 2245 4674 τοὰιιιιισιιι

1260 4693 1397 4757 sequutae,
1414 4687 1520 4758 aliqum
1531 4703 1585 4757 per
1601 4704 1692 4744 aanor
1709 4691 1740 4744 in
1758 4690 1818 4744 rias
1834 4688 1897 4743 cede
1913 4687 2065 4756 episcopali
2078 4688 2166 4741 caan
2184 4686 2244 4743 lde

1260 4756 1368 4838 ruriam
1390 4757 1472 4838 eqd..
1492 4755 1570 4812 Dec'
1642 4759 1739 4838 mur
1762 4759 1794 4812 iu
1817 4755 1934 4837 Italion
1952 4756 2094 4836 profectae
2121 4753 2249 4837 Taurea·

296 4819 326 4885 1)
346 4836 414 4901 avec
431 4821 506 4901 leurs
522 4837 707 4903 gourernenrs
726 4830 755 4877 ct
771 4837 838 4892 gens
856 4822 962 4879 d'estat.
1259 4825 1329 4891 fcta
1351 4831 1483 4879 maressa
1504 4842 1530 4880 o.
1554 4774 1623 4879 idid
1640 4831 1745 4881 ἀειαιιι
1766 4825 1977 4896 qacdrcpeeemc
1994 4829 2114 4948 arpano.
2151 4823 2245 4888 (Busa

295 4888 649 4959 2Jfr01deetdesgrustc.
787 4934 791 4940 .
1262 4891 1357 4948 eccll.
1374 4892 1417 4947 48.
1448 4892 1658 4949 Sarumcrtboni
1672 4896 1761 4964 electo
1780 4894 1930 4950 Gallorum.
1958 4893 2022 4963 Ray
2062 4892 2124 4957 etc.)
2143 4890 2245 4948 &aaa

296 4956 327 5024 3)
345 4957 420 5011 aad.
439 4957 495 5013 a’ils
513 4966 625 5014 eusseut
642 4959 719 5029 suyvi
737 4975 768 5016 ce
788 4974 841 5030 qne
862 4959 933 5015 Dieu
950 4960 1010 5016 leur
1028 4962 1102 5017 avcit
1120 4961 1209 5019 donne
1260 4961 1341 5030 colret
1364 4968 1519 5030 amatorem
1542 4963 1719 5033 appellabant
1746 4969 1803 5019 tarn
1820 4963 1853 5019 cb
1871 4962 2070 5032 pelagianismi
2082 4961 2247 5018 'croccicn'a

226 5026 259 5081 de
277 5028 421 5093 iugemeut
1206 5099 1208 5101 ι
1262 5045 1387 5098 morea,
1405 5037 1462 5087 tara
1480 5033 1547 5102 quic
1559 5032 1636 5100 opud
1646 5030 1751 5088 Sdccrt
1760 5048 1800 5100 ep.
1818 5047 1910 5101 epm,
1928 5032 1978 5101 qai
1994 5032 2094 5100 etipse
2110 5037 2247 5099 camare

294 5092 325 5158 4)
345 5095 397 5149 Ces
420 5096 489 5151 bons
511 5109 703 5176 personnages
726 5097 856 5153 carebant
878 5113 915 5151 un
938 5114 1034 5168 moyen
1059 5098 1122 5168 plus
1147 5115 1210 5155 ecu-
1262 5104 1329 5166 erat,
1348 5105 1374 5154 et
1387 5099 1510 5165 fidelium
1522 5106 1717 5170 pereeqrcutcr,
1741 5102 1849 5156 ιιῖοιιίίο
1938 5099 2037 5156 amat
2053 5114 2124 5169 qam
2143 5105 2245 5167 patro·

226 5161 313 5216 lorme
331 5179 367 5216 au
385 5179 448 5218 sens
465 5165 590 5233 hunam,
614 5162 682 5219 c’est
709 5162 743 5219 de
765 5163 900 5223 concedar
923 5167 948 5221 ie
965 5181 999 5221 ne
1018 5181 1049 5221 sa
1083 5183 1156 5238 quoy
1174 5184 1210 5224 an
1261 5183 1316 5222 aas
1339 5169 1447 5223 moria
1469 5170 1501 5222 in
1522 5170 1692 5239 magelaus
1719 5169 1868 5225 dioeceseos
1919 5169 2059 5225 aarum
2083 5175 2109 5222 et
2130 5168 2248 5225 meaa

225 5229 303 5284 franc
322 5231 421 5285 arbitro
439 5238 468 5285 et
484 5233 581 5288 laisser
597 5231 716 5302 quelque
733 5243 810 5297 rertu
829 5235 965 5302 naturalle
984 5251 1037 5291 aux
1049 5184 1184 5292 hommes.
1261 5238 1322 5306 abac
1338 5242 1364 5292 et
1380 5239 1491 5307 eceeqas'
1508 5237 1577 5293 aas
1591 5252 1694 5308 poem
1710 5243 1757 5294 est.
