4702 5926
204 327 269 392 659
1114 321 1319 392 SERVETI
2082 343 2086 352 ·
2162 319 2229 383 660

205 514 313 581 cadom
334 531 453 594 auoque
473 508 578 596 ipnern
597 511 690 577 rbnm
711 532 779 579 esse
798 533 907 579 oerum
928 514 1041 597 iprum
1077 517 1104 578 at
1125 533 1192 578 esse
1243 510 1408 575 essentiam
1427 509 1557 591 formae,
1579 509 1762 591 etformom
1782 529 1877 575 suom
1897 510 1937 575 ab
1958 516 2080 577 aeterno
2100 511 2224 591 retinet,

205 599 241 665 id
263 600 370 680 ipsum
397 597 480 679 quod
502 597 602 663 Deus.
656 597 756 663 Estne
788 598 826 664 ob
859 600 895 665 id
926 603 1066 663 mutatus
1092 598 1192 677 Dens,
1240 597 1378 679 formam
1398 593 1550 661 bominis:
1577 615 1631 660 nec
1651 595 1824 677 confusam,
1851 616 1906 660 nec
1924 597 2133 674 immundam,
2169 616 2224 662 nac

202 683 342 767 formam
369 683 521 748 occultam
542 682 633 748 nobis
647 684 873 767 patefaciens?
919 685 1012 768 Ipnis
1039 684 1093 749 ille
1112 683 1192 766 dpu-
1243 683 1418 748 alteratam.
1466 680 1595 747 Obsecro
1616 687 1654 760 te,
1688 682 1724 747 id
1744 682 1981 760 omnipoterdiaa
2001 681 2067 746 Dei
2088 682 2223 762 tribuas,

203 789 277 834 ram
297 769 436 834 bominis
457 767 605 849 eatbam,
637 770 750 835 oirtnda
771 770 837 836 Dei
861 769 921 850 fiat
933 773 958 854 ¹)
992 768 1088 849 borno,
1123 769 1194 834 sub-
1243 771 1279 831 ut
1298 766 1432 831 moulan
1451 766 1543 831 illam
1565 767 1692 832 animae
1713 772 1785 831 tuac
1800 768 1961 846 rationem,
1983 788 2064 849 quoa
2084 767 2224 836 bominis

204 853 354 922 stauticle
386 873 499 936 corpus
532 875 571 919 en
604 855 728 939 cirpinc
756 856 905 939 panitmn.
960 855 1039 937 Quis
1067 874 1191 935 quaeso,
1243 852 1383 917 oluuius
1419 852 1555 932 formam
1592 852 1649 916 tibi
1686 853 1807 917 iuterna
1843 853 1948 933 refert,
1989 854 2094 933 possit
2130 854 2224 920 Deus

206 940 324 1006 dicitur
356 938 403 1004 rbi
436 959 505 1004 asse
540 939 631 1020 filius
663 940 737 1020 Dei,
777 961 799 1005 a
832 946 928 1020 patre
956 939 1026 1006 Deo
1062 940 1191 1005 realiter
1242 941 1366 1001 aeterne
1387 937 1423 1001 in
1443 944 1514 1001 o'e're
1542 937 1689 1002 laceratam
1716 937 1920 1003 conium
1941 938 2091 1005 exhibere.
2137 939 2224 1004 Hinc

205 1024 400 1090 distinctus?
445 1024 539 1108 Ipnis
570 1025 624 1090 ille
655 1025 786 1107 formali
818 1027 949 1104 ratione,
985 1031 1191 1107 otpersonae
1242 1024 1312 1087 sina
1332 1021 1493 1087 materiali
1510 1027 1714 1102 corporatura
1731 1042 1896 1105 copnosces,
1918 1024 2053 1088 ideolem
2070 1025 2224 1090 rationem

202 1109 392 1194 fipurotione
426 1111 545 1176 dicitur
576 1109 676 1191 filius,
708 1130 771 1177 non
806 1112 936 1178 realiter
968 1112 1136 1176 distinctus
1169 1131 1190 1174 a
1241 1107 1417 1185 exhibitam,
1450 1106 1639 1188 bppostatica
1660 1107 1884 1187 subsistentem,
1910 1110 2050 1189 formam
2076 1112 2221 1176 luminis.

199 1201 305 1277 patre.
348 1196 431 1274 An)
467 1195 558 1263 bomo
583 1195 634 1262 bic
654 1216 725 1262 aere
756 1196 895 1275 realiter,
928 1201 957 1262 at
987 1196 1191 1277 corporaliter
1242 1192 1393 1258 Formam
1414 1192 1550 1257 barinis
1565 1193 1883 1276 fulporemdioinum
1901 1196 1959 1274 qui
1984 1201 2021 1259 nt
2040 1195 2130 1260 bomo
2153 1217 2223 1262 con·

202 1281 328 1366 penitus
349 1286 394 1345 est
411 1281 450 1346 de
471 1280 649 1346 substantio
666 1281 731 1348 Dei
742 1284 853 1362 patris
869 1287 897 1347 et
913 1282 1048 1366 oirpinis
1066 1281 1189 1347 matris.
1241 1278 1431 1359 spioiendns,
1448 1282 1485 1340 ut
1500 1278 1588 1343 bomo
1604 1298 1637 1342 sa
1654 1279 1729 1343 olim
1748 1278 1915 1344 anbibebot.
1944 1279 2040 1346 Nibil
2055 1281 2168 1346 borum
2187 1282 2224 1346 in

207 1367 288 1432 Loco
309 1368 384 1431 item
404 1371 566 1432 moneatur
586 1367 673 1450 ipnis
694 1367 755 1446 illa,
789 1372 846 1431 ont
878 1387 962 1432 auro
989 1368 1093 1432 diuini
1126 1367 1190 1447 spi
1240 1364 1329 1428 oerbo
1350 1368 1384 1428 tu
1406 1365 1557 1446 apnoscis,
1589 1364 1644 1428 sed
1658 1365 1834 1446 procaciter
1854 1385 1955 1448 nepes,
1974 1366 2077 1447 fuisse
2097 1367 2222 1445 realem,

206 1454 300 1531 ritus,
323 1457 381 1517 aut
402 1451 496 1533 lapis,
516 1456 573 1517 arnt
590 1453 667 1530 flos.-
699 1473 744 1517 on
764 1451 941 1537 moneturss)
977 1457 1049 1517 tunc
1075 1450 1210 1516 Deus?
1241 1449 1431 1527 distinctum,
1443 1449 1632 1513 invisibilem
1643 1450 1755 1530 filium,
1768 1450 1887 1515 actione
1898 1450 1979 1516 reati
1987 1453 2134 1535 percitum.
2159 1451 2224 1517 Sed

204 1536 298 1604 Deus
319 1538 434 1618 ubique
453 1557 576 1619 semper
596 1536 751 1602 exsistam
772 1537 951 1615 immobilis,
972 1557 1026 1603 nec
1048 1539 1110 1603 loco
1127 1557 1190 1601 mc
1241 1535 1323 1599 unda
1340 1534 1395 1600 boo
1406 1534 1552 1614 probas?
1576 1539 1651 1613 [pag.
1671 1540 1747 1614 591]
1768 1535 1834 1599 Nec
1846 1537 1909 1600 iota
1920 1556 2020 1601 unum
2035 1537 2139 1615 babes,
2161 1558 2223 1620 quo

205 1627 301 1701 odor,
325 1641 381 1686 nac
401 1621 438 1686 ob
459 1627 615 1688 ostarsom
636 1622 728 1686 illam
747 1623 885 1705 formam
914 1623 1077 1688 alteratur.
1107 1621 1190 1686 -Scd
1238 1619 1344 1700 filium
1370 1619 1472 1684 alium
1498 1619 1536 1683 ab
1562 1619 1685 1684 bomine
1706 1621 1824 1686 doceas.
1869 1620 1944 1685 Non
1975 1622 2224 1688 substantialiter

205 1713 281 1773 sunt
303 1707 355 1772 rili
376 1707 462 1772 modi
483 1707 729 1789 dispensationis
756 1728 813 1773 seu
835 1707 1033 1775 exhibitionis
1053 1708 1189 1785 diuinae,
1242 1706 1277 1768 in
1296 1710 1391 1786 patra
1417 1705 1522 1786 filium
1547 1705 1701 1769 bominem
1731 1706 1833 1787 fuisse
1856 1707 2001 1786 dicimus,
2034 1729 2097 1774 non
2117 1714 2224 1775 tamen

206 1813 271 1874 quo
293 1812 327 1857 se
347 1792 444 1871 nobis,
466 1797 502 1856 ut
521 1794 598 1872 oult,
627 1812 698 1857 oere
718 1791 810 1858 Deus
832 1792 960 1872 subibat,
988 1799 1016 1859 ct
1041 1795 1076 1858 in
1097 1793 1189 1858 rebus
1240 1790 1381 1855 realibus
1402 1792 1468 1855 tuis
1488 1790 1624 1855 motibus
1645 1796 1674 1854 et
1689 1792 1825 1872 pneris
1871 1792 2043 1859 Naturalis
2063 1799 2133 1858 erat
2152 1795 2224 1860 Deo

205 1879 281 1962 opit.
330 1876 417 1942 Moto
443 1876 567 1943 bomine
596 1876 727 1955 Obristo,
760 1898 822 1942 uon
849 1878 1027 1943 mouebatur
1046 1879 1189 1944 substan·
1241 1877 1380 1953 scientio,
1416 1881 1452 1939 ut
1483 1877 1607 1956 speculo
1637 1876 1817 1956 relucentia,
1851 1879 2041 1944 naturaliter
2072 1880 2221 1960 referens,

205 1965 253 2029 tio
295 1963 430 2028 deitatis.
491 1962 634 2028 Externa
668 1962 861 2043 monebatur,
895 1984 958 2043 per
996 1970 1100 2029 obrem
1137 1964 1189 2028 da·
1239 1960 1522 2026 substantialiteret
1535 1963 1697 2042 pri-mario
1709 1959 1868 2027 Glnristum
1884 1965 2050 2029 continens.
2076 1966 2222 2030 Natura·

206 2046 367 2115 scandebat
387 2047 526 2128 spiritus
553 2052 690 2126 sondrae,
723 2049 759 2113 in
789 2049 860 2114 Deo
891 2049 1043 2114 immobili
1069 2069 1191 2130 semper
1241 2046 1282 2111 lis
1314 2046 1374 2111 illa
1404 2047 1583 2119 relucentia,
1617 2048 1689 2112 idea
1716 2049 1886 2127 naturalis,
1921 2053 1951 2112 at
1970 2068 2033 2129 par
2053 2071 2087 2114 se
2108 2053 2222 2133 prima

206 2135 368 2199 easistens.
438 2130 573 2197 Verbum
610 2153 706 2198 suum
744 2133 837 2199 Deus
876 2135 999 2200 visibile
1031 2135 1187 2216 patefecit,
1240 2132 1305 2197 dici
1338 2137 1448 2212 potest,
1481 2138 1517 2196 ut
1551 2130 1674 2197 Obristo
1706 2133 1823 2197 dicitm
1849 2131 1938 2213 εἶδος,
1977 2140 2006 2200 et
2035 2138 2117 2201 sicut
2147 2138 2223 2203 ideo

205 2221 296 2284 varie
317 2219 415 2297 misit,
446 2223 475 2283 et
496 2218 667 2284 immobilis
688 2220 816 2285 mansit.
861 2220 927 2284 His
953 2222 1055 2286 modis
1082 2240 1190 2285 oerum
1241 2222 1285 2283 est
1322 2218 1435 2282 mentis
1478 2218 1561 2282 ratio
1601 2218 1694 2298 λόγος.
1759 2216 1797 2282 st
1836 2219 1922 2300 λόγον
1967 2222 2003 2285 in
2041 2221 2110 2287 Deo
2155 2223 2223 2289 dici

205 2309 276 2403 en,
293 2305 375 2386 quod
408 2303 557 2369 scribitur
581 2304 674 2369 Deras
704 2304 781 2403 olim
805 2306 1010 2403 descendisse,
1044 2307 1148 2404 inisse,
1158 2304 1188 2388 ⁴)
1240 2302 1375 2368 ideolem
1411 2304 1566 2401 rationein
1603 2303 1660 2367 tibi
1698 2323 1759 2367 non
1793 2305 1906 2386 docet,
1951 2306 2077 2405 dicotur
2120 2329 2223 2374 serrno

205 2390 983 2559 tttoe’blttfwtb'tttziitttfltll
1003 2391 1189 2555 {Vbnt
1240 2389 1647 2557 {ambibit
1660 2388 2223 2559 ttdlb'tltln.stltz

204 2561 322 2625 secluso
343 2560 449 2643 ampeli
469 2561 663 2625 ministerio:
695 2561 776 2625 sieut
808 2581 885 2626 aero
917 2582 969 2626 res
996 2566 1073 2641 erat,
1105 2562 1188 2642 quod
1240 2579 1295 2623 seu
1311 2561 1403 2639 ratio,
1426 2561 1504 2640 quin
1520 2559 1563 2623 sit
1578 2559 1695 2624 idealis
1711 2561 1803 2640 ratio,
1824 2563 1994 2627 relucentia
2010 2565 2059 2628 rai
2076 2564 2220 2629 alterius.

204 2645 360 2710 descendit
392 2645 526 2726 spiritus
560 2651 689 2710 sendus
716 2647 753 2710 in
777 2644 945 2712 Obristum.
992 2646 1101 2711 Motus
1122 2651 1189 2710 arat
1244 2643 1354 2709 Omnis
1375 2665 1496 2726 quoque
1521 2646 1679 2725 sapientia
1706 2651 1750 2710 ast
1774 2647 1934 2712 natmnlis
1952 2649 2131 2714 relucentia.
2179 2649 2223 2715 In

204 2731 325 2794 ratione
348 2731 518 2795 adiunctae
539 2735 710 2806 creaturae,
731 2751 794 2795 uon
816 2734 939 2796 ratione
959 2733 1101 2798 deitatis:
1122 2732 1189 2795 nisi
1240 2735 1367 2795 aeternna
1395 2729 1460 2794 Dei
1493 2730 1559 2796 luca
1591 2731 1742 2795 relucebat
1770 2731 1916 2797 Christus
1940 2734 2081 2815 plamone,
2115 2735 2153 2798 ob
2187 2735 2223 2800 id

204 2820 323 2880 motum
354 2815 443 2880 duos
470 2816 564 2880 iunta
589 2816 714 2897 formae
733 2815 889 2883 ecbibitaa
916 2818 1051 2897 modum,
1085 2836 1189 2882 scarn-
1240 2816 1342 2880 dictus
1363 2815 1535 2881 relucentia
1553 2816 1700 2898 ploriosa,
1723 2816 1817 2881 Hebr.
1845 2823 1873 2883 1.
1918 2817 2002 2883 Erat
2021 2818 2169 2885 Obristus
2187 2822 2223 2884 in

204 2902 282 2967 dum
313 2919 403 2981 ouem
425 2900 507 2967 locos
527 2900 676 2980 mutabat,
699 2902 774 2968 locis
791 2903 838 2966 ita
856 2924 888 2967 se
905 2903 1059 2968 anbnbens.
1085 2903 1189 2983 Quan-
1241 2901 1309 2966 Dao
1349 2902 1461 2983 primo
1504 2902 1701 2984 refulpentio,
1740 2903 1853 2983 prima
1897 2905 2038 2969 omnium
2070 2907 2222 2986 potantia,

204 3005 300 3068 quam
323 2990 400 3050 esset
421 2985 468 3048 ibi
489 2987 626 3070 onpelus,
659 2987 696 3050 in
715 2987 825 3070 onpdo
847 2994 917 3054 arat
937 2988 1035 3054 Deras.
1086 2988 1190 3053 Visus
1241 2988 1348 3052 ornnic
1369 2989 1526 3052 continens
1547 2989 1715 3067 sapientia,
1737 2989 1879 3053 mundus
1901 2990 1936 3053 in
1956 2991 2110 3055 creatione
2126 3011 2223 3056 suum

206 3070 299 3136 Dens
321 3071 525 3151 descendebat,
559 3077 589 3136 et
609 3073 746 3153 spiritns
766 3074 835 3155 ipse
855 3079 989 3154 sanatus,
1021 3074 1078 3155 qui
1099 3072 1190 3139 Deus
1241 3074 1381 3138 ordinem
1396 3073 1559 3153 praebens,
1593 3073 1677 3137 oalut
1708 3093 1747 3137 en
1778 3094 1812 3138 sa
1839 3075 1913 3155 ipso
1939 3077 2092 3157 scriptum
2113 3077 2224 3160 depro

203 3162 260 3236 est,
283 3156 499 3222 descendebat:
530 3177 585 3222 neo
618 3156 654 3222 ob
687 3156 724 3222 id
754 3163 802 3223 est
834 3163 972 3224 mutatus
999 3159 1097 3239 Deras,
1124 3159 1190 3241 for-
1241 3178 1335 3224 mans.
1381 3158 1425 3222 In
1451 3159 1542 3222 oerbo
1570 3163 1661 3223 eraut
1687 3160 1794 3223 ornuia
1820 3180 1882 3241 par
1905 3162 2092 3225 creationem
2113 3183 2154 3226 aa
2174 3164 2225 3227 in-

204 3262 291 3308 mam
330 3247 445 3307 certam
485 3242 632 3308 anbibens
671 3248 699 3309 et
726 3245 934 3325 patefaciens.
996 3245 1039 3308 In
1073 3246 1189 3328 ampelo,
1240 3243 1418 3310 visibilibus
1436 3243 1523 3325 facta
1543 3243 1693 3322 visibilia,
1715 3250 1744 3309 et
1763 3245 1890 3310 uerbum
1910 3246 2025 3328 npsram,
2058 3253 2153 3312 antea
2173 3248 2224 3312 in-

185 3327 355 3408 ,Abrabae
376 3328 453 3406 oiso,
488 3333 557 3392 erat
586 3329 693 3410 formo
718 3328 846 3409 Gbristi,
879 3329 986 3411 forma
1013 3332 1127 3409 lucens,
1163 3336 1191 3395 et
1241 3329 1372 3408 visibile,
1390 3349 1423 3393 se
1441 3328 1580 3393 enbibuit
1594 3329 1733 3394 visibile:
1749 3332 1848 3412 prius
1868 3332 2091 3412 occultaratio,
2109 3334 2225 3399 deinde

205 3416 273 3480 oiso
294 3413 402 3497 onpalo
428 3414 527 3478 simul
547 3414 639 3481 Dans
665 3414 838 3495 videbatur,
872 3417 997 3481 uerbum
1027 3417 1190 3481 uidebatur
1241 3416 1428 3497 manifestus
1449 3434 1556 3478 smnio.
1600 3413 1736 3479 Enstitit
1764 3416 1867 3480 lumen
1896 3418 2082 3497 delumine,
2117 3419 2224 3483 lumen

207 3499 362 3578 Obristus,
383 3498 530 3564 Elobim.
586 3501 633 3566 At
653 3503 800 3582 quomodo
833 3503 870 3566 in
897 3501 1005 3586 onpelo
1037 3501 1192 3567 relucebat
1242 3520 1401 3582 apparens
1429 3500 1467 3564 da
1495 3499 1614 3564 lumine
1647 3520 1709 3564 nou
1744 3507 1920 3582 apparente.
1983 3502 2063 3569 Idea
2092 3502 2224 3585 Obristi,

205 3585 305 3664 Deus,
333 3585 486 3650 relucebat
508 3584 677 3651 Obristus?
722 3585 835 3667 Ipsam
867 3588 972 3671 anpeli
1002 3592 1031 3653 et
1064 3589 1191 3653 animae
1241 3591 1334 3651 anteo
1372 3585 1633 3665 imperceptibilis,
1672 3606 1706 3651 se
1740 3592 1862 3666 posteo,
1901 3590 1937 3650 ut
1973 3607 2087 3669 corpus
2125 3589 2223 3668 verbi,

206 3676 332 3735 rrostroa
373 3669 581 3735 substantiam
614 3676 759 3752 penetrat
795 3674 891 3752 intus,
930 3679 958 3737 et
992 3674 1100 3753 implet
1133 3674 1190 3737 luoc
1239 3671 1465 3754 perceptibilem
1486 3669 1634 3749 enbibuit,
1658 3673 1813 3737 visibilem
1835 3678 1864 3737 ct
1881 3673 2072 3756 tonpibilem.
2119 3673 2224 3756 Spiri-

206 3755 300 3834 oerbi,
323 3757 404 3819 siant
424 3755 480 3819 lun
499 3757 576 3820 solis
597 3765 701 3821 atram
723 3762 871 3836 penetrat
897 3764 925 3821 et
945 3759 1061 3840 implet.
1106 3758 1190 3823 Erat
1241 3764 1293 3822 tus
1314 3778 1432 3838 qnoque
1454 3757 1489 3821 in
1509 3756 1670 3840 arcbetppo
1690 3758 1829 3837 dioinus,
1855 3762 1891 3822 ut
1911 3760 2045 3839 spiritus
2066 3760 2142 3824 idea
2164 3761 2224 3823 im-

206 3860 317 3905 nomen
344 3839 409 3906 Dei
444 3841 479 3904 in
514 3842 616 3906 madio
649 3842 761 3925 anpeli,
795 3841 887 3908 Deus
918 3844 986 3924 ipse
1017 3845 1053 3906 in
1086 3844 1189 3908 media
1237 3841 1452 3924 perceptibilis
1473 3842 1635 3921 assistens,
1663 3848 1738 3922 post
1770 3844 1955 3909 creationem
1980 3864 2015 3909 se
2035 3845 2223 3927 perceptibi-

208 3925 310 4008 anpeli
333 3925 518 3990 substantia.
566 3926 668 3992 and.
691 3932 747 3990 23.
803 3927 888 4009 Quid
910 3926 1000 4009 obest,
1022 3931 1190 4010 quominus
1241 3929 1301 3992 lam
1321 3927 1469 4007 enbibuit
1491 3933 1518 3991 ct
1539 3928 1645 3992 omnia
1666 3929 1814 4009 implevit.
1858 3928 1912 3993 Ea
1932 3950 1984 3994 res
2009 3931 2133 3995 nullam
2154 3930 2222 3996 Dei

206 4013 243 4076 in
265 4010 373 4094 anpelo
394 4011 550 4074 uideretur
566 4011 631 4076 Dei
648 4012 705 4076 lun
720 4013 870 4077 verbum?
890 4018 919 4078 et
935 4015 1072 4097 anpelus,
1095 4015 1189 4096 quasi
1240 4015 1277 4078 in
1298 4033 1331 4077 sa
1353 4013 1459 4094 ipsum
1480 4013 1588 4095 arpuit
1606 4014 1723 4077 realem
1744 4015 1901 4093 adiouem,
1923 4019 1980 4079 out
2000 4016 2221 4097 sufflationem

205 4097 460 4178 transformatus,
494 4097 648 4162 dicaretur
682 4098 754 4178 quis
786 4098 880 4178 acrasi
912 4098 1027 4164 Deus?
1084 4101 1122 4164 Si
1154 4101 1189 4164 in
1241 4099 1351 4163 sedin
1372 4102 1542 4164 creaturas.
1592 4100 1676 4179 Quid
1696 4100 1802 4182 ipitur,
1830 4100 1962 4181 inquies,
1997 4105 2068 4166 onte
2093 4103 2223 4167 cranao-

206 4183 283 4249 aliis
304 4183 469 4260 creaturis,
500 4183 566 4247 luce
588 4184 777 4264 informatis,
805 4203 908 4265 paene
928 4185 1052 4249 otoaur
1073 4186 1190 4268 etpot-
1240 4205 1311 4249 nem
1332 4183 1442 4267 opebot
1462 4183 1579 4249 Deus?
1623 4182 1665 4249 Id
1686 4185 1802 4265 ipsum,
1824 4186 1906 4266 quod
1926 4206 2008 4250 nuuc
2028 4188 2103 4269 opit.
2151 4186 2224 4253 Sibi

200 4274 301 4352 potnr
322 4267 420 4345 Dans,
453 4268 548 4332 multo
579 4269 698 4350 fortius
728 4269 764 4332 in
798 4269 908 4352 anpelo
938 4270 1001 4348 illo,
1035 4275 1063 4334 et
1094 4271 1189 4335 multo
1240 4271 1308 4334 iam
1328 4274 1418 4335 mont
1438 4271 1545 4334 omnia
1566 4272 1758 4351 praesentio,
1793 4276 1821 4335 at
1851 4276 2014 4336 creatmos
2044 4292 2124 4337 snos
2153 4275 2223 4337 iarn

206 4356 320 4418 iterum
340 4354 457 4435 fortius
479 4355 515 4418 in
539 4352 670 4420 aaran
725 4353 948 4419 Incarnotione
970 4376 1040 4439 erpo
1061 4376 1124 4421 non
1145 4361 1190 4422 ast
1241 4359 1313 4422 tunc
1334 4354 1508 4438 attinpebat.
1555 4355 1633 4419 Sine
1652 4361 1786 4436 tempore
1807 4355 1897 4421 Deus
1930 4362 1976 4422 est
2003 4362 2091 4421 octus
2124 4364 2224 4423 aeter-

206 4442 361 4504 mutatum
382 4439 517 4517 cabum,
553 4441 609 4505 sed
641 4445 806 4520 assumpta
833 4459 905 4505 caro
934 4446 979 4504 est
1007 4443 1042 4506 in
1063 4441 1190 4507 uerbum
1240 4462 1311 4520 nus,
1334 4442 1368 4505 in
1389 4446 1551 4505 uenturas
1570 4460 1690 4521 semper
1711 4462 1814 4524 opens.
1846 4440 1886 4507 Se
1906 4443 2013 4524 ipsum
2034 4447 2139 4508 oratam
2159 4464 2223 4510 non

207 4524 441 4605 transformato.
483 4525 617 4589 Verbum
635 4527 718 4591 illud
734 4531 803 4590 arod
819 4525 1069 4592 substantialiter
1088 4528 1187 4609 filius,
1241 4528 1288 4591 ita
1309 4524 1503 4603 immutabat,
1524 4530 1559 4588 ut
1580 4531 1616 4589 tu
1637 4545 1706 4590 cnm
1728 4525 1878 4609 sopbistis
1900 4529 2016 4594 illusrrs
2033 4529 2224 4594 intrinsecas

206 4609 311 4690 onnoad
338 4610 505 4674 essentiam
527 4611 659 4692 formae,
694 4612 840 4693 quamvis
866 4612 1004 4677 nondum
1030 4619 1107 4678 esset
1134 4613 1190 4678 ad-
1239 4612 1343 4677 raalas
1375 4611 1511 4674 actiones
1544 4615 1572 4674 et
1603 4612 1810 4677 damnationes
1840 4611 1946 4697 finpis.
2009 4613 2049 4678 Si
2074 4619 2143 4678 erat
2176 4614 2224 4680 ibi

205 4696 312 4760 iuncta
332 4698 433 4758 terrac
450 4697 558 4760 cornis
577 4699 720 4778 materia,
742 4716 822 4779 praua
839 4702 885 4761 est
902 4717 974 4762 aere
995 4699 1034 4762 da
1055 4700 1189 4766 assentio
1241 4697 1331 4775 actio,
1353 4701 1419 4760 erat
1440 4699 1467 4760 at
1482 4696 1603 4777 passio.
1639 4698 1724 4763 Ante
1743 4699 1934 4778 creatiortem,
1955 4701 1986 4763 si
2002 4698 2109 4764 Deum
2130 4700 2168 4765 iu
2190 4721 2225 4767 sa

204 4780 275 4861 filii.
328 4780 462 4845 Verbum
483 4781 593 4861 ipsum
613 4788 769 4848 arctoam
792 4779 940 4847 Obristus
960 4781 1057 4861 bomo,
1083 4784 1188 4865 quoad
1240 4782 1287 4846 ibi
1308 4782 1488 4859 consideres,
1523 4801 1585 4846 non
1613 4787 1680 4846 crat
1707 4785 1775 4848 ains
1798 4787 1874 4863 [pig.
1897 4789 1973 4863 592]
1999 4786 2034 4850 in
2060 4805 2094 4849 se
2113 4786 2226 4868 ipsum

1241 4872 1329 4932 actus
1358 4867 1486 4948 aliquis,
1519 4887 1580 4931 non
1608 4868 1688 4934 actio
1710 4869 1822 4950 etiarm
1836 4868 1859 4952 ι)
1891 4870 2001 4935 realis.
2045 4868 2121 4935 Non
2154 4878 2228 4937 erat

143 5023 145 5027 ,
274 5018 304 5081 1)
322 5018 373 5072 fuit
1239 4952 1375 5033 spiratio
1391 4953 1538 5034 passivo,
1567 4973 1630 5018 non
1650 4974 1701 5019 ras
1723 4954 1835 5037 aliquo
1854 4955 1988 5037 spirata.
2047 4954 2122 5020 Non
2155 4964 2229 5024 erat

272 5085 304 5221 {b
320 5089 472 5235 dabuntur.
1481 5226 1488 5240 ο
1527 5227 1533 5238 ι

272 5220 304 5285 4)
322 5237 434 5280 mmsse.
1308 5225 1338 5291 1)
1356 5233 1434 5282 actus
1452 5225 1557 5295 uliquis.
