4800 5902
185 1085 490 1156 CLARISSIMIS
516 1084 647 1152 VIRIS
676 1085 736 1152 ΕΤ
765 1085 1046 1155 MAGNIFIOIS
1080 1088 1185 1156 SUIS
1216 1087 1434 1168 DOMINIS,
1468 1087 1692 1157 SYNDIOIS
1726 1089 2027 1176 SENATUIQUE
2041 1138 2042 1141 =
2057 1094 2204 1164 GENE-

186 1197 338 1278 VENSI,
360 1194 623 1264 EOOLESIAE
645 1195 899 1278 PASTORES,
923 1197 1097 1280 QUIBUS
1120 1198 1269 1266 VERBI
1293 1198 1670 1267 ADMINISIRAI'IO
1693 1202 1793 1270 TUM
1814 1202 1867 1270 IN
1883 1204 2011 1271 URBE
2029 1207 2129 1275 TUM
2150 1207 2203 1273 IN

184 1307 316 1377 AGRO
345 1306 578 1375 MANDAIA
603 1306 706 1387 EST,
739 1307 918 1376 IUSIAM
945 1308 1264 1392 SANOTAMQUE
1291 1309 1612 1378 REIPUBLIOAE
1638 1311 2120 1385 ADMINISIRA'PIONEM
2139 1319 2202 1384 ΕΤ

780 1418 994 1488 semelem
1015 1418 1292 1489 SUOOESSUM
1312 1420 1606 1489 PREOANTUR.

344 1589 432 1671 Quae
452 1608 508 1654 nos
530 1589 573 1655 ad
591 1588 728 1655 libdlum
754 1588 835 1656 luno
854 1591 1051 1658 scribendum
1073 1590 1200 1674 impulit
1220 1593 1318 1673 ratio,
1350 1592 1457 1658 eadem
1477 1593 1521 1659 ad
1541 1593 1650 1674 ipsum
1670 1593 1759 1661 uobis
1780 1597 2029 1678 nuncupandum
2049 1596 2201 1679 mamm,

185 1699 455 1784 praestantissimi
473 1698 622 1779 Domini,
651 1705 686 1764 ut
706 1699 764 1765 sub
785 1702 911 1766 nomine
931 1707 1031 1767 oestro
1052 1702 1268 1783 auspiciisque
1291 1708 1389 1769 exeat.
1435 1701 1553 1770 Eleetio
1575 1702 1641 1770 Dei
1660 1707 1818 1789 promite,
1847 1707 1998 1788 quesibi
2019 1728 2058 1772 ee
2073 1709 2203 1789 perdito

186 1812 394 1893 damnatoque
413 1809 573 1877 bominum
592 1829 703 1893 qenere
728 1831 806 1893 quos
830 1813 936 1878 oisrrm
956 1817 1002 1878 est
1023 1813 1168 1896 adoptat,
1194 1811 1342 1880 badenus
1364 1834 1427 1880 non
1449 1815 1555 1879 minus
1574 1820 1747 1882 reverenter
1773 1822 1801 1882 et
1821 1816 1937 1898 sobrie,
1962 1839 2059 1901 quam
2081 1820 2201 1885 sineere

187 1928 216 1990 et
235 1923 350 2006 absque
367 1921 440 2004 fuco
462 1920 511 1987 bic
530 1921 652 1987 tradita
674 1942 695 1986 α
716 1920 818 2003 nobis,
845 1928 874 1988 et
889 1921 1017 2005 placide
1044 1945 1066 1989 a
1081 1924 1201 2006 populo
1223 1929 1346 2004 recepta
1366 1922 1488 2005 sumat:
1518 1924 1614 1991 donee
1634 1926 1919 2010 circumforaneum
1938 1948 2081 1994 erronem
2102 1949 2203 2012 reaper

186 2034 352 2116 supposuit
371 2032 536 2098 turbarum
557 2032 696 2097 omnimn
714 2037 807 2117 pater
831 2031 941 2113 Satan,
963 2033 1065 2116 quiet
1085 2034 1258 2101 doctrinam
1280 2037 1429 2114 nostram,
1452 2053 1532 2117 quae
1554 2055 1592 2100 ee
1607 2055 1693 2117 puro
1712 2035 1778 2102 Dei
1798 2038 1887 2104 verbo
1907 2044 2034 2120 sumpta
2056 2044 2110 2119 est,
2133 2060 2204 2105 con·

186 2147 311 2226 aedae,
339 2151 368 2210 et
387 2144 481 2224 fidem
501 2143 596 2208 totius
610 2142 726 2226 poprdi
746 2142 932 2225 labefactare
953 2148 1089 2209 tentaret.
1137 2142 1199 2210 Sed
1221 2144 1300 2227 quia
1323 2143 1371 2208 rel
1400 2163 1439 2209 ee
1467 2146 1591 2210 incenso
1611 2144 1676 2212 Dei
1702 2147 1814 2228 tempto
1832 2146 1931 2214 coluit
1949 2148 2117 2230 famelicus
2137 2150 2202 2234 qla

186 2257 286 2323 riolae
306 2259 447 2339 captator
467 2255 667 2332 innotescere,
688 2274 727 2319 ne
747 2248 821 2334 [pegi
845 2259 878 2332 4]
897 2254 1069 2338 sacrileqae
1091 2255 1245 2321 audaciae
1265 2253 1448 2336 praemium
1469 2255 1551 2338 quod
1570 2262 1751 2336 aucupatus
1770 2263 1816 2323 est
1835 2264 1976 2341 reportet,
1998 2279 2110 2326 nomen
2131 2261 2202 2326 eius

186 2368 310 2433 silentio
332 2371 437 2432 nostro
458 2364 613 2448 sepultum
634 2369 768 2431 maneat.
815 2363 993 2446 Gaeianou,
1020 2366 1144 2448 quando
1165 2364 1321 2445 molestia,
1352 2386 1449 2448 quam
1475 2366 1563 2431 nobis
1591 2366 1734 2434 eelibere
1760 2375 1891 2435 matus
1916 2375 1976 2450 est,
2004 2390 2067 2435 non
2094 2371 2202 2437 minus

187 2478 272 2544 uobis
292 2478 466 2544 eommunis
484 2475 558 2558 fuit,
578 2474 718 2557 fructum
739 2476 812 2541 inde
833 2473 971 2558 aliquem
993 2477 1036 2543 ad
1053 2495 1108 2541 vos
1122 2476 1289 2558 pervenire
1308 2496 1442 2559 aequum
1459 2482 1512 2542 est.
1534 2475 1579 2542 Et
1599 2479 1860 2559 quemadmodum
1879 2500 1935 2546 vos
1950 2481 2070 2561 apem
2089 2494 2202 2547 sumus

188 2595 329 2655 strenuos
351 2588 548 2670 cordatosque
562 2588 642 2668 piae
663 2605 776 2652 causae
796 2587 950 2666 vindices,
976 2587 1023 2653 ita
1044 2591 1224 2653 nostrornm
1239 2587 1386 2667 partium
1409 2607 1475 2653 esse
1496 2587 1664 2667 ducimus,
1686 2609 1783 2671 quam
1794 2609 1960 2671 possemus
1974 2592 2202 2675 protitudiuem

190 2701 329 2768 αἰαέαέίαα
350 2699 467 2766 testari.
501 2696 626 2765 Eadem
646 2697 740 2763 etiam
757 2716 860 2780 opera,
882 2697 974 2779 quale
994 2703 1092 2764 vestm
1108 2698 1286 2780 patrocinio
1308 2699 1403 2763 tutati
1423 2698 1496 2764 sitis
1517 2699 1676 2764 doetrinae
1695 2719 1802 2783 penus,
1818 2700 1934 2782 palam
1950 2701 2107 2767 conubia
2143 2701 2203 2768 Et·

187 2812 218 2877 si
238 2813 321 2878 enim
342 2829 441 2893 neque
458 2827 622 2893 qenerosos
634 2806 837 2891 Re'qrublicae
852 2807 1030 2890 praesides,
1051 2828 1149 2890 neque
1162 2806 1282 2874 moisen·
1303 2808 1470 2875 ministros
1491 2810 1587 2875 menie
1609 2830 1630 2874 α
1650 2808 1832 2875 rumoribus
1847 2812 1984 2894 peredere
2003 2812 2102 2878 decet:
2123 2815 2203 2895 quin

181 2923 290 3009 potius
311 2922 462 2988 sinistme
482 2920 600 2985 multae
620 2917 859 2999 obtrectationes,
880 2939 962 3001 quae
982 2939 1044 2986 sua
1065 2920 1233 2986 raucedine
1251 2919 1376 3002 fractae
1392 2919 1557 3002 paulatim
1572 2920 1750 3000 concidunt,
1773 2922 1918 3006 utrisque
1935 2923 2059 3004 fortiter
2080 2924 2202 3005 altoque

103 3045 107 3051 '
187 3036 292 3101 auimo
313 3031 507 3116 spernendae
527 3034 617 3096 sunt.-
637 3049 821 3113 maquopere
841 3035 944 3096 maren
964 3029 1070 3113 refert,
1095 3031 1188 3112 quasi
1202 3029 1345 3112 publicis
1367 3030 1484 3096 tabulis
1505 3031 1721 3115 consiqnatam
1743 3030 1801 3097 surb
1822 3032 1922 3098 ocutis
1943 3032 2069 3100 etinter
2086 3054 2201 3100 uranus

187 3145 346 3212 mminum
366 3148 488 3210 andare
507 3145 557 3210 rei
573 3161 739 3222 summm,
761 3160 841 3224 quae
856 3141 959 3223 falsas
977 3145 1033 3206 aut
1049 3142 1225 3221 stultorurn,
1248 3146 1306 3207 aut
1323 3141 1448 3223 levium,
1471 3147 1529 3208 aut
1549 3139 1762 3225 improborum
1778 3161 1865 3209 voces
1881 3149 2038 3227 coaequat,
2058 3151 2087 3210 et
2101 3146 2202 3212 umal
2312 3156 2314 3159 ’

186 3260 357 3339 eornpeseat
375 3253 506 3336 frivolos
526 3252 613 3336 udqi
634 3272 794 3318 susurros.
840 3250 980 3334 Sparsus
1008 3253 1118 3318 multis
1143 3254 1180 3318 in
1207 3253 1283 3319 locis
1302 3253 1368 3335 fuit
1387 3273 1510 3334 rumor,
1533 3253 1625 3318 deeris
1645 3271 1717 3317 eum
1735 3252 1870 3318 simules
1890 3255 2075 3338 constrinqi,
2103 3276 2202 3336 quum

182 3387 244 3449 per
271 3366 409 3431 medium
433 3365 539 3446 forum
563 3362 700 3446 quotidie
726 3361 857 3429 uolitare
884 3363 1020 3429 licuerit.
1069 3363 1171 3446 ρααία
1197 3363 1334 3448 malique
1364 3365 1458 3429 etiam
1482 3363 1634 3444 amerino
1654 3361 1803 3427 virulenti
1823 3363 1954 3444 quidam
1975 3363 2130 3443 munus,
2157 3366 2202 3431 ad

188 3476 303 3558 capitis
320 3474 510 3557 supplicium
532 3496 553 3540 α
574 3473 662 3538 uobis
683 3493 753 3538 eum
774 3474 898 3556 exposci
921 3478 995 3552 [pig.
1020 3479 1062 3555 5]‚
1083 3493 1137 3540 oos
1158 3472 1246 3539 nobis
1268 3474 1379 3556 optimi
1402 3474 1478 3541 estis
1499 3477 1596 3540 testes.
1635 3472 1730 3538 Tales
1750 3472 1937 3553 calunniae,
1959 3473 2053 3539 danea
2072 3495 2201 3540 evanes-

187 3591 273 3667 cant,
302 3590 471 3668 emtenrptu
493 3591 522 3650 et
542 3584 718 3667 tranquilla
744 3585 849 3650 animi
873 3585 1087 3668 maqnitudirre
1110 3584 1266 3666 refutare,
1293 3585 1463 3668 maritatis
1491 3583 1729 3665 etprudentiae
1757 3588 1809 3649 est.
1854 3582 1999 3649 Rmsum
2019 3589 2135 3667 tamen,
2162 3606 2203 3652 ne

187 3697 299 3763 incerti
315 3695 461 3780 plerique
479 3696 674 3774 (induentur,
696 3715 829 3778 quorum
850 3695 992 3762 labenda
1014 3700 1059 3762 est
1077 3695 1173 3761 ratio:
1195 3699 1314 3761 datum
1336 3714 1451 3762 causae
1472 3693 1615 3760 annuus
1636 3713 1702 3759 esse
1723 3694 1907 3774 sepositum,
1935 3714 1996 3760 nou
2016 3697 2125 3761 minus
2146 3717 2202 3762 ea·

183 3809 279 3891 pedit,
301 3828 398 3891 quam
419 3827 458 3872 oe
479 3808 581 3890 officio
602 3812 705 3872 nostro
726 3810 780 3872 est.
826 3804 931 3890 Serpit
951 3807 1056 3872 instar
1074 3826 1252 3891 qauqrenae
1273 3807 1440 3887 impietas,
1462 3805 1566 3887 inquit
1589 3803 1728 3884 Paulus,
1756 3804 1822 3870 uisi
1842 3804 1964 3871 obuiam
1986 3811 2085 3871 eamr.
2131 3806 2203 3872 Ista

186 3927 298 3999 autern
319 3940 415 4002 quam
435 3917 493 3983 sub
513 3923 612 3984 vestm
633 3918 755 3983 nomme
774 3918 842 4000 piis
862 3916 1004 3983 mundns
1026 3918 1204 3999 offerimus,
1226 3916 1381 3998 defmsio,
1411 3921 1476 3982 tam
1498 3916 1558 3981 erit
1579 3915 1622 3981 ad
1644 3915 1801 3982 curandos
1821 3914 1996 3996 sanabiles,
2018 3918 2202 3998 etquidem

187 4050 361 4114 mamus,
381 4029 524 4095 validum
546 4027 717 4111 efdcacque
737 4027 918 4107 retrudium,
940 4048 1038 4112 quarn
1058 4025 1183 4093 salubre
1205 4027 1383 4094 antidotum
1405 4027 1497 4093 sanis
1519 4031 1547 4093 et
1568 4025 1706 4110 intepris.
1736 4026 1787 4090 Ac
1807 4025 1905 4109 diqna
1926 4031 1971 4091 est
1991 4028 2133 4106 materia
2155 4029 2201 4094 ad

187 4161 281 4224 quam
303 4140 412 4206 studia
433 4159 494 4204 seeo
515 4138 678 4204 irrtendam
696 4139 761 4221 filii
781 4137 855 4219 Des,
877 4160 915 4205 ne
935 4139 1072 4205 acdestis
1092 4159 1171 4206 suae
1190 4139 1353 4223 qeuitmae
1375 4139 1528 4222 oriqinem
1549 4136 1700 4220 iqnorent.
1736 4133 1836 4201 Stulte
1855 4137 1941 4202 euim
1961 4137 2100 4219 quidam,
2122 4138 2202 4221 quia

186 4251 380 4335 eoanqdimn
394 4251 538 4332 potentia
558 4249 624 4316 Dei
652 4254 779 4317 uocatur
806 4251 841 4314 in
867 4251 1000 4316 salutem
1025 4251 1111 4315 onmi
1142 4248 1291 4329 eredenti,
1323 4247 1378 4314 loc
1399 4251 1569 4329 preeueu
1590 4246 1655 4313 Dei
1681 4247 1857 4313 electionem
1882 4246 2053 4314 obliterant.
2097 4247 2202 4332 Atqui

187 4363 291 4427 venire
312 4361 380 4427 illis
402 4363 437 4425 in
466 4365 595 4426 mentem
617 4361 776 4440 debuerm
790 4360 885 4426 unde
912 4362 1035 4427 oriatur
1059 4360 1147 4441 fides.
1194 4358 1325 4425 Passim
1353 4363 1456 4423 aretem
1477 4359 1636 4441 scriptura
1658 4356 1788 4437 αἰαίααθ,
1816 4355 1924 4422 Deum
1941 4357 2011 4438 filio
2038 4378 2096 4424 suo
2122 4361 2201 4426 dare

185 4473 244 4556 qui
263 4473 316 4537 sui
336 4477 434 4553 erant
455 4491 565 4538 vocare
584 4490 664 4554 quos
684 4472 788 4555 deqit,
809 4475 838 4537 et
858 4490 938 4554 quos
958 4470 1020 4538 sibi
1042 4471 1203 4555 adoptauit
1223 4472 1258 4535 in
1278 4469 1371 4551 filios,
1390 4469 1511 4552 spiritu
1528 4489 1586 4535 suo
1606 4459 1781 4552 reqiqnere:
1807 4468 1930 4533 eredere
1950 4469 2082 4552 denique
2102 4471 2201 4537 bomi-

186 4603 240 4649 nes
261 4602 338 4665 quos
359 4585 427 4666 ipse
448 4583 534 4648 intres
553 4583 667 4662 docuit,
688 4587 717 4647 et
736 4581 848 4664 quibus
863 4581 1058 4665 patefactum
1079 4585 1123 4648 est
1143 4583 1214 4647 eius
1235 4579 1404 4647 bruelium
1429 4578 1531 4645 Porro
1552 4578 1698 4663 quisquis
1712 4577 1808 4658 fidem
1824 4597 1935 4643 arram
1955 4599 2021 4645 esse
2038 4586 2067 4647 et
2078 4581 2200 4664 piqnus

186 4693 295 4759 tenebit
320 4693 496 4776 adoptionis
521 4694 693 4778 qratuitae,
721 4713 760 4758 erc
783 4698 907 4760 aeterno
934 4693 1062 4760 dirrirrae
1088 4691 1243 4759 electionis
1260 4696 1334 4770 [pag.
1360 4695 1393 4770 o]
1419 4689 1502 4773 forde
1529 4709 1661 4756 manare
1685 4687 1845 4770 fatebitur.
1891 4689 2001 4771 Neque
2027 4695 2130 4757 tannen
2158 4711 2199 4757 ea

183 4824 302 4870 arcano
322 4802 388 4869 Dei
409 4803 537 4871 mnsilio
552 4803 689 4887 petenda
709 4802 797 4869 nobis
818 4808 862 4869 est
882 4803 998 4871 salutis
1018 4803 1138 4870 notitia.
1191 4802 1265 4868 Vita
1286 4803 1322 4867 iu
1345 4800 1468 4869 ouran
1484 4799 1649 4883 proposita
1669 4804 1731 4879 est,
1758 4799 1869 4880 quise
1895 4800 1931 4863 in
1957 4800 2115 4883 euanqelio
2136 4820 2199 4866 non

185 4916 275 4982 modo
290 4914 458 4998 patefacit,
483 4915 539 4981 sed
556 4914 726 4998 furendam
748 4913 877 4980 exbibet.
923 4913 966 4980 In
986 4913 1041 4980 loe
1059 4912 1218 4996 spembrm
1239 4912 1361 4994 deficeres
1388 4912 1432 4976 sit
1449 4910 1526 4992 fidei
1547 4914 1703 4992 aspectus:
1734 4927 1789 4976 nee
1802 4914 1969 4992 penetrare
1989 4914 2117 4992 appetat
2137 4932 2198 4995 quo

186 5045 328 5095 auessrrs
346 5045 410 5092 nou
422 5029 521 5108 patet.
568 5025 699 5107 onena
719 5025 795 5092 baec
815 5027 869 5091 oia
890 5030 948 5106 est,
977 5026 1012 5090 in
1033 5044 1072 5091 ea
1091 5023 1248 5090 ambulent
1266 5010 1435 5104 fitii'Der',
1456 5041 1495 5087 ue
1515 5021 1613 5088 abires
1629 5040 1726 5103 quam
1739 5019 1794 5102 fas
1815 5025 1862 5085 est
1882 5018 2044 5100 motando,
2072 5020 2107 5085 iu
2120 5042 2200 5104 pro-

183 5137 381 5221 fundiorern,
412 5157 508 5219 queam
533 5137 704 5219 optandmn
723 5137 781 5215 sit,
809 5135 1020 5221 labyrintbum
1040 5156 1074 5204 se
1094 5135 1280 5220 anaqam
1327 5132 1508 5213 antenem,
1535 5136 1572 5198 ut
1592 5151 1655 5198 nou
1676 5129 1746 5196 alia
1762 5135 1807 5196 est
1826 5129 1963 5196 eoelestis
1984 5131 2075 5216 requi
2096 5132 2199 5201 ianua
