4762 5918
156 346 201 410 53
984 337 1048 407 Du
1071 339 1346 409 SOANDALIS.
2134 355 2176 419 ot

154 530 278 614 (Maro.
308 534 345 607 9,
374 527 441 611 42).
498 526 658 593 Nostrum
696 531 808 592 tamen
841 525 967 591 interea
998 532 1063 604 est,
1101 547 1141 592 ea
1192 527 1225 602 <1
1247 527 1361 594 Ioann.
1381 531 1410 610 3,
1430 530 1474 612 3).
1519 528 1573 596 Ad
1594 526 1680 597 hano
1707 532 1918 601 sanctitatem
1946 538 2002 620 qui
2031 532 2176 606 nonas·

154 637 259 701 quam
281 613 447 680 Dominus
468 614 587 677 sternit
607 613 664 678 via
683 611 725 677 ad
747 618 871 677 metam
893 630 1078 695 properare.
1190 613 1316 695 pirent,
1343 635 1445 696 quum
1471 615 1614 682 seiamus
1640 637 1696 685 eos
1717 618 1799 685 falso
1821 617 1950 687 Ohristi
1970 642 2092 688 nomen
2114 624 2173 690 ob·

231 698 451 767 anudalum
472 705 586 764 tamen
607 699 670 764 hae
687 698 723 762 in
745 704 839 780 parte
861 696 1059 781 duplioatur,
1081 696 1141 763 ubi
1191 689 1336 779 tendbre,
1358 700 1438 847 quid
1450 708 1500 766 est
1521 720 1579 767 our
1591 723 1649 769 noa
1661 724 1723 770 sua
1743 705 1908 787 pravitate
1929 705 2112 790 impediant
2133 730 2172 776 ao

155 787 202 854 ad
224 787 386 854 saelorum
407 782 639 868 indignitatem
666 783 835 865 privatum
861 782 1020 849 damnum
1047 800 1139 847 aooe·
1190 791 1363 850 morentur
1430 785 1493 852 list
1524 787 1655 871 quidem
1689 789 1785 872 panis
1817 791 1906 856 vitae
1940 794 2168 878 evangelium:

158 873 216 938 dit
263 869 330 937 Alii
353 869 496 954 benigne
519 869 661 952 hospitio
684 869 821 951 exeepti,
844 868 898 934 vel
918 868 1006 932 furto
1029 867 1140 933 onusti
1191 867 1250 933 sed
1270 870 1415 936 multum
1442 871 1549 950 abest,
1578 873 1659 956 quin
1686 873 1728 938 ab
1755 874 1906 942 omnibus
1932 897 2034 944 oonoo
2057 886 2173 946 natur:

156 959 245 1027 olam
271 957 409 1032 abeunt,
438 952 492 1019 vel
521 954 594 1020 aliis
625 951 730 1019 modis
757 952 903 1036 hospites
932 952 1138 1031 defraudant,
1190 974 1293 1036 quum
1314 977 1357 1020 ex
1377 953 1500 1034 multis,
1522 957 1580 1040 qui
1602 957 1698 1023 avide
1719 958 1802 1023 illud
1820 957 1988 1045 deglutire
2004 899 2171 1044 videntur,

159 1045 215 1110 vel
243 1042 422 1110 sollieitant
458 1039 501 1105 ad
534 1048 687 1123 stuprum
717 1039 871 1118 aneillas,
906 1059 945 1106 ao
971 1036 1139 1103 interdum
1190 1040 1287 1120 panai
1319 1041 1390 1106 eins
1423 1048 1558 1125 gustum
1589 1044 1781 1126 pereipiant.
1835 1046 2004 1131 Denique,
2037 1049 2169 1132 qnando

160 1131 263 1196 etiam
289 1147 411 1193 uxores
439 1132 569 1190 tentare
598 1125 730 1190 audent
774 1124 843 1190 Alii
873 1123 915 1189 ad
937 1122 1139 1206 eaptandum
1189 1143 1286 1189 areae
1304 1123 1458 1192 Ohristus
1480 1127 1650 1195 eoelesiam
1677 1149 1773 1194 enam
1793 1139 1978 1214 eomparat,
1992 1135 2017 1215 ¹)
2046 1132 2102 1199 ubi
2124 1137 2172 1201 sio

159 1216 237 1281 miri
270 1213 412 1279 artifioes
449 1211 590 1278 nudatos
620 1211 828 1294 relinquunt,
866 1208 984 1293 quibus
1023 1228 1139 1307 aureos
1190 1208 1303 1291 paleae
1330 1212 1473 1277 mixtum
1505 1220 1556 1278 ast
1583 1213 1745 1294 tritioum,
1779 1223 1819 1281 ut
1850 1217 1911 1284 sub
1944 1238 1983 1282 aa
2015 1216 2172 1286 obrutum

159 1307 288 1366 montes
309 1297 560 1381 pollieebantur.
574 1297 599 1378 ¹)
644 1295 712 1361 Alii
732 1295 772 1360 in
786 1303 903 1361 mutuo
924 1295 1058 1359 fallunt:
1082 1292 1139 1358 aln
1190 1314 1311 1378 magna
1332 1318 1374 1361 ex
1424 1304 1495 1364 arte
1521 1297 1638 1376 lateat,
1660 1320 1734 1365 -non
1762 1308 1936 1368 extraneos
1958 1303 2036 1369 fauit
2056 1306 2171 1388 paleae

157 1391 234 1465 [pag.
254 1389 309 1462 66]
337 1384 489 1448 abnuunt
517 1381 717 1465 depositum:
745 1380 803 1446 alii
824 1381 860 1445 in
888 1380 1043 1446 sooietate
1065 1400 1140 1461 per·
1190 1380 1329 1458 similes,
1364 1318 1422 1448 sed
1450 1383 1505 1466 qui
1531 1383 1615 1450 falsa
1642 1386 1805 1469 evangelii
1831 1387 2035 1470 professione
2061 1389 2171 1456 looum

159 1470 267 1554 lidii)
312 1468 380 1534 Alii
414 1487 512 1550 quam
539 1467 767 1562 eleemosynae
798 1466 933 1532 nomine
966 1465 1139 1548 peouniam
1190 1465 1278 1531 inter
1298 1468 1369 1550 pios
1391 1475 1561 1552 ooonpant.
1607 1467 1775 1551 Quorsum
1793 1472 1894 1537 etiam
1911 1480 2053 1539 testatus
2075 1475 2171 1555 foret,

159 1578 182 1622 a
202 1555 298 1622 bonis
318 1554 471 1637 frugique
488 1551 675 1618 hominibus
687 1550 905 1627 abstulerunt,
927 1549 982 1615 vel
998 1551 1034 1614 in
1052 1570 1139 1616 soor·
1191 1570 1227 1616 se
1249 1552 1371 1618 multos
1393 1552 1510 1619 ultimo
1538 1554 1590 1620 die
1618 1576 1686 1620 non
1707 1557 1913 1640 agniturum,
1943 1560 1998 1642 qui
2021 1567 2056 1625 et
2077 1581 2173 1642 prae·

159 1643 321 1707 tationem
350 1645 567 1717 oonsumunt,
601 1637 657 1702 vel
683 1638 718 1700 in
746 1636 869 1715 aleam,
902 1636 956 1703 vel
989 1637 1139 1718 profusos
1191 1656 1290 1704 eones
1312 1659 1347 1704 se
1375 1639 1476 1705 trisse
1504 1640 1667 1724 evangelii
1693 1641 1878 1722 laetabunt,
1912 1650 1946 1708 et
1967 1645 2173 1711 miraoulaa

160 1727 244 1793 alios
263 1726 374 1799 luxus.
420 1724 488 1788 Alii
508 1723 593 1807 quod
621 1720 864 1789 adiuvandam
890 1741 1003 1786 eorum
1025 1720 1139 1786 indus·
1192 1743 1227 1787 se
1247 1722 1337 1788 edita
1357 1722 1512 1790 obiioient
1538 1724 1674 1810 (Matth.
1696 1729 1725 1805 7,
1745 1730 1816 1810 22):
1845 1728 1911 1794 uisi
1932 1731 2010 1813 quia
2032 1731 2173 1798 saeoulis

161 1814 260 1878 triam
289 1818 406 1890 mutuo
436 1808 549 1874 datum
582 1809 705 1886 fuerat,
744 1804 899 1873 andaoter
925 1808 962 1871 in
989 1807 1055 1872 otio
1082 1807 1139 1872 he-
1191 1809 1345 1875 omnibus
1361 1809 1444 1875 tales
1457 1809 1582 1892 aliqum
1599 1819 1730 1878 exstare
1747 1834 1880 1880 neeesse
1897 1815 1970 1881 est?
1993 1815 2051 1880 Fit
2072 1817 2173 1882 etiam

161 1898 304 1963 lnantnr.
360 1897 486 1978 Atquaj
503 1893 545 1959 ad
576 1892 658 1958 haee
688 1892 815 1975 flagitia
847 1891 999 1958 nonnulli
1037 1893 1140 1958 sooias
1191 1893 1374 1974 interdum,
1404 1903 1442 1960 nt
1469 1896 1525 1979 qui
1547 1895 1660 1962 Deum
1687 1897 1809 1980 alioqui
1837 1921 1880 1964 ex
1902 1901 2013 1967 animo
2041 1903 2172 1982 timent,

160 1983 287 2049 habent
312 1982 481 2064 uxores.⁸)
530 1979 598 2044 Alii
623 1986 868 2044 saerosanotnm
893 1978 1038 2062 ooniugii
1067 1978 1140 2043 vin·
1191 1977 1246 2043 vel
1267 1979 1386 2045 saltem
1403 2001 1470 2046 non
1487 1982 1622 2051 omnino
1644 1989 1722 2048 sunt
1738 1983 1878 2068 reprobi,
1901 1986 1937 2050 in
1956 1985 2088 2053 foedum
2110 1987 2170 2052 ali·

161 2068 286 2145 oulum,
308 2066 452 2150 dereptis
473 2065 648 2142 uxoribus,
678 2071 712 2129 et
733 2064 867 2130 abieotis
889 2063 1009 2142 liberis,
1017 2063 1048 2147 ⁴)
1072 2063 1140 2127 vio-
1190 2062 1277 2147 quod
1298 2065 1424 2131 faoinus
1441 2068 1595 2217 prolapsi,
1617 2076 1652 2133 et
1672 2089 1717 2147 se,
1740 2077 1772 2134 et
1789 2090 1888 2153 quam
1910 2080 2093 2154 sequnntur
2110 2094 2173 2155 pu·

161 2154 235 2218 lare
255 2173 321 2217 non
343 2152 506 2217 dubitant
550 2143 655 2216 Plura
675 2156 755 2214 sunt
775 2147 936 2215 eiusmodi
957 2149 1139 2215 faoinorum
1190 2169 1263 2213 rarn
1291 2150 1500 2235 religionem,
1552 2150 1687 2219 edeoore
1715 2155 1868 2220 affioiant
1913 2155 2087 2237 Quantum
2108 2157 2172 2222 fuit

147 2237 330 2320 exempla,
379 2256 457 2302 uam
485 2236 604 2319 quibus
631 2233 809 2301 reoitandis
837 2232 949 2300 brevis
970 2233 1139 2319 oamlogus
1190 2233 1274 2299 illud
1293 2234 1433 2302 Davidis
1460 2238 1637 2322 flagitium,
1667 2259 1769 2322 quum
1799 2259 1878 2305 auae
1906 2240 2034 2306 11b1d1n1
2061 2240 2171 2308 indul·

160 2324 311 2391 euffioiat.
355 2258 449 2387 iberi
470 2327 559 2387 eerte
580 2341 647 2385 non
669 2326 794 2404 potest,
822 2319 903 2402 quin
925 2339 1027 2404 grave
1048 2339 1139 2386 aoer·
1232 2340 1282 2398 ns,
1305 2327 1344 2385 ut
1365 2322 1507 2387 alienam
1528 2344 1666 2390 uxorem
1687 2331 1831 2407 raperet,
1861 2345 1930 2390 non
1952 2327 2049 2392 modo
2071 2329 2173 2409 unius

160 2410 305 2491 bumqne
330 2407 497 2493 ¹ingenuis
533 2407 651 2472 animis
683 2405 803 2472 vulnus
840 2405 970 2490 infligat
1000 2405 1139 2471 istorum
1216 2405 1337 2471 ominis
1360 2405 1400 2472 de
1428 2428 1464 2473 se
1491 2408 1575 2473 bene
1603 2410 1713 2474 meriti
1734 2409 1915 2494 innoxium⁴
1928 2410 2013 2477 fudit
2035 2414 2170 2498 sangni-
2215 2488 2218 2492 Δ

159 2494 334 2560 hominum
373 2491 521 2579 perfidia
575 2491 778 2557 Praesertim
818 2511 896 2556 vero
934 2490 1140 2555 oonsternari
1190 2509 1277 2569 nem,
1300 2489 1359 2557 sed
1379 2498 1486 2560 totum
1508 2493 1572 2559 Dei
1593 2494 1761 2576 populum,
1790 2497 2009 2578 quantumin
2031 2517 2067 2564 se
2089 2505 2169 2579 erat,

160 2580 262 2646 bonos
282 2580 372 2646 viros
399 2598 532 2644 neoeese
554 2584 617 2654 est,
647 2577 703 2660 qui
731 2597 832 2659 quum
859 2582 958 2641 tenue
978 2574 1141 2642 haberent
1190 2575 1294 2641 exitio
1322 2575 1479 2642 tradidit?
1529 2577 1567 2644 si
1595 2578 1748 2663 ooliigere
1781 2579 1881 2648 huius
1914 2583 2045 2665 generis
2060 2591 2170 2650 'sean-

158 2665 344 2765 peoulium,
372 2683 407 2731 se
436 2662 600 2748 evangelii
624 2667 814 2747 praetextu,
841 2681 908 2726 non
937 2681 1030 2728 seeus
1052 2662 1140 2728 aosi
1191 2658 1267 2726 dala
1286 2662 1403 2742 libeat,
1433 2682 1517 2746 qnae
1538 2663 1687 2731 heroioos
1709 2665 1859 2732 homines
1880 2675 2055 2734 eonoutere
2078 2675 2170 2751 pote-

160 2772 199 2815 rn
220 2750 427 2835 praedonum
454 2770 574 2821 manus
600 2745 808 2826 incidissent,
837 2747 991 2829 spoliatos
1012 2745 1138 2826 vident,
1190 2753 1277 2826 rant,
1299 2766 1383 2831 quae
1404 2746 1494 2813 domi
1511 2768 1590 2815 suae
1611 2749 1696 2816 vidit
1717 2752 1878 2817 eoelerum
1900 2760 2054 2835 portenta
2076 2774 2171 2821 sana·

160 2843 261 2920 atque
289 2835 331 2901 ad
358 2835 504 2920 inopiam
530 2832 689 2900 rsdaotos.
734 2834 844 2916 Atque
871 2831 934 2912 hoo
961 2831 1049 2898 inter
1078 2832 1139 2898 du·
1191 2838 1246 2896 tus
1267 2833 1458 2914 patr-iaroba
1478 2834 1598 2901 Iaoobf
1641 2836 1824 2921 Postquam
1845 2838 1917 2904 eius
1937 2838 2025 2904 filiae
2047 2840 2099 2905 vie
2122 2847 2173 2906 est

160 2922 249 2988 riora
265 2929 380 2988 nostra
397 2920 558 2986 exercitia
569 2918 823 2985 memorandum
840 2925 900 2996 est,
922 2916 1010 3000 quod
1025 2917 1140 2984 videre
1191 2916 1305 2983 allata:
1329 2917 1466 2985 Simeon
1488 2926 1522 2985 et
1542 2919 1628 2988 Levi
1649 2941 1715 2988 non
1735 2922 1847 2992 minus
1863 2923 2010 2991 barbara
2032 2925 2172 2991 saevitia
2247 2926 2250 2932 ’

159 3008 324 3092 eogimur,
352 3007 409 3090 qui
437 3007 483 3072 sio
511 3006 648 3088 impune
677 3004 849 3090 evangelio
875 3003 1027 3069 illudant.
1071 3003 1139 3068 Ve-
1190 3022 1290 3086 quam
1307 3004 1451 3070 nefanda
1466 3003 1649 3087 proditione
1666 3006 1858 3078 Siohimitaa
1879 3009 2054 3076 trucidant
2089 3009 2173 3077 an-
2277 3022 2281 3029 ’

159 3114 245 3172 rum,
267 3094 295 3158 si
312 3093 430 3164 merito
450 3091 605 3175 prohibet
614 3089 708 3155 Deus
724 3110 786 3173 per
806 3111 843 3156 os
860 3088 967 3168 Pauli,
980 3109 1032 3154 ne
1054 3090 1139 3155 mnl-
1191 3086 1287 3153 dibns
1319 3088 1439 3155 imbuti
1472 3091 1543 3156 eins
1570 3092 1631 3157 filii
1661 3093 1697 3158 in
1724 3093 1943 3160 fratrioidium
1969 3097 2170 3179 oonspirant

160 3185 214 3244 tos
235 3177 385 3263 ingratos
407 3183 441 3243 et
467 3197 589 3258 pravos
615 3176 744 3259 experti
765 3184 878 3241 tamen
896 3175 1139 3244 benefaoiendo
1190 3173 1329 3240 Aooedit
1349 3174 1483 3242 tandem
1506 3176 1548 3241 ad
1569 3178 1733 3244 malorum
1751 3180 1918 3246 cumulum
1937 3180 2085 3249 inoestus
2103 3183 2172 3266 pri·

159 3263 337 3348 fatigemur
356 3267 388 3345 (2
408 3261 523 3328 Thess.
543 3265 572 3339 3,
597 3262 665 3342 tel:
683 3260 781 3344 idque
798 3261 885 3339 faoit,
907 3281 949 3327 ne
967 3261 1020 3326 oui
1036 3259 1138 3343 probo
1189 3259 1349 3344 mogeniti
1375 3281 1450 3326 oum
1478 3282 1619 3329 noverea
1651 3263 1853 3331 ooneubitus
1909 3265 1955 3329 Et
1988 3274 2100 3333 tamen
2132 3268 2170 3333 in

161 3357 198 3413 et
225 3350 334 3433 egenti
360 3347 472 3413 desint
498 3355 613 3413 nostra
640 3346 762 3413 offitia:
796 3353 918 3430 quanto
946 3345 1138 3431 diligentius
1190 3365 1259 3410 una
1280 3343 1377 3411 domo
1405 3355 1484 3413 tune
1513 3348 1641 3414 inolusa
1664 3354 1739 3428 [pag.
1758 3355 1813 3429 68]
1838 3359 1913 3415 erat
1933 3352 1997 3416 Dei
2019 3351 2166 3423 ecelesia.

160 3432 360 3513 eavendnm,
388 3455 431 3499 ne
458 3433 631 3499 bominum
659 3433 858 3515 perversitas
880 3451 919 3498 eo
940 3452 1001 3497 nos
1029 3451 1137 3498 moro·
1189 3430 1226 3495 Α
1255 3430 1432 3498 reoitandis
1467 3432 1616 3515 pluribus
1652 3434 1811 3516 exemplis
1843 3435 1999 3500 abstineo.
2055 3436 2165 3503 Hodie

160 3519 274 3618 sitatis
304 3518 459 3597 adduoat,
491 3526 531 3588 ut
564 3519 680 3618 simus.
698 3538 778 3602 erga
806 3518 917 3616 Deum
942 3517 1072 3617 ingrati
1104 3524 1139 3584 et
1189 3536 1271 3614 vero
1290 3536 1395 3598 panea
1416 3517 1571 3616 soandala
1591 3517 1717 3618 lynceis
1744 3519 1847 3618 oeulis
1876 3519 2061 3602 disquirent
2082 3541 2165 3586 non·

158 3603 750 3769 tuttfttttttttttttz
767 3611 888 3773 {iffi
908 3603 1137 3754 t‘ltt‘ttt
1188 3600 1711 3769 tittflttttttrtttffl
1726 3604 2166 3776 fflttqtttzttt

159 3776 357 3856 noeendum,
381 3776 510 3846 obviam
532 3774 679 3841 eundum
700 3774 833 3840 illorum
854 3771 999 3841 insidiis:
1028 3773 1136 3841 danda
1189 3780 1299 3837 tentus
1319 3793 1392 3837 sum
1410 3773 1549 3840 leotores
1569 3774 1750 3840 monuisse:
1783 3773 1882 3840 fidem
1905 3776 2009 3842 nimis·
2024 3777 2095 3844 fore
2116 3779 2167 3843 in-

159 3878 276 3944 opere,
304 3861 528 3944 quantumin
556 3860 652 3925 nobis
678 3869 742 3938 est,
773 3867 811 3924 ut
838 3880 897 3942 per
923 3860 1137 3942 magistratus
1189 3857 1358 3936 stabilem,
1385 3859 1414 3925 si
1441 3858 1484 3926 ad
1510 3859 1562 3925 sin
1621 3880 1658 3928 aa
1686 3860 1859 3925 hominum
1886 3862 2001 3928 ruinas
2026 3863 2166 3930 subinde

159 3957 275 4012 severe
296 3947 506 4012 vindioentur
531 3945 664 4010 fraudes
692 3954 726 4010 et
751 3944 925 4011 malefieia:
958 3952 997 4008 ut
1018 3944 1137 4029 quibus
1188 3941 1343 4009 labaaoat
1388 3943 1521 4010 Interea
1542 3944 1625 4010 ilud
1642 3945 1822 4013 tenendum
1842 3954 1893 4013 est
1910 3948 2056 4013 axioma:
2078 3957 2168 4016 oerto

155 4029 298 4110 ludibrio
320 4040 371 4098 eet
391 4053 455 4098 vox
466 4029 611 4109 Domini,
633 4031 752 4114 quique
774 4031 946 4096 eoelesiam
967 4039 1136 4096 oontume-
1189 4028 1253 4093 Dei
1281 4028 1415 4094 oonsilio
1442 4032 1530 4109 fieri,
1563 4037 1602 4096 ut
1630 4051 1760 4114 semper
1776 4032 1879 4098 'bonis
1905 4031 1985 4097 mali
2011 4036 2167 4117 permixti

156 4116 473 4217 liosesnbsannant,
495 4116 693 4194 oarnifioem,
715 4115 866 4215 utldigni
883 4123 970 4196 snnt,
992 4115 1137 4216 babeant
1189 4113 1263 4178 sint.
1295 4113 1487 4214 idoamodo
1510 4123 1582 4181 tum
1602 4116 1678 4181 fidei
1699 4115 1856 4200 probatur
1877 4121 2071 4217 oonstantia,
2092 4127 2167 4186 tum

156 4202 552 4372 tttttdtttd
565 4200 1137 4366 ttttttttttttffhttt
1188 4197 1451 4365 tuttttt
1466 4202 2168 4376 tittt’ptttttmttttt}

158 4373 246 4438 ieota
261 4372 406 4439 oadnoae
422 4373 582 4456 peouniae
602 4373 738 4441 iaotura
751 4372 925 4438 coelestem
946 4372 1042 4439 nobis
1062 4377 1137 4453 [pag.
1189 4369 1368 4454 denterque
1390 4370 1622 4437 ambulandum
1649 4393 1710 4438 nos
1738 4374 1930 4455 sollicitant,
1957 4383 2030 4440 tum
2051 4376 2168 4443 mundi

159 4463 217 4537 or]
245 4458 443 4524 thesaurum
471 4458 626 4524 exoutiat.
682 4457 770 4522 Nam
797 4465 831 4522 et
858 4457 891 4522 id
920 4458 1069 4536 molitur,
1104 4468 1138 4524 et
1189 4464 1398 4540 oontemptua
1417 4457 1572 4536 oboritur,
1595 4465 1628 4523 st
1644 4479 1713 4523 una
1729 4478 1805 4526 oum
1822 4459 1987 4544 migrandi
2005 4462 2167 4529 desiderio
2291 4472 2296 4478 ”

160 4542 254 4619 nobis
275 4543 373 4628 longe
395 4546 501 4627 magia
523 4543 656 4609 exitiale
678 4550 737 4608 est.
784 4540 942 4626 Quisquis
963 4563 1055 4626 spem
1077 4544 1137 4610 ha-
1189 4541 1338 4608 ooelestia
1357 4542 1450 4622 ,vitae
1467 4543 1636 4609 meditatio
1657 4546 1782 4610 oresoit
1826 4544 1924 4627 Quod
1946 4548 1974 4614 ei
1996 4566 2096 4615 eausa
2117 4548 2168 4615 la·v

159 4627 216 4692 bet
236 4629 270 4693 in
292 4627 438 4708 Christo,
458 4630 566 4712 inquit
585 4628 737 4708 Ioannes,
767 4629 932 4712 seipsum
955 4630 1138 4696 sanetifioat
1188 4635 1270 4704 teat,
1299 4627 1352 4693 his
1373 4636 1487 4694 tamen
1507 4630 1674 4695 exereitiis
1696 4637 1844 4696 eonstare
1866 4633 2009 4700 soiamna
2030 4634 2167 4701 militiae

758 4768 761 4775 ,
1188 4720 1320 4778 nostrae
1341 4720 1480 4795 partem,
1500 4734 1584 4798 qnae
1606 4722 1676 4780 toto
1701 4717 1791 4783 vitae
1812 4719 1973 4785 ourrionlo
1995 4719 2090 4784 nobis
2111 4739 2166 4784 oo·
2295 4800 2298 4807 Ι

147 4830 259 4981 aseris)
273 4831 302 4956 ii
318 4831 1050 4971 itllltntffitlil'lelllllldfiliiflii?
1067 4850 1136 4959 iiii
1188 4798 1547 4983 leniatieuslttbmetiem
1576 4893 1686 4965 notet,
1716 4908 1799 4971 qnae
1827 4888 1932 4972 vulgo
1954 4887 2102 4953 cernitur
2128 4888 2165 4954 in

154 4985 205 5037 qur
223 4969 266 5024 les
282 4969 392 5025 vedent
410 4971 506 5027 croire.
1186 4968 1352 5053 plenaque
1372 4970 1500 5038 lentas.
1545 4969 1658 5052 Quum
1679 4971 1840 5057 prinoipio
1856 4975 1980 5037 mirum
1999 4972 2166 5039 fervorem

35 5132 41 5141 ,
151 5034 534 5175 ...ιιιιιιιι
547 5037 1133 5177 ιιιιιιιιιιιιιιιι
1185 5061 1360 5136 ostentent
1378 5057 1425 5121 u
1442 5059 1699 5126 mana
1717 5058 1851 5124 amm,
1866 5057 1933 5138 sse
1952 5065 2051 5122 t„
2066 5066 2213 5179 ue

228 5171 259 5240 8)
279 5173 353 5228 Add.
372 5176 395 5230 si
412 5174 467 5230 l’nn
483 5172 548 5230 ve'at
566 5175 690 5244 ohopine,
707 5173 804 5231 l'autre
822 5175 862 5230 dit
878 5177 962 5246 pinte.

227 5244 260 5308 4)
280 5241 427 5313 plaoquans
445 5243 473 5299 lt
489 5243 586 5298 femme
605 5241 754 5299 stertens.
1254 5244 1285 5310 1)
1306 5245 1408 5315 Margo
1424 5245 1523 5299 modat
1543 5243 1611 5299 Lao.
1629 5243 1655 5305 3,
1673 5242 1715 5297 17.
1922 5301 1959 5383 44
