4786 5910
70 5074 88 5086 ,,
167 5007 302 5073 oonsilio
324 5008 390 5072 iam
416 5018 504 5074 esset
526 5010 618 5092 quasi
637 5009 778 5075 inclusa:
802 5030 879 5076 vere
900 5016 934 5074 et
950 5012 1067 5088 merito
1080 5011 1145 5091 eol-

167 309 232 372 ¹297
930 304 1413 373 PRAEDESuINfflONE.
1640 324 1644 330 ’
2113 311 2176 375 293

168 490 327 556 interitus
349 491 440 575 origo
469 493 511 558 ab
532 490 641 557 Adam
668 492 825 576 eoeperit,
848 497 882 557 et
903 491 1088 572 proximam
1115 493 1150 556 in
1201 491 1291 576 ligit,
1307 491 1489 559 universali
1508 500 1604 556 reatu
1625 491 1672 558 aio
1694 490 1866 563 obstrictos
1887 493 1992 558 teneri
2014 493 2180 578 reprobos,

173 599 209 643 se
235 597 368 642 oausam
390 576 513 660 singuli
539 579 726 657 inveniant,
756 576 836 660 quid
863 576 962 642 etiam
984 576 1149 660 impediet,
1203 586 1240 641 ut
1271 577 1308 641 in
1340 585 1446 642 morte
1477 577 1599 655 relicti,
1638 577 1761 643 iustum
1794 575 1949 643 iudicium
1983 580 2178 645 sustineant.

172 661 254 745 quin
288 682 448 727 arcanum
481 663 545 728 Dei
580 663 767 741 consilium,
801 682 865 745 quo
896 661 1150 745 praeordinatus
1202 661 1296 726 Idem
1323 669 1357 727 et
1389 683 1448 727 nes
1475 661 1650 742 tradimus,
1686 663 1764 745 quia
1795 663 1830 726 in
1857 662 1966 728 Adam
1994 685 2109 730 sumus
2137 663 2179 729 ad

172 747 281 812 fuerat
309 745 453 811 hominis
475 747 600 830 lapsus,
624 769 689 830 qua
707 746 801 814 decet
821 747 1011 826 sobrietate,
1034 747 1151 830 procul
1203 769 1306 812 unum
1332 767 1445 812 omnes
1473 746 1611 830 perditi,
1641 748 1730 813 iuste
1751 748 1816 812 Dei
1838 746 1957 813 iudicio
1977 750 2101 831 perire,
2123 749 2179 832 qui

173 832 287 897 ederet
308 829 390 898 fides
413 839 538 910 nestra,
563 840 595 898 et
618 847 727 898 tamen
748 831 833 916 qued
851 833 986 915 propius
1003 840 1149 916 apparet,
1202 839 1355 916 pereunt:
1392 841 1425 898 et
1451 831 1549 896 simul
1576 839 1688 896 tamen
1715 833 1873 913 fatemur,
1900 833 2056 917 quidquid
2084 834 2178 900 Adae

173 916 367 999 conspiciat:
391 926 499 984 totum
519 917 706 983 humanum
729 937 834 1002 genus
851 918 887 981 in
898 915 991 982 Adae
1008 938 1151 1000 persona
1202 916 1329 996 accidit,
1352 915 1511 984 divinitus
1532 916 1633 982 fuisse
1655 915 1849 983 ordinatum.

173 1009 325 1067 aeternae
347 1004 463 1068 mertis
481 1010 576 1068 reatu
593 1004 806 1069 constrictum
824 1022 905 1081 esse,
927 1009 961 1065 et
977 1010 1151 1085 propterea
1287 1002 1387 1068 Nune
1408 1000 1491 1067 mihi
1512 1024 1578 1067 nen
1601 1009 1671 1067 tam
1691 1002 1769 1085 quid
1792 1003 1844 1070 vel
1866 1024 1930 1086 quo
1953 1002 2067 1071 ordine
2090 1004 2179 1072 dicet

172 1087 270 1153 morti
294 1108 365 1152 esse
388 1087 588 1153 obnoxium?
624 1088 699 1153 Non
722 1109 800 1172 ergo
823 1087 978 1153 discussit
998 1086 1148 1171 Pighius,
1202 1088 1343 1170 Pighius
1381 1087 1655 1152 considerandum
1690 1095 1754 1166 eet,
1794 1110 1892 1171 quam
1925 1097 1965 1153 ιιι
2003 1111 2077 1155 cum
2117 1111 2178 1155 sua

172 1173 269 1238 aienti
291 1172 438 1254 putabat,
460 1175 618 1255 optimam
641 1180 674 1240 et
691 1174 896 1258 aptissimam
913 1174 1148 1256 symmetriam,
1203 1170 1375 1255 desperata
1387 1172 1594 1255 impudentia
1610 1173 1714 1238 iaceat
1731 1174 1884 1239 eonhrsus
1902 1174 2036 1240 nebule:
2060 1186 2093 1240 et
2115 1176 2178 1260 piis

162 1258 346 1341 quainter
369 1280 404 1323 se
426 1279 524 1324 eausa
544 1260 729 1342 propinqua
750 1266 784 1323 et
804 1266 930 1324 remota
952 1264 1149 1340 congruunt.
1202 1259 1409 1323 conscientiis
1439 1259 1593 1336 satisfiat,
1629 1279 1710 1341 quas
1738 1280 1797 1342 per
1823 1259 2024 1343 imperitiam
2051 1259 2177 1326 turbari

259 1341 418 1408 Menendi
432 1350 636 1409 autemsunt
651 1344 800 1423 lectores,
816 1361 979 1426 peraeque
996 1342 1069 1407 aPi
1094 1342 1149 1407 hio
1202 1364 1268 1408 nen
1289 1363 1364 1408 rare
1387 1343 1562 1409 cernimus.
1602 1342 1719 1426 Itaque
1741 1342 1901 1427 quidquid
1923 1345 2104 1427 speciosum
2127 1354 2177 1412 est

172 1434 349 1511 utrumque
377 1427 540 1493 damnari:
574 1430 684 1494 Deum
713 1430 753 1495 ab
781 1428 891 1508 initio,
917 1448 1019 1510 quum
1084 1427 1150 1492 huc
1201 1429 1236 1492 in
1268 1430 1358 1494 fluxa
1391 1436 1424 1493 et
1456 1449 1556 1511 prope
1593 1429 1754 1494 immensa
1789 1430 1859 1494 eius
1889 1429 2087 1511 loquacitate
2119 1454 2177 1496 ex·

171 1513 302 1596 integer
328 1513 413 1578 leret
440 1514 585 1579 heminis
607 1522 728 1593 statue,
758 1513 844 1598 quod
866 1521 979 1597 postea
1001 1514 1149 1577 futurum
1202 1534 1347 1597 carpam:
1377 1520 1415 1578 ut
1434 1534 1548 1579 omnes
1575 1514 1776 1598 intelligant,
1806 1514 1912 1579 multa
1934 1513 2071 1581 dicende
2093 1517 2177 1580 nihil

173 1607 275 1676 esset,
299 1597 495 1666 decrevisse:
519 1606 553 1664 et
573 1621 662 1664 nune
682 1622 724 1665 ex
746 1598 876 1682 perdita
897 1618 1006 1680 massa
1027 1598 1149 1682 eligere
1202 1620 1277 1664 eum
1309 1598 1425 1665 dicere.
1440 1598 1465 1683 ¹)
1520 1597 1605 1664 Oum
1636 1599 1771 1682 speciali
1805 1599 1963 1666 electione
1996 1621 2176 1684 congruere

171 1702 253 1766 quoe
275 1683 424 1748 voluerit.
470 1684 693 1768 Augustinum
716 1683 816 1762 ridet,
849 1683 983 1766 eiusque
1016 1683 1148 1761 similes,
1201 1704 1269 1748 nen
1292 1684 1430 1761 videtur,
1453 1683 1539 1766 quod
1555 1683 1709 1750 Christus
1730 1686 1833 1749 tetius
1855 1684 1971 1749 mundi
1988 1684 2176 1770 redempter

171 1768 234 1834 hee
253 1775 305 1833 est
326 1770 396 1850 pios
419 1790 548 1848 omnes,
577 1771 634 1853 qui
655 1770 768 1834 Deum
789 1768 1031 1852 imaginantur,
1059 1775 1148 1851 post·
1200 1769 1354 1834 omnibus
1387 1769 1571 1852 promiscue
1610 1770 1819 1853 evangelium
1858 1770 2042 1854 praedicari
2070 1772 2177 1838 iussit

171 1873 270 1936 quam
289 1854 512 1920 universalem
529 1856 660 1938 generis
678 1855 816 1920 humani
828 1860 900 1932 [pag.
913 1858 967 1933 84]
979 1855 1110 1919 ruinam
1124 1852 1148 1937 ¹)
1200 1854 1318 1936 Atqui,
1350 1859 1423 1934 [pag.
1447 1858 1501 1933 86]
1525 1854 1731 1936 evangelium
1758 1856 1879 1938 legatie
1906 1864 1957 1920 est
1978 1856 2082 1940 pacis,
2112 1879 2176 1940 que

172 1939 208 2002 in
227 1958 368 2022 persona
391 1940 483 2004 Adae
505 1941 736 2021 praesciverat,
760 1939 842 2005 ahos
864 1937 906 2003 ad
927 1939 1040 2017 vitam,
1067 1938 1148 2004 alios
1200 1939 1427 2005 reeenciliatur
1448 1938 1590 2004 mundus
1612 1938 1700 2019 Deo,
1723 1947 1760 2003 ut
1781 1941 1906 2006 Paulus
1924 1940 2018 2006 docet
2040 1943 2074 2026 (2
2097 1942 2172 2008 Cer.

172 2022 213 2088 ad
236 2025 407 2088 interitum
430 2024 620 2092 destinasse.
658 2025 746 2107 Quia
768 2025 856 2090 enim
878 2023 962 2089 illud
982 2023 1023 2089 de
1043 2025 1147 2094 omni·
1201 2026 1321 2107 5,1a):
1350 2033 1383 2087 et
1404 2022 1518 2089 eodem
1539 2031 1622 2089 teste
1643 2025 1872 2106 annunciatur,
1895 2031 1933 2090 ut
1954 2029 2010 2108 qui
2027 2026 2174 2103 audiunt,

172 2109 234 2174 bus
255 2109 291 2173 in
313 2110 454 2175 salutem
478 2110 629 2177 creandis
649 2110 715 2176 Dei
736 2109 918 2187 consilium,
937 2108 1029 2175 Adae
1051 2109 1147 2192 lapsu
1199 2108 1282 2175 salvi
1304 2110 1394 2174 fiant.
1438 2109 1632 2191 Respondee
1659 2108 1817 2190 breviter,
1846 2108 2018 2175 Christum
2046 2112 2092 2176 sic
2115 2114 2174 2176 toti

172 2193 272 2257 fuisse
299 2196 463 2278 superius,
496 2215 556 2278 pro
589 2197 736 2261 confesso
759 2194 873 2274 sumit,
908 2197 1012 2259 lixum
1040 2192 1147 2259 adhuc
1199 2194 1322 2260 mundo
1344 2193 1530 2259 ordinatum
1560 2215 1631 2260 esse
1663 2195 1698 2259 in
1721 2196 1877 2274 salutem,
1911 2203 1949 2260 ut
1980 2217 2035 2261 ees
2063 2204 2174 2263 servet

172 2299 304 2343 manere
326 2300 391 2344 non
415 2280 550 2344 dubitat.
586 2281 673 2346 Nam
695 2280 813 2363 alioqui
847 2300 952 2361 neque
985 2279 1048 2345 sibi
1070 2301 1146 2345 con·
1199 2281 1253 2362 qui
1277 2302 1297 2345 a
1323 2288 1415 2362 patre
1443 2279 1490 2358 illi
1513 2279 1580 2345 dati
1600 2287 1694 2344 sunt:
1729 2301 1844 2345 eorum
1866 2282 1910 2346 sit
1931 2281 2010 2358 vita,
2033 2302 2172 2364 quorum

172 2371 276 2428 staret
287 2362 390 2442 Deus,
414 2372 448 2430 et
466 2366 670 2433 immutabile
688 2366 759 2430 eius
779 2365 983 2449 propesitum
1002 2364 1147 2430 heminis
1198 2373 1249 2429 est
1270 2372 1383 2449 caput:
1407 2385 1462 2431 ees
1484 2367 1520 2430 in
1541 2365 1700 2430 bonorum
1724 2386 1860 2432 auorum
1881 2366 2068 2432 societatem
2090 2369 2174 2433 reci·

170 2450 251 2514 vitio
282 2450 477 2515 subversum
506 2451 597 2516 foret.
647 2451 691 2520 In
718 2458 832 2516 nostra
863 2449 1038 2514 sententia.
1054 2449 1146 2514 illam
1198 2450 1280 2532 piat,
1310 2471 1390 2534 quos
1418 2451 1479 2516 sibi
1500 2451 1593 2516 Deus
1621 2452 1765 2534 gratento
1795 2451 1995 2535 beneplacito
2015 2450 2173 2517 haeredes

150 2540 224 2612 ν(ιιι
262 2533 386 2599 dictum
426 2537 490 2618 est)
529 2537 767 2621 repugnantiae
802 2535 943 2618 speeiem
983 2535 1145 2619 exagitat:
1198 2535 1374 2618 adoptavit.
1398 2534 1488 2617 Quid
1510 2536 1628 2600 herum
1652 2537 1766 2621 negari
1786 2536 1912 2620 potest?
1936 2536 2025 2602 Illud
2046 2537 2173 2602 Iesaiae

171 2619 257 2767 qnod
288 2620 375 2686 sicut
407 2621 500 2686 Deus
533 2630 611 2688 ante
651 2620 817 2688 conditum
850 2619 958 2685 Adam
990 2620 1077 2704 apud
1111 2640 1146 2686 se
1198 2622 1391 2686 vaticinium
1424 2621 1591 2705 apostolus
1623 2621 1659 2684 in
1692 2642 1731 2686 ee
1762 2621 1934 2705 impletum
1961 2623 2171 2707 pronunciat:

159 2760 161 2763 ,
195 2706 369 2784 ecreverit,
398 2705 556 2789 quidnam
578 2707 628 2772 illi
657 2715 691 2771 et
717 2706 856 2791 posteris
879 2706 1027 2771 futurum
1049 2713 1144 2783 esset,
1196 2708 1284 2773 Eece
1306 2729 1366 2791 ego
1395 2714 1429 2772 et
1454 2706 1548 2790 pueri
1568 2707 1649 2786 mei,
1677 2727 1760 2790 quos
1781 2708 1946 2774 Dominus
1972 2708 2054 2771 mihi
2083 2707 2174 2772 dedit

170 2789 238 2854 iam
269 2796 403 2874 peceato
436 2790 593 2875 imputari
633 2793 848 2875 reproborum
887 2791 1043 2856 interitus
1077 2812 1145 2856 nen
1198 2791 1307 2943 gaeci.
1332 2797 1362 2872 8,
1389 2791 1567 2872 18;Hebr.
1592 2796 1714 2876 2,13).
1759 2791 1891 2858 Clamat
1911 2796 1980 2876 ipse
2003 2792 2172 2859 Ohristus:

170 2874 300 2940 debeat:
334 2877 411 2959 quia
437 2875 618 2943 absurdum
640 2887 741 2958 esset,
774 2877 929 2945 effectum
956 2877 1064 2943 faeere
1085 2898 1145 2942 sua
1230 2899 1307 2943 mne
1334 2877 1419 2960 quod
1452 2877 1534 2942 mihi
1562 2876 1653 2942 dedit
1674 2884 1782 2961 pater,
1810 2877 2006 2959 custodiam,
2029 2877 2172 2962 nequid

169 2980 269 3027 cauea
288 2960 441 3043 priorem.
470 2963 544 3047 Ego
561 2970 672 3028 autern
694 2970 870 3045 utrumque
891 2961 1039 3042 istorum,
1062 2983 1145 3045 quae
1196 2971 1310 3046 pereat
1343 2964 1471 3047 (Ioann.
1497 2968 1530 3038 6,
1562 2967 1627 3046 37).
1674 2961 1772 3043 Quod
1804 2964 1908 3030 vitam
1947 2985 2013 3030 non
2044 2965 2110 3029 nisi
2135 2964 2172 3029 in

169 3067 188 3111 e
210 3054 339 3128 pugnat
358 3047 510 3131 Pighius,
537 3070 655 3115 verum
675 3070 746 3114 esse
768 3048 913 3112 affirmo.
949 3047 1037 3113 Nam
1058 3047 1144 3130 quod
1197 3049 1346 3114 membra
1359 3068 1418 3114 sua
1431 3047 1604 3127 diffundat,
1627 3050 1750 3131 passim
1767 3049 1919 3133 legimus.
1947 3050 2055 3115 Inseri
2073 3070 2172 3133 perro

168 3067 316 3197 citandit
343 3131 432 3201 inter
460 3133 542 3199 duae
571 3135 752 3204 sententias
780 3132 969 3213 dissidium,
1010 3153 1144 3218 prorsus
1196 3135 1231 3198 in
1261 3135 1331 3198 eius
1363 3153 1495 3216 eorpus,
1529 3133 1670 3216 speciale
1701 3133 1826 3198 donum
1855 3135 1911 3217 qui
1941 3155 2007 3200 nen
2040 3135 2170 3214 fatetur,

169 3215 299 3281 nullum
339 3225 397 3283 est.
460 3218 613 3286 Dicimus
652 3219 819 3284 hominem
859 3218 922 3284 hae
962 3217 1145 3285 eonditiene
1197 3219 1369 3302 epistolam
1386 3219 1469 3284 aaa
1494 3219 1602 3285 hesios
1624 3241 1695 3284 nun
1716 3240 1794 3284 uam
1817 3225 1943 3284 attente
1960 3219 2049 3303 legit.
2072 3220 2171 3286 Unde

168 3302 270 3367 fuisse
291 3309 455 3384 creatum,
478 3312 517 3368 ut
538 3305 693 3388 conqueri
715 3303 755 3369 de
777 3324 836 3371 suo
857 3304 973 3387 opifice
995 3311 1143 3387 nequeat.
1197 3312 1231 3369 et
1253 3305 1387 3369 tertium
1409 3240 1492 3368 illud
1513 3304 1673 3387 sequitur:
1695 3241 1823 3369 illiristi
1841 3306 1998 3370 virtutem
2022 3325 2088 3368 nen
2106 3305 2172 3369 nisi

169 3386 340 3451 Praevidit
356 3386 449 3454 Deus
471 3389 565 3455 Adae
588 3389 621 3454 la
643 3408 733 3455 sum:
756 3409 816 3454 neo
836 3397 925 3455 certe
945 3390 1010 3455 nisi
1031 3390 1145 3456 volens
1198 3389 1238 3455 ad
1272 3389 1338 3454 Dei
1369 3389 1453 3454 filies
1491 3391 1664 3472 pertinere.
1722 3386 1923 3472 Quanquam
1955 3409 2023 3453 non
2053 3388 2171 3455 melius

170 3491 268 3536 ruere
295 3492 411 3553 passus
441 3481 500 3539 est.
546 3411 641 3556 Quid
666 3474 720 3540 hio
758 3475 971 3559 tergiversari
1003 3474 1144 3539 attinet?
1197 3494 1296 3557 quam
1318 3495 1360 3539 ex
1387 3473 1550 3555 evangelii
1575 3473 1817 3556 praedicatione
1841 3472 2080 3539 aestimandam
2100 3495 2172 3540 esse

168 3556 281 3640 Negat
299 3567 410 3621 tamen
430 3558 585 3643 Pighius:
616 3560 694 3642 quia
715 3558 887 3625 consilium
913 3566 992 3625 ante
1015 3559 1055 3625 de
1077 3581 1145 3625 eer-
1197 3559 1417 3625 universalem
1439 3557 1565 3623 Ohristi
1586 3559 1742 3641 gratiam,
1769 3559 1842 3640 ipsa
1863 3579 1990 3641 queque
2012 3580 2090 3641 pars
2113 3558 2171 3624 ad-

142 3639 286 3708 ·vandis
309 3642 460 3708 omnibus
488 3652 681 3728 conceptum
707 3642 825 3709 stabile
851 3651 994 3709 maneat.
1040 3641 1145 3722 Quasi
1196 3665 1293 3711 versa
1321 3644 1405 3708 mihi
1437 3641 1600 3709 concedet.
1645 3641 1758 3724 Quare
1790 3644 1825 3709 in
1856 3664 1893 3708 eo
1922 3646 1993 3710 sita
2015 3653 2064 3710 est
2091 3644 2170 3709 nodi

166 3748 248 3794 vero
271 3748 340 3792 non
363 3727 407 3792 eit
428 3729 640 3813 inpromptu
662 3728 797 3795 solutio:
833 3748 900 3792 non
923 3730 1018 3794 aliter
1040 3731 1145 3794 omni·
1198 3728 1332 3808 solutio,
1376 3730 1403 3795 si
1442 3737 1593 3794 tenemus
1633 3727 1794 3812 quomodo
1841 3729 1981 3794 salutem
2021 3729 2172 3797 omnibus

167 3812 229 3879 bus
252 3811 452 3878 destinatam
483 3816 584 3880 fuisse
611 3814 766 3893 salutem,
800 3835 898 3896 quam
926 3815 955 3879 ei
982 3815 1017 3879 in
1038 3816 1147 3899 prima
1197 3816 1313 3879 offerat
1339 3813 1504 3899 evangelii
1536 3813 1691 3880 doctrina.
1742 3813 1906 3896 Equidem
1934 3813 2085 3881 omnibus
2114 3835 2175 3882 sua

167 3897 296 3983 origine
317 3906 516 3981 perstarent.
561 3901 675 3984 Neque
703 3901 791 3966 enim
819 3899 962 3981 simplex
990 3910 1024 3964 et
1049 3922 1145 3984 prae-
1196 3907 1317 3965 natura
1355 3900 1535 3968 salvificam
1567 3919 1639 3965 esse
1667 3921 1734 3964 nen
1769 3921 1862 3984 nego.
1928 3900 2072 3966 Tantum
2112 3901 2174 3968 hoc
2227 3941 2230 3945 ·

167 3984 270 4050 cisum
299 3984 400 4049 fuisse
426 3985 493 4050 Dei
521 3985 703 4065 decretum,
736 3985 908 4069 quisquam
938 4005 1039 4050 sanus
1066 4007 1142 4052 cen·
1196 3986 1380 4070 quaeritur:
1415 4008 1457 4051 an
1484 3983 1650 4050 Dominus
1675 3992 1807 4050 aeterno
1835 4006 1897 4051 suo
1923 3985 2057 4052 consilio
2086 4007 2174 4052 cem·

167 4067 275 4147 cedet,
305 4078 343 4133 ut
364 4067 406 4133 ad
429 4069 570 4135 salutem
591 4092 705 4137 omnes
726 4071 948 4154 pervenirent.
993 4071 1080 4139 Nam
1103 4071 1145 4136 ad
1196 4091 1332 4136 munem
1354 4071 1422 4136 illic
1444 4070 1596 4136 omnibus
1623 4070 1763 4136 salutem
1786 4068 2009 4137 destinaverit.
2053 4070 2174 4138 Vocari

166 4156 288 4219 iustam
320 4153 465 4220 heminis
498 4154 743 4222 damnationem
775 4157 856 4222 eatis
888 4165 973 4236 erat,
1014 4158 1050 4223 in
1088 4157 1145 4225 via
1197 4178 1313 4223 omnes
1335 4156 1564 4233 indifferenter
1585 4155 1626 4219 ad
1649 4156 1885 4238 poenitentiam
1906 4164 1941 4221 et
1961 4156 2074 4222 fidem:
2098 4177 2174 4239 pro·

167 4239 282 4305 saluus
306 4244 381 4318 [pag.
407 4244 461 4319 aa]
484 4261 586 4323 quum
609 4249 696 4308 esset
717 4241 904 4320 collocatus,
927 4241 1006 4307 inde
1028 4250 1144 4326 sponte
1197 4243 1275 4325 peni
1309 4247 1385 4321 [pag.
1414 4245 1468 4321 87]
1500 4239 1651 4306 omnibus
1684 4239 1826 4307 eundem
1858 4240 2085 4320 mediatorem,
2119 4242 2175 4324 qui

167 4323 337 4390 excidisse.
383 4326 430 4389 At
457 4326 530 4391 fieri
557 4325 653 4392 aliter
681 4348 747 4391 non
772 4326 888 4410 potuit.
934 4325 1023 4408 Quid
1051 4326 1143 4393 tum?
1198 4329 1284 4410 patri
1314 4327 1402 4411 ipsos
1425 4325 1625 4404 reconciliet,
1657 4325 1737 4391 satis
1760 4336 1877 4392 netum
1892 4334 1963 4393 est:
1993 4325 2051 4393 sed
2073 4348 2176 4410 aeque

168 4430 210 4474 an
230 4407 304 4474 ideo
328 4409 425 4492 eulpa
446 4408 617 4492 liberatur,
639 4432 722 4496 quae
744 4419 813 4476 tota
833 4412 957 4477 ineius
974 4414 1145 4480 voluntate
1198 4420 1313 4477 notum
1336 4419 1402 4491 est,
1435 4410 1521 4476 nihil
1552 4412 1616 4475 nisi
1648 4410 1713 4476 fide
1737 4412 1876 4495 percipi:
1910 4421 1949 4477 ut
1975 4412 2059 4477 illud
2077 4412 2177 4478 Pauli

166 4492 310 4559 residet?
357 4493 395 4561 Si
426 4495 549 4562 diceret
569 4498 792 4581 Augustinus,
821 4498 1022 4580 propositum
1045 4497 1147 4565 semel
1198 4498 1392 4581 impleatur:
1415 4496 1638 4580 Evangelium
1660 4517 1731 4562 esse
1747 4495 1814 4562 Dei
1834 4498 2015 4580 potentiam
2034 4500 2069 4563 in
2087 4497 2176 4564 salu=

165 4578 270 4645 fuisse
305 4581 377 4646 Deo
418 4601 532 4648 omnes
567 4602 713 4649 servare:
753 4581 795 4645 ad
834 4582 1042 4649 refutandam
1074 4586 1145 4649 eius
1199 4591 1266 4648 tem
1288 4582 1378 4647 omni
1400 4582 1545 4649 credenti
1565 4581 1674 4667 (Rom.
1697 4587 1724 4660 l,
1747 4583 1809 4663 16).
1854 4583 1940 4649 Aliis
1963 4591 2073 4649 autern
2096 4582 2176 4732 {uid

165 4665 357 4749 opinionem
398 4664 522 4750 aliquid
560 4668 686 4734 valeret
723 4667 838 4752 Pighii
870 4669 1014 4752 argutia.
1077 4668 1146 4736 Sed
1198 4675 1309 4748 restat,
1332 4669 1398 4733 nisi
1419 4675 1457 4733 ut
1477 4666 1557 4732 oder
1580 4668 1623 4731 sit
1644 4666 1761 4732 mortis
1783 4666 1820 4731 in
1841 4668 2004 4734 mortem?
2031 4669 2176 4734 utiam

166 4749 298 4834 quande
322 4750 441 4835 tradit,
471 4751 579 4817 Adam
603 4755 711 4836 prima
732 4772 793 4818 sna
814 4753 979 4819 creatione
1000 4755 1047 4820 ita
1067 4776 1145 4821 oon·
1196 4753 1272 4819 alibi
1295 4753 1441 4836 loquitur
1462 4752 1497 4838 (2
1520 4751 1595 4817 Der.
1619 4754 1648 4830 2,
1674 4750 1738 4834 16).

166 4837 319 4902 stitutum
348 4836 451 4903 titisse
481 4838 567 4904 vitae
588 4838 778 4918 haeredem,
811 4844 850 4903 ut
869 4839 1054 4924 propinqua
1075 4841 1145 4906 eius
1283 4840 1404 4918 Porro,
1434 4857 1538 4921 quum
1559 4835 1671 4920 palam
1694 4844 1867 4919 appareat,
1895 4858 1936 4903 ex
1958 4837 2078 4918 mut-is,
2095 4857 2176 4919 ques

166 4921 330 4988 abdicatio
341 4920 454 4987 Deum
477 4923 612 4989 minime
633 4924 765 5002 lateret,
787 4924 855 4989 imo
876 4923 911 4989 in
931 4924 1053 4991 'arcano
1075 4927 1160 4991 eius,
1200 4931 1339 4990 externa
1365 4943 1444 4991 voce
1464 4924 1557 4988 Deus
1585 4921 1773 5006 compellat,
1806 4923 1865 4989 vix
1882 4942 2003 5005 paucos
2026 4920 2174 4989 credere:

1268 5060 1298 5125 1)
1316 5060 1347 5117 Ie
1370 5060 1549 5127 recueilleray
1572 5058 1695 5128 denques
1718 5072 1872 5114 en'somme
1897 5059 1938 5114 les
1960 5074 2103 5129 argumens
2121 5075 2174 5128 qua

1196 5130 1258 5184 tent
1274 5130 1327 5183 tels
1345 5134 1474 5198 supporta
1493 5127 1526 5182 de
1546 5126 1644 5196 Satan,
1670 5134 1699 5182 et
1716 5132 1884 5196 monstreray
1902 5142 1953 5196 qne
1977 5127 2003 5183 le
2027 5133 2086 5182 tout
2103 5127 2175 5185 n’eat

236 5194 264 5262 1)
284 5193 313 5249 la
329 5196 406 5254 utine
425 5195 545 5253 d‘Adam.
1198 5214 1249 5268 que
1267 5196 1364 5252 fumte.
