4702 5926
83 335 88 343 =
180 280 283 381 ccv
863 324 866 328 ·
924 306 1193 376 susurrum
1215 306 1450 375 aaaoauu
1508 351 1511 361 .
2129 310 2194 373 cos
2255 273 2265 289 '

176 502 242 567 nisi
264 506 350 566 θεεθῖ
371 496 622 582 exstinguibilis.
668 496 773 578 Quasi
794 514 873 561 vero
900 496 1049 562 imbutus
1070 502 1158 561 esset
1207 516 1276 560 non
1303 495 1454 578 protinus
1487 501 1600 562 tamon
1626 517 1727 561 suam
1759 495 1979 562 substantiam
2011 495 2110 561 nobis
2138 497 2193 560 in-

177 592 251 665 [pag.
271 591 347 663 205]
370 583 494 649 Paulus
517 581 697 649 Serveticis
718 583 912 648 commentis
934 581 975 646 de
992 581 1156 664 spirituali
1208 581 1320 646 stillat.
1366 581 1525 646 Eiusdem
1541 582 1618 647 libri
1637 585 1678 645 34
1696 582 1804 665 capite
1826 581 1906 648 dicit
1926 581 2007 645 Eliu
2030 581 2129 646 simul
2150 602 2192 669 ac

176 671 314 753 spiritus
335 690 410 735 cum
432 671 542 733 anima
558 669 728 732 mixtione.
741 669 767 745 ¹)
806 665 881 747 Quo
903 689 1003 733 sensu
1024 674 1158 731 moneat
1207 667 1280 733 Deo
1302 668 1412 732 visum
1432 668 1541 744 fuerit
1564 676 1743 733 retractum
1765 667 1806 732 ab
1827 667 1961 733 homine
1977 667 2019 731 iri
2036 667 2191 749 spiritum

117 789 120 794 ·
175 755 303 821 Paulus
331 754 640 820 Thessalonicenses
673 775 716 818 ne
754 753 905 835 spiritum
934 754 1155 836 exstinguant,
1208 764 1242 815 et
1263 754 1388 818 flatum.
1433 752 1497 818 His
1519 753 1630 818 verbis
1656 752 1765 835 potius
1786 760 1921 818 notatur
1949 752 2076 836 fragilis
2098 772 2192 817 crea·

176 860 238 906 nec
259 841 343 905 mihi
365 840 497 904 difficile
519 850 569 906 θεῖ
591 838 707 917 dicere,
730 859 791 903 nec
808 838 897 920 apud
914 837 1039 903 sobrios
1057 838 1157 923 anxia
1208 846 1292 914 tura,
1316 859 1414 920 quam
1436 838 1621 904 essentialis
1643 838 1756 903 deitas.
1802 838 1948 905 Adducit
1965 836 2126 910 Servatus
2147 859 2193 903 ex

175 927 381 1008 expositione
408 925 543 1009 indiget.
588 926 770 1006 Postquam
797 925 886 988 enim
913 922 954 987 de
975 922 1156 1010 prophetiis
1207 923 1342 988 Psalmo
1368 928 1443 986 104:
1469 924 1595 989 Emitte
1617 924 1769 1008 spiritum
1792 931 1897 1000 tuum,
1926 932 1960 989 et
1980 923 2190 1003 creabuntur,

174 1034 243 1076 non
276 1011 470 1094 spernendis
502 1017 713 1093 praeseptum
746 1007 845 1087 dedit,
885 1009 1041 1073 continuo
1072 1017 1157 1091 post,
1207 1017 1242 1073 et
1263 1009 1437 1074 renovabis
1458 1010 1576 1075 faciem
1599 1018 1713 1073 terrae.
1758 1010 1832 1074 Hoc
1854 1030 1955 1092 quum
1984 1007 2026 1072 ad
2047 1007 2191 1091 quodvis

62 1116 69 1134 *
175 1118 242 1181 quo
273 1096 335 1162 sibi
374 1097 480 1178 magis
519 1095 656 1161 sollicite
691 1103 839 1172 caveant,
878 1092 1025 1158 tmrendi
1058 1114 1156 1158 causa
1208 1093 1425 1158 animantium
1447 1114 1552 1177 genus
1574 1096 1745 1176 pertineat,
1767 1093 1904 1160 canibus
1925 1103 1960 1160 et
1980 1093 2084 1158 asinis
2100 1114 2192 1160 com·

175 1183 317 1259 subiicit,
340 1183 400 1246 tali
417 1189 607 1264 contemptu
624 1181 778 1262 spiritum
795 1180 972 1263 exstingui,
996 1188 1156 1261 quatenus
1208 1180 1320 1244 munis
1353 1179 1523 1245 nobiscum
1558 1179 1661 1245 deitas
1694 1181 1765 1245 erit
1810 1179 1914 1262 Atqui
1937 1177 2097 1245 Servetus
2120 1201 2192 1244 ser·

175 1268 300 1334 scilicet
325 1267 361 1331 in
390 1268 459 1332 suis
481 1265 576 1331 donis
599 1265 749 1347 refulget.
794 1264 911 1347 Itaque
940 1263 981 1329 ad
1003 1263 1156 1329 refellen·
1207 1284 1340 1328 monem
1362 1263 1403 1330 dc
1425 1264 1531 1329 halitu
1553 1265 1665 1330 divino
1681 1265 1879 1343 instituerat,
1902 1285 1966 1348 quo
1988 1264 2193 1331 discernitur
2236 1264 2237 1267 ’

176 1354 253 1418 dam
276 1352 408 1419 Servati
430 1353 608 1428 vesaniam,
631 1350 716 1414 nihil
737 1350 798 1415 hoc
821 1349 918 1415 Pauli
941 1349 1028 1415 dicto
1047 1350 1156 1431 aptius
1208 1349 1306 1414 homo
1339 1371 1360 1414 a
1392 1348 1498 1415 brutis
1525 1350 1713 1434 pecudibus.
1756 1350 2191 1432 Ecclesiastcs12.eapite,

176 1440 270 1504 citari
292 1446 433 1520 poterat:
457 1437 535 1519 quia
556 1438 690 1518 spiritus
709 1437 891 1513 exstinctio,
915 1436 955 1500 ab
973 1435 1044 1499 eius
1062 1434 1157 1499 donis
1208 1435 1360 1517 spiritum
1382 1435 1525 1500 hominis
1550 1437 1588 1501 in
1619 1446 1725 1500 morte
1746 1436 1788 1500 ad
1810 1436 1921 1501 Deum
1953 1436 2062 1501 redire
2087 1442 2193 1500 testa·

177 1525 355 1590 essentiam
377 1523 550 1587 manifeste
573 1521 736 1587 discernit.
1208 1527 1271 1597 tur,
1294 1521 1350 1603 qui
1373 1520 1463 1586 dedit
1484 1521 1587 1586 illum.
1621 1522 1727 1605 Atqui
1743 1521 1841 1605 longe
1858 1520 1949 1585 aliud
1967 1529 2017 1585 est
2035 1521 2192 1604 spiritum

264 1611 304 1673 In
327 1609 435 1690 capito
457 1607 621 1672 tricesimo
642 1606 772 1689 longius
800 1611 973 1687 provectus
995 1612 1054 1682 est,
1088 1603 1156 1669 dei·
1209 1604 1280 1670 dari
1316 1628 1337 1671 a
1364 1606 1445 1682 Deo,
1478 1628 1577 1688 quam
1611 1607 1873 1672 substantialiter
1903 1608 2012 1689 ipsum
2045 1605 2190 1672 infundi

177 1702 281 1760 tatem
314 1695 479 1758 humanae
513 1693 657 1758 animae*
675 1692 786 1757 statim
822 1712 843 1755 a
868 1690 1033 1756 creatione
1061 1690 1156 1753 attri·
1208 1690 1337 1755 Iesaiae
1359 1696 1411 1770 42,
1440 1690 1533 1758 Deus
1555 1694 1707 1775 spiritum
1730 1714 1828 1757 suum
1850 1692 1993 1757 Messiae
2014 1691 2190 1776 promittit,

176 1780 292 1845 bueus.
336 1778 435 1844 Nunc
456 1778 497 1842 de
518 1799 605 1843 nova
626 1798 686 1860 per
707 1776 833 1842 Christi
855 1776 996 1859 gratiam
1017 1795 1155 1857 regene-
1208 1787 1247 1840 ut
1266 1776 1424 1841 iudicium
1453 1782 1527 1856 [pag.
1547 1783 1623 1856 207]
1650 1778 1804 1862 gentibus
1839 1779 1991 1860 proferat.
2036 1776 2191 1842 Peculia-

178 1867 307 1931 ratione
344 1884 413 1928 non
454 1865 573 1947 agitur,
614 1861 672 1928 sed
707 1861 747 1926 de
782 1863 950 1927 communi
984 1861 1156 1924 hominum
1208 1881 1280 1926 rem
1313 1862 1456 1945 gratiam
1487 1883 1552 1945 qua
1588 1864 1757 1928 ornandus
1796 1871 1867 1928 erat
1899 1862 2068 1941 Christus,
2107 1860 2190 1927 Ser·

177 1959 305 2016 natura.
350 1949 492 2014 Insitum
515 1969 593 2032 ergo
615 1948 716 2012 fuisse
742 1947 850 2030 primo
877 1946 1003 2011 homini
1025 1945 1156 2009 deitatis
1208 1956 1305 2012 vetus
1332 1946 1373 2010 ad
1402 1955 1508 2013 totum
1542 1948 1727 2013 humanum
1754 1969 1859 2032 genus
1894 1946 2012 2025 trahit,
2049 1949 2142 2031 quasi
2171 1970 2194 2013 a

177 2037 334 2119 spiritum
355 2034 516 2099 Servetus
538 2031 719 2099 contendit:
743 2043 776 2096 et
798 2032 964 2113 quianon
985 2031 1156 2106 assentior,
1208 2032 1339 2116 vulgari
1368 2035 1477 2099 earnis
1506 2055 1605 2098 seusu
1634 2035 1770 2116 spiritus
1792 2033 1917 2100 Obristi
1940 2034 2024 2098 nihil
2046 2033 2190 2098 differat

177 2142 231 2186 me
252 2123 288 2185 in
310 2120 457 2187 scholam
469 2117 616 2185 Simonis
637 2119 727 2202 magi
747 2117 885 2201 ablegat
907 2117 1040 2182 Divinis
1061 2136 1157 2198 prae-
1208 2118 1367 2184 Eiusdem
1388 2119 1567 2202 prophetae
1587 2121 1694 2203 capite
1717 2123 1767 2197 57,
1790 2121 1986 2202 pronunciat
2006 2121 2098 2185 Deus
2121 2119 2193 2201 spi-

178 2207 282 2272 ditam
313 2206 415 2271 fuisse
451 2204 581 2270 dotibus
609 2204 703 2269 Adae
738 2204 892 2280 animam,
933 2200 1021 2285 apud
1042 2222 1156 2264 omncs
1208 2203 1309 2267 ritum
1331 2224 1351 2266 a
1372 2225 1407 2268 se
1429 2203 1552 2288 egredi,
1585 2212 1620 2268 et
1646 2225 1682 2270 se
1708 2207 1807 2271 flatus
1835 2225 1960 2272 creare:
1993 2226 2108 2270 verum
2131 2205 2193 2270 ubi
2234 2254 2240 2265 ,

178 2294 250 2375 pios
270 2292 305 2356 in
327 2291 476 2357 confesso
498 2298 556 2355 cst.
601 2289 671 2354 Nec
693 2308 772 2354 vero
794 2288 832 2352 in
852 2296 946 2352 tanta
963 2286 1158 2353 excellentia
1208 2288 1396 2370 probaverit
1418 2287 1577 2355 Servetus
1599 2289 1711 2355 Deum
1740 2298 1990 2368 assecutorem,
2024 2312 2068 2355 an
2089 2290 2193 2354 simul

180 2376 375 2444 celebranda
396 2392 416 2439 a
438 2375 569 2441 deitatis
590 2374 725 2439 nomine
743 2372 918 2438 abhorreo:
939 2373 1036 2438 sicuti
1054 2372 1156 2436 etiam
1208 2374 1349 2453 evincet,
1379 2396 1421 2439 ex
1448 2377 1519 2441 eius
1546 2374 1731 2441 substantia
1755 2375 1953 2458 particulam
1979 2377 2015 2439 in
2042 2375 2191 2459 singulos

178 2466 342 2548 scriptura
363 2461 406 2527 ad
427 2460 607 2545 imaginem
628 2460 694 2524 Dei
720 2460 897 2525 formatum
923 2458 1025 2524 fuisse
1051 2457 1156 2521 homi·
1207 2458 1358 2525 homines
1379 2461 1591 2527 transfundi?
1637 2461 1804 2543 Quorsum
1829 2460 1882 2526 his
1909 2462 2104 2526 testimoniis
2125 2481 2190 2524 an-

177 2571 255 2615 nam
281 2547 402 2614 docens
434 2545 616 2628 insculptas
647 2546 718 2609 eius
745 2545 849 2608 menti
872 2542 1003 2611 divinae
1032 2543 1156 2626 gloriae
1207 2554 1359 2610 numeret
1391 2547 1535 2628 primum
1557 2547 1717 2613 Iohannis
1750 2556 1858 2629 caput,
1892 2568 1959 2612 non
1979 2545 2088 2612 video:
2122 2546 2191 2612 nisi

178 2643 273 2700 notas
294 2634 397 2698 fuisse
419 2631 583 2716 intelligit
638 2629 767 2695 Verum
801 2629 898 2713 longe
932 2628 995 2693 alio
1027 2628 1156 2710 rapitur
1207 2629 1294 2712 quod
1317 2630 1385 2696 illic
1412 2631 1470 2697 lux
1491 2632 1559 2697 Dei
1579 2632 1766 2698 illuminare
1787 2631 1909 2697 dicitur
1937 2632 2119 2697 hominem:
2154 2640 2192 2695 ct

178 2717 348 2795 Ser-vetus,
370 2717 561 2782 Promethei
583 2715 727 2780 fabulam
744 2715 839 2779 nobis
856 2734 1031 2792 renovans,
1053 2713 1156 2795 parti·
1208 2716 1265 2797 qui
1286 2736 1346 2798 per
1367 2717 1466 2783 fidem
1487 2724 1683 2801 cooptantur
1701 2718 1738 2782 in
1758 2717 1824 2782 Dei
1845 2718 1939 2796 filios,
1968 2717 2124 2784 dicuntur
2145 2738 2192 2782 ex

178 2805 288 2869 culam
310 2824 409 2868 aurae
430 2802 578 2868 coelestis
599 2801 694 2865 nobis
711 2800 785 2864 vult
803 2820 875 2865 esse
891 2800 1034 2864 insitam.
1057 2798 1155 2876 Nam,
1207 2801 1280 2865 Deo
1302 2803 1413 2886 geniti.
1458 2801 1525 2869 Sed
1547 2803 1624 2869 inde
1643 2802 1812 2869 Servetica
1832 2803 1936 2868 deitas
1957 2803 2030 2868 elici
2051 2803 2192 2867 minime

179 2912 218 2955 eo
240 2899 333 2969 teste,
354 2888 505 2971 ingenita
524 2895 575 2951 θεῖ
595 2886 690 2951 nobis
710 2884 894 2951 essentialis
914 2883 1034 2950 deitas:
1057 2905 1154 2966 quam
1207 2893 1329 2968 potest:
1369 2909 1471 2972 quum
1510 2890 1619 2972 potius
1639 2889 1800 2954 infusam
1839 2891 1964 2972 gratiae
1996 2889 2192 2972 qualitatem

179 2975 243 3040 etsi
275 2976 397 3040 fatetur
429 2994 471 3037 ex
498 2980 593 3056 parte
616 2971 758 3036 deletam
783 2991 864 3048 esse,
897 2979 1025 3052 partem
1046 2983 1156 3034 tamen
1207 2973 1411 3056 evangelista
1440 2974 1654 3040 commendet.
1711 2973 1808 3038 Adde
1841 2973 1926 3056 quod
1959 2974 2051 3058 prius
2084 2994 2206 3038 mem·-

181 3061 325 3143 aliquam
343 3058 451 3123 adhuc
471 3056 597 3123 salvam
613 3065 739 3121 restare
756 3057 881 3120 asserit.
903 3055 977 3122 Hoc
995 3055 1023 3121 si
1038 3075 1157 3120 -verum
1207 3056 1305 3122 brum
1327 3059 1369 3124 ad
1390 3081 1598 3126 communem
1619 3067 1782 3138 naturam,
1805 3060 1947 3124 alterum
1969 3059 2012 3124 ad
2033 3057 2190 3142 spiritua-

178 3156 238 3223 θεῖ
268 3154 423 3228 sequetur
451 3143 603 3208 omnibus
630 3143 738 3207 camis
767 3142 858 3207 vitiis
880 3141 945 3205 Dei
980 3140 1155 3206 essentiam
1207 3142 1273 3208 lem
1313 3145 1573 3227 regenerationis
1611 3146 1753 3228 gratiam
1793 3151 1926 3228 spectat
1977 3146 2047 3211 Nec
2086 3145 2189 3208 etiam

177 3232 314 3297 involvi.
359 3230 483 3294 Errare
516 3237 551 3293 et
580 3228 649 3293 labi
682 3225 833 3292 omnibus
863 3227 958 3293 nobis
984 3245 1158 3292 commune
1209 3227 1342 3294 Serveti
1363 3228 1477 3296 delirio
1497 3232 1700 3315 suffragatur
1727 3231 1815 3314 quod
1837 3230 1916 3296 dicit
1936 3231 2063 3296 Paulus
2084 3232 2189 3295 Acto-

178 3327 239 3384 est.
294 3318 385 3381 Deus
410 3336 489 3398 ergo
516 3313 721 3398 ignorantiae
749 3311 908 3378 obnoxius
934 3313 1007 3378 erit.
1052 3311 1157 3392 Quot
1209 3336 1283 3380 rum
1310 3320 1361 3380 17:
1396 3316 1465 3380 Nos
1496 3316 1532 3379 in
1554 3315 1627 3380 Deo
1649 3337 1731 3392 esse,
1761 3316 1874 3382 vivere
1895 3323 1929 3381 et
1951 3315 2088 3382 moveri:
2120 3335 2188 3398 quo

177 3411 257 3487 quot
278 3408 353 3481 [pag.
377 3406 453 3479 206]
479 3400 627 3483 perversi
645 3400 782 3464 affectus
800 3399 835 3462 in
853 3399 997 3463 animam
1015 3397 1157 3463 hominis
1209 3399 1291 3466 nihil
1314 3399 1404 3466 aliud
1426 3402 1598 3485 significat,
1635 3422 1734 3485 quam
1755 3400 1796 3465 ab
1818 3402 1915 3467 unico
1936 3402 1994 3466 illo
2016 3402 2104 3466 fonte
2125 3421 2190 3465 nos

178 3495 380 3571 competunt,
422 3486 559 3551 totidem
597 3483 791 3567 corruptelis
822 3483 1012 3551 subiicietur
1054 3484 1155 3548 Deus.
1208 3485 1343 3551 haurire
1364 3486 1523 3570 quidquid
1545 3486 1704 3552 habemus
1726 3487 1859 3570 vigoris,
1893 3495 1931 3551 ut
1965 3487 2033 3551 vita
2064 3493 2195 3564 nostra,

178 3574 333 3656 Denique
354 3573 495 3637 crassior
516 3580 568 3636 est
589 3570 689 3636 huius
710 3569 817 3634 delirii
839 3568 1034 3646 absurditas,
1057 3590 1157 3652 quam
1208 3594 1269 3655 per
1289 3593 1325 3637 sc
1346 3571 1449 3636 fluida
1470 3581 1504 3637 et
1524 3572 1720 3649 umbratilis,
1742 3573 1777 3636 in
1800 3573 1871 3655 ipso
1894 3571 2059 3638 subsistat
2088 3571 2190 3638 (lata-

178 3669 218 3724 ut
247 3659 378 3742 longius
410 3657 562 3723 insistere
593 3675 727 3721 necesse
766 3656 817 3720 sit
880 3654 969 3736 Quia
1007 3653 1156 3720 dixeram
1208 3658 1320 3741 logum
1360 3658 1507 3724 locorum
1537 3679 1635 3740 quem
1668 3667 1821 3723 texuerat
1845 3655 2007 3724 Servetus
2044 3658 2190 3723 breviter

178 3764 285 3825 neque
307 3764 327 3806 a
348 3741 526 3825 prophetis,
553 3761 659 3824 neque
679 3740 843 3824 apostolis,
871 3761 979 3822 neque
1000 3752 1088 3805 mart
1110 3740 1156 3803 ri·
1208 3744 1430 3826 perstringere
1451 3743 1556 3821 libuit,
1590 3752 1629 3808 ut
1658 3765 1775 3808 rursus
1802 3753 2019 3828 agnoscerent
2038 3743 2187 3821 lectores,

178 3829 242 3895 bus
262 3827 439 3911 quidquam
461 3826 561 3891 fuisse
582 3826 648 3891 tale
670 3826 860 3909 cogitatum,
889 3823 1048 3891 Servatus
1080 3763 1156 3890 doc·
1208 3850 1309 3911 quam
1327 3839 1519 3894 reverenter
1540 3829 1737 3912 scripturam
1769 3836 1911 3894 tractare
1933 3829 2046 3895 soleat.
2090 3827 2189 3909 Quod

179 3923 268 3979 tores
299 3912 382 3977 mihi
413 3913 556 3995 opponit.
611 3911 723 3976 Unum
755 3910 873 3976 saltem
905 3912 1057 3993 proferat
1101 3912 1156 3980 Ex
1208 3915 1359 3979 homines
1379 3921 1514 3980 truncos
1535 3925 1569 3979 et
1589 3935 1671 3980 saxa
1688 3935 1708 3978 a
1724 3935 1777 3978 me
1795 3915 1868 3979 fieri
1885 3915 2088 3992 criminatur,
2111 3913 2190 3996 quia

179 3997 375 4083 quibusdam
397 3997 592 4062 Tertulliani
613 4004 648 4061 et
668 3997 800 4061 irenaei
825 3996 904 4062 locis
925 3997 1037 4061 fucum
1058 4017 1158 4080 supra
1208 3999 1275 4065 illis
1295 3999 1451 4064 deitatem
1472 4021 1540 4065 non
1564 4002 1717 4079 tribuam,
1747 3999 1868 4082 aliquid
1897 4001 2034 4065 haberet
2061 3999 2189 4077 coloris,

178 4087 286 4152 facere
313 4083 464 4149 tentavit.
510 4080 577 4148 Sed
605 4103 704 4165 quam
730 4080 870 4147 evanida
895 4083 995 4147 fuerit
1022 4084 1156 4166 species,
1209 4087 1237 4151 si
1258 4087 1348 4151 inter
1368 4086 1478 4151 Deum
1500 4094 1534 4150 et
1555 4094 1690 4151 tmncos
1716 4085 1803 4150 nihil
1829 4095 1926 4174 esset
1942 4084 2097 4150 medium.
2142 4085 2190 4150 Et

177 4171 356 4237 lectoribus
377 4179 527 4235 constare
549 4167 697 4234 arbitror.
707 4169 737 4249 ²)
758 4168 800 4231 In
822 4166 960 4233 citandis
976 4170 1158 4251 scripturae
1208 4180 1320 4236 tamen
1349 4178 1389 4235 ut
1420 4174 1565 4236 maximo
1593 4172 1704 4237 valeat
1725 4170 1860 4236 Servati
1890 4170 2085 4254 apotheosis,
2120 4191 2189 4235 non

177 4257 259 4323 locis
276 4277 335 4322 suo
353 4276 444 4320 more
462 4253 646 4338 piusquam
657 4249 751 4335 prodi
824 4262 882 4318 est
903 4251 1157 4336 SpiravitDcus
1209 4258 1398 4323 eximantur
1431 4257 1580 4322 homines
1608 4257 1648 4322 ab
1678 4257 1740 4322 hoc
1759 4255 1895 4339 probro,
1924 4255 2055 4340 quando
2077 4256 2189 4320 Deum

176 4344 345 4410 viventem
367 4342 512 4405 animam
533 4340 569 4404 in
590 4339 709 4404 Adam.
752 4274 863 4419 blida
885 4361 928 4403 an
946 4349 984 4404 ut
1005 4360 1099 4405 suam
1120 4339 1157 4404 in
1209 4344 1245 4407 in
1265 4341 1383 4425 lapide,
1405 4342 1547 4425 lapidem
1570 4362 1643 4407 esse
1661 4342 1739 4407 dicit
1755 4342 1905 4421 Epistola
1923 4347 1952 4418 6,
1975 4340 2096 4425 pagina
2114 4345 2188 4406 589.

177 4448 255 4492 eum
288 4426 444 4492 deitatem
483 4423 752 4490 transfunderet?
815 4425 961 4508 Tempus
993 4425 1157 4492 vindictae
1209 4428 1295 4492 Item
1316 4428 1352 4492 in
1370 4427 1543 4511 Apologia,
1566 4428 1687 4511 pagina
1707 4428 1779 4507 698,
1800 4429 1912 4493 Deum
1929 4428 2055 4510 quoties
2071 4427 2189 4504 monti,

177 4532 258 4578 suae
281 4510 423 4576 Genesis
447 4516 466 4575 6
488 4511 651 4595 praefigit,
684 4531 728 4575 ne
749 4519 908 4592 perpetuo
937 4511 1065 4576 rixetur
1091 4512 1157 4594 spi·
1209 4525 1268 4579 eut
1287 4512 1398 4596 lapidi,
1430 4523 1489 4577 aut
1509 4513 1642 4595 pluviae
1676 4518 1749 4592 [pag.
1774 4518 1850 4592 208]
1872 4513 2040 4596 praecipit,
2074 4512 2190 4578 deitati

176 4600 263 4663 ritus
284 4618 365 4662 suus
386 4618 461 4661 cum
483 4596 625 4662 homine.
669 4595 736 4663 Ubi
758 4595 889 4661 deitatis
911 4595 1054 4661 infusio?
1097 4597 1157 4662 Iob
1210 4599 1398 4682 praecipere
1420 4618 1503 4681 quae
1524 4599 1561 4661 in
1583 4599 1722 4682 singulis
1743 4606 1802 4663 ast

178 4687 219 4750 33
241 4683 349 4766 capite
370 4682 493 4747 fatetur
514 4704 549 4748 se
569 4691 715 4748 creatum
733 4701 804 4746 esse
821 4681 886 4746 Dei
908 4683 1038 4765 spiritu,
1072 4683 1158 4747 vivi·
1296 4684 1411 4761 Porro,
1442 4705 1541 4766 quum
1575 4684 1610 4747 in
1642 4693 1772 4749 sanctos
1804 4691 1916 4766 patres
1942 4682 1999 4766 qui
2026 4681 2190 4767 sublege

67 4857 72 4862 ἡ
177 4772 313 4837 ficetum
348 4769 420 4833 eius
455 4767 627 4850 spiraculo.
672 4766 774 4849 Atqui
796 4766 890 4831 Deus
922 4787 983 4831 nos
1017 4765 1158 4832 creando
1210 4770 1376 4846 vixerunt,
1412 4769 1522 4851 palam
1547 4777 1581 4835 et
1609 4768 1681 4834 sine
1701 4768 1901 4835 verecundia
1921 4789 2052 4851 semper
2073 4779 2190 4833 conm-

1209 4854 1365 4919 meliosus
1385 4855 1493 4931 fuerit,
1515 4855 1637 4920 mirum
1659 4863 1711 4919 est
1732 4877 1791 4921 cur
1812 4875 1901 4920 nunc
1922 4856 2007 4919 serio
2029 4851 2191 4918 invidiam
2227 4898 2229 4901 -

1210 4941 1324 5023 fugere
1359 4940 1504 5089 incipiat.
1557 4941 1701 5024 Negavit
1740 4940 1893 5022 spiritum
1930 4938 2192 5024 regenerationis

178 5089 198 5127 a
217 5004 955 5144 offimhmfflfffflnff‘ffiffl
980 5004 1059 5060 ΗΜ
1076 5006 1159 5062 ⁰⁶⁶⁰
1210 5034 1362 5091 sanctum
1385 5048 1424 5091 su
1467 5026 1540 5110 lege
1562 5025 1675 5091 datum
1696 5026 1810 5091 fuisse:
1838 5032 1937 5108 atque
1959 5026 2021 5091 hoc
2043 5025 2192 5091 continet

234 5141 278 5205 ¹2)
296 5143 367 5197 Mais
384 5145 410 5197 ie
428 5161 493 5213 croy
511 5160 562 5212 que
581 5144 607 5195 ie
625 5143 671 5209 luy
689 5157 723 5210 ay
742 5142 765 5195 si
780 5140 843 5196 bien
859 5141 933 5197 rarle
951 5146 1012 5197 tout
1030 5159 1080 5198 son
1098 5144 1159 5198 fard
1211 5110 1337 5210 XXXI
1363 5113 1549 5195 Pr⁰ll⁰⁸itl⁰·
1599 5112 1697 5176 Num
1731 5132 1784 5176 me
1814 5110 1984 5175 iflssifflfllflt
2015 5109 2197 5217 ¹¹¹‘³¹¹d²³¹({iigv

178 5225 232 5278 que
250 5210 297 5265 nul
313 5210 374 5266 n’en
392 5220 458 5279 peut
474 5212 537 5280 plus
554 5219 627 5266 estre
646 5210 738 5264 abusi.
1211 5217 1303 5280 quasi
1324 5198 1439 5264 staudc
1461 5197 1503 5264 ad
1528 5198 1706 5282 prophetas
1728 5196 1913 5275 extendam,
1948 5195 2035 5279 quod
2055 5216 2202 5261 nonmsl·
