4702 5926
225 298 289 361 635
967 289 1236 358 Ruuuuaulo
1258 288 1492 356 ERRORUM
2174 288 2240 351 636

224 482 356 568 generis
378 477 517 544 subinde
546 479 581 543 in
604 478 773 561 prophetis
803 478 991 543 testimonia
1020 482 1203 554 occurrant,
1258 477 1370 542 donati
1391 484 1486 555 sunt,
1514 496 1556 540 ex
1577 475 1651 560 lege
1672 478 1843 543 obtineant
1863 476 2032 542 iustitiam.
2077 474 2241 559 Sequitur

225 565 313 633 unde
335 566 533 648 perspicitur
564 563 648 628 nihil
678 563 739 629 sibi
775 561 866 628 aliud
893 563 1057 646 reliquum
1089 562 1204 627 fecisse
1256 563 1466 646 paulopost:
1490 562 1576 626 Ecce
1597 561 1680 646 legis
1702 561 1937 640 difficultatem,
1961 563 2027 626 imo
2049 561 2239 644 impossibi-

225 662 366 729 sanctos,
411 650 477 714 nisi
514 659 552 715 ut
592 650 627 713 iu
667 671 702 713 se
739 648 819 733 ipsis
859 648 1022 730 desperati
1062 647 1104 711 ad
1140 647 1205 711 Dei
1256 648 1399 722 litatem,
1420 648 1448 711 si
1468 647 1578 730 iugem
1601 646 1865 714 observationem
1887 647 1985 713 velis:
2019 646 2238 712 nihilominus

224 735 482 803 misericerdiam
514 735 736 818 confugerent,
772 733 900 798 abunde
934 735 971 797 in
1004 754 1078 797 mea
1106 731 1202 797 Iusti·
1257 733 1396 799 dabatur
1416 731 1581 815 plurimae
1604 753 1643 797 ea
1659 754 1754 798 mens
1768 733 1810 798 ad
1825 740 1914 799 certa
1925 732 2042 798 saltem
2054 740 2236 809 momenta,

224 823 353 887 tutione
386 820 490 885 docui.
545 820 615 884 Nec
647 819 746 903 longa
777 820 968 883 recitatione
1001 839 1088 883 nunc
1120 837 1203 899 epus
1257 829 1296 883 ut
1317 819 1424 901 legem
1446 838 1521 883 oum
1544 819 1664 883 affeetu
1687 826 1850 897 tenentes,
1877 818 2002 882 nullam
2024 828 2103 883 tunc
2125 827 2237 882 naus

224 915 284 985 est,
325 906 455 989 quando
493 926 560 970 uno
583 905 681 970 Pauli
720 905 806 969 dieto
845 913 915 968 tota
950 904 990 968 lis
1027 901 1202 967 dirimitur.
1257 903 1461 988 gressionem
1482 904 1635 982 lacerent,
1658 903 1839 969 secundum
1860 903 1956 968 illud:
1980 904 2114 970 Faciam
2138 903 2238 967 utin

226 991 339 1074 Quum
368 992 527 1057 iustitiam
556 990 727 1054 bominum
754 991 791 1053 in
820 989 968 1072 gratuita
995 998 1203 1071 peccatorum
1255 988 1439 1072 praeceptis
1467 989 1550 1053 meis
1578 990 1763 1056 ambuletis.
1809 989 2007 1056 Observabo
2038 1009 2118 1072 ergo
2150 988 2237 1072 legis

224 1076 420 1144 remissione
447 1078 626 1140 consistere
648 1074 750 1152 docet,
783 1095 850 1139 non
878 1075 1030 1151 aPetrc,
1064 1095 1125 1139 nec
1146 1072 1202 1136 Io·
1256 1083 1342 1152 erat,
1375 1072 1505 1156 quando
1538 1075 1611 1157 quis
1643 1076 1840 1156 operabatur
1872 1074 1960 1157 quod
1991 1082 2136 1157 poterat,
2172 1081 2235 1139 etc

225 1163 354 1239 banne,
382 1184 442 1226 nec
469 1162 538 1225 suis
567 1161 700 1242 collegis
727 1160 953 1242 probationem
975 1160 1073 1242 petit,
1102 1157 1161 1224 sed
1183 1179 1203 1222 a
1255 1159 1349 1224 Bene
1371 1157 1481 1236 babet,
1504 1159 1590 1241 quod
1601 1158 1711 1224 Deum
1731 1161 1807 1243 plus
1828 1160 1963 1226 iussisse
1980 1160 2111 1235 autur,
2134 1179 2237 1240 quam

225 1247 369 1313 Davide:
407 1246 485 1329 quia
512 1246 622 1311 beatos
651 1246 870 1328 pronuncians
899 1243 1016 1328 quibus
1045 1245 1202 1309 remissae
1254 1245 1405 1309 homines
1427 1244 1495 1308 sint
1515 1245 1725 1327 praestando:
1748 1267 1849 1328 quum
1870 1247 1968 1310 toties
1980 1243 2128 1310 Simonis
2145 1244 2236 1327 magi

224 1342 304 1399 sunt
334 1333 524 1414 iniquitates
558 1331 695 1411 (Psalm.
720 1334 775 1408 32,
810 1337 858 1413 l),
886 1330 1047 1394 iustitiam
1080 1329 1202 1411 absque
1254 1329 1432 1412 discipulos
1460 1350 1532 1394 esse
1554 1330 1713 1408 clamitet,
1743 1331 1800 1414 qui
1826 1332 1862 1395 in
1884 1330 1957 1414 lege
1979 1328 2105 1413 aliquid
2127 1329 2237 1394 maius

225 1418 381 1501 operibus
405 1415 549 1480 definiat.
594 1415 764 1480 Abraham
803 1435 901 1498 porro
940 1415 1088 1479 fidelium
1108 1423 1203 1496 pater
1277 1415 1398 1498 raecipi
1436 1411 1566 1494 dicunt,
1612 1437 1711 1498 quam
1749 1417 1835 1481 ferat
1874 1416 2047 1480 hominum
2085 1413 2235 1480 facultas.

225 1503 387 1586 quomodo
411 1502 607 1566 iustificatus
629 1500 700 1565 est?
736 1500 792 1564 Er
810 1500 971 1581 operibus,
993 1499 1100 1582 inquit
1123 1497 1202 1564 Ser·
1298 1501 1393 1565 terim
1416 1500 1554 1582 partiale
1576 1500 1767 1583 obsequium
1788 1523 1848 1584 pro
1868 1501 1997 1567 iustitia
2015 1500 2142 1566 censeri
2157 1520 2237 1566 con·

224 1598 331 1654 vetus.
386 1587 548 1652 Perverse
579 1585 669 1650 enim
707 1585 929 1667 sophistarum
969 1605 1061 1650 more
1091 1583 1203 1649 Iacchi
1253 1585 1376 1664 tendit,
1404 1592 1443 1649 ut
1463 1592 1594 1650 tantum
1616 1584 1753 1652 dimidia
1774 1607 1815 1650 ex
1837 1596 1931 1669 parte
1951 1585 2035 1651 fides
2055 1607 2117 1651 nos
2138 1585 2237 1649 iusti·

226 1673 335 1738 locum
369 1673 420 1754 (ι’,
445 1672 501 1751 21)
534 1671 677 1753 exponit.
732 1670 780 1734 Ut
809 1680 922 1734 tamen
949 1669 1055 1734 Paulo
1088 1677 1202 1734 contra
1254 1673 1345 1736 ficet:
1385 1668 1473 1750 Quia
1494 1677 1683 1753 propterea,
1712 1673 1832 1754 inquit,
1861 1694 1927 1737 non
1948 1669 2077 1736 deletur
2097 1690 2238 1753 operum

227 1758 356 1823 docenti
378 1754 502 1838 aliquid
516 1761 589 1835 [pag.
603 1760 678 1834 249]
701 1753 867 1832 concedat,
890 1755 978 1834 dicit,
1000 1755 1202 1837 priussuum
1255 1756 1394 1834 bonitas,
1416 1775 1555 1838 quorum
1577 1754 1727 1821 habenda
1748 1765 1799 1823 est
1820 1778 1930 1823 coram
1950 1757 2024 1822 Deo
2046 1757 2140 1833 ratio,
2168 1776 2238 1820 non

227 1843 362 1907 credere
393 1841 551 1906 Abrahae
584 1849 772 1922 reputatum
810 1840 911 1904 luisse
949 1840 991 1904 ad
1025 1840 1201 1905 iustitiam:
1255 1850 1387 1906 tantum
1407 1842 1443 1904 in
1464 1840 1596 1906 Indaeis
1618 1850 1651 1906 et
1671 1841 1841 1926 gentibus,
1870 1842 1928 1908 sed
1949 1842 2051 1907 etiam
2070 1842 2107 1905 in
2129 1841 2236 1905 nobis.

227 1929 315 1993 sicut
336 1928 363 1992 si
384 1928 537 2009 prinecps
563 1925 651 2008 apud
678 1945 713 1989 se
735 1925 883 1989 animum
906 1925 957 1990 sui
980 1925 1094 1990 militis
1115 1926 1202 2008 cogi·
1255 1929 1379 1991 Annon
1401 1927 1580 2009 gratuitam
1599 1926 1759 1993 iustitiam
1780 1928 1970 2005 labefactat,
1998 1928 2054 2009 qui
2074 1925 2140 1991 fide
2162 1934 2237 1990 tan-

226 2023 318 2089 tans,
351 2033 393 2077 ex
426 2013 534 2094 gratia
564 2023 597 2073 et
620 2010 794 2093 privilegio
825 2019 959 2093 reputet
989 2011 1020 2075 ci
1052 2018 1204 2075 conatum
1255 2020 1327 2077 tum
1350 2011 1496 2094 suppleri
1518 2011 1612 2090 dicit,
1640 2011 1729 2094 quod
1750 2014 1785 2077 in
1808 2013 1960 2096 operibus
1982 2012 2137 2077 mutilum
2160 2009 2235 2076 est?

225 2098 350 2163 bonum
382 2118 442 2180 pro
475 2117 511 2159 rc
542 2096 698 2159 confecta.
744 2094 935 2161 Secundum
968 2105 1123 2160 naturam
1155 2095 1204 2157 rei
1256 2095 1430 2162 Concludit
1462 2096 1594 2161 demum
1624 2098 1871 2163 iustificationes
1903 2098 2004 2163 fuisse
2035 2097 2164 2179 plures,
2197 2101 2238 2161 ut

225 2184 289 2249 hoc
312 2204 377 2247 uon
399 2180 581 2246 debebatur
602 2180 679 2246 fidei
701 2181 866 2259 Abrabae,
899 2201 959 2246 nec
981 2190 1123 2257 nostrae,
1146 2179 1204 2244 sed
1255 2203 1315 2264 pre
1347 2202 1539 2263 quocunque
1578 2181 1665 2248 dicto
1700 2182 1754 2247 vel
1786 2184 1881 2262 facto,
1921 2184 1974 2248 vel
2007 2203 2083 2248 cum
2112 2182 2238 2247 affectu

226 2290 270 2334 ex
352 2268 398 2331 tia
418 2267 452 2330 id
472 2265 517 2330 ibi
540 2267 661 2331 sactrrm
680 2275 738 2332 cst.
763 2265 890 2350 Figura
908 2265 973 2330 fuit
993 2266 1042 2329 rei
1062 2266 1203 2343 firturae,
1256 2268 1405 2350 cogitato,
1427 2267 1521 2332 iuxta
1537 2266 1603 2332 Dei
1624 2268 1827 2334 voluntatem
1849 2269 2082 2334 iustificaretnr
2102 2267 2213 2333 homo.

226 2362 267 2419 ut
318 2354 413 2418 bristi
447 2353 481 2416 in
514 2373 575 2416 nos
609 2352 750 2434 gratiam
780 2371 936 2436 magnam
968 2350 1202 2435 intelligamus.
1342 2351 1395 2416 De
1412 2353 1506 2418 nobis
1523 2363 1635 2417 autem
1657 2352 1741 2419 libro
1765 2358 1944 2421 Stractare
1961 2353 2131 2436 incipiens,
2153 2373 2237 2437 pro-

225 2440 331 2522 Atqui
354 2439 383 2504 si
418 2438 479 2503 hoo
501 2438 674 2520 recipitur,
707 2438 773 2501 fide
794 2435 938 2501 oblat-am
958 2437 1021 2507 sibi
1041 2437 1204 2502 iustitiam
1255 2438 1392 2503 missam
1428 2436 1580 2521 operibus
1618 2439 1804 2505 mercedem
1837 2439 1936 2523 longo
1974 2459 2122 2505 sermone
2152 2459 2238 2522 pro·

227 2525 364 2588 minime
383 2524 555 2606 amplexus
576 2522 638 2586 fuit
661 2530 795 2587 sanctus
816 2522 876 2599 vir,
899 2520 958 2586 sed
978 2521 1052 2587 ideo
1073 2528 1205 2604 praeter
1256 2523 1413 2606 sequitur.
1459 2522 1588 2588 Deinde
1614 2532 1764 2591 recenset
1791 2524 1938 2590 caritatis
1960 2525 2074 2607 elogia.
2118 2524 2238 2589 Tertio

227 2610 385 2675 meritum
424 2606 557 2673 babitus
592 2608 714 2686 iustus,
758 2608 835 2689 quia
874 2606 916 2671 ad
953 2605 1204 2689 promerendam
1255 2607 1333 2673 fidei
1355 2608 1507 2674 effoetum
1530 2607 1729 2693 aggreditur.
1762 2611 1837 2676 Hoc
1857 2631 1937 2677 vero
1959 2607 2096 2675 docendi
2118 2608 2238 2674 ordine

227 2695 373 2760 iustitiae
395 2692 528 2758 laudem
549 2694 649 2774 probe
670 2694 736 2757 iam
757 2694 894 2759 affectus
913 2692 1005 2757 foret.
1027 2691 1206 2758 anterum
1256 2693 1335 2776 quid
1357 2693 1445 2758 aliud
1469 2695 1594 2777 agitur,
1639 2716 1716 2759 uam
1738 2703 1778 2760 ut
1798 2697 1890 2779 prius
1912 2695 2082 2760 hominum
2105 2703 2237 2759 mentes

228 2801 294 2863 quo
315 2800 413 2844 sensu
436 2778 557 2861 pagina
580 2782 652 2857 304,
684 2789 819 2861 propter
850 2799 953 2841 uuum
986 2777 1064 2843 fidei
1096 2785 1205 2842 actum
1258 2779 1418 2845 diabolica
1439 2800 1575 2862 operum
1592 2716 1713 2846 fiducia
1729 2789 1873 2863 occupet,
1897 2800 1997 2863 quam
2013 2779 2140 2861 aliquid
2156 2799 2237 2845 een-

229 2863 402 2930 Abrahem
434 2866 560 2927 iustum
585 2863 687 2928 luisse
714 2862 809 2942 dicat,
841 2863 938 2927 anxie
965 2884 1032 2928 non
1064 2863 1205 2945 inquiro,
1257 2865 1381 2948 oipiant
1407 2864 1447 2931 de
1469 2865 1593 2930 Christi
1615 2865 1742 2949 gnua?
1787 2865 1964 2933 Caeterum
1993 2873 2031 2930 ut
2058 2864 2137 2929 fidei
2160 2869 2237 2943 [pag

229 2950 296 3014 nisi
317 2947 404 3031 quod
436 2946 514 3012 inde
534 2947 687 3032 colligere
720 2958 910 3032 promptum
931 2958 989 3027 cst,
1023 2969 1088 3013 non
1111 2968 1206 3013 secus
1259 2954 1335 3028 251]
1357 2950 1426 3015 vim
1448 2969 1549 3033 supra
1570 2951 1675 3016 coelos
1693 2951 1839 3030 extollat,
1860 2974 1903 3018 cx
1921 2952 1992 3016 eius
2009 2957 2122 3016 tamen
2139 2950 2237 3016 dictis

230 3034 272 3100 de
292 3032 370 3099 fidei
391 3034 516 3098 iustitia
537 3035 712 3118 imaginari
735 3035 922 3112 Servatum,
946 3035 1090 3117 quamsi
1112 3032 1206 3097 Deus
1257 3035 1392 3101 nonnisi
1424 3055 1517 3100 mera
1548 3035 1695 3101 confusio
1717 3037 1853 3103 elicitur.
1898 3037 1985 3102 Nam
2016 3056 2119 3118 quum
2141 3035 2237 3114 fides,

228 3121 413 3203 praemium
434 3117 515 3182 illud
538 3119 690 3200 operibus
711 3122 831 3186 nostris
852 3119 1056 3202 rependeret.
1071 3123 1093 3196 ¹)
1115 3115 1207 3199 Quid
1259 3120 1441 3187 secundum
1465 3121 1584 3202 ipsum,
1617 3123 1887 3203 promissionibus
1919 3123 2051 3186 intenta
2083 3141 2152 3185 non
2184 3121 2237 3198 sit,

229 3205 321 3271 enim
342 3204 432 3269 aliud
450 3212 500 3268 est
517 3205 685 3270 iustificari
702 3213 838 3289 propter
856 3204 935 3269 fidei
952 3203 1087 3271 actum?
1110 3202 1206 3268 Adde
1257 3227 1326 3269 non
1346 3205 1463 3288 recipit
1485 3204 1628 3271 oblatam
1649 3207 1752 3290 gratis
1768 3208 1939 3273 iustitiam.
1968 3205 2108 3285 Deinde,
2131 3225 2239 3289 quum

230 3290 318 3375 quod
339 3290 546 3377 pestilentius
569 3311 736 3355 venenum
757 3291 824 3357 illic
846 3291 939 3355 latet:
963 3289 1206 3374 quiaAbrahae
1258 3291 1383 3375 gratiae
1414 3291 1600 3374 promiscue
1627 3292 1805 3358 misceatur
1831 3313 1969 3378 operum
1990 3292 2126 3370 iustitia,
2171 3312 2239 3356 non

227 3375 389 3442 iustitiam
415 3385 546 3439 nostrae
578 3376 730 3441 umbram
765 3377 928 3441 duntaxat
959 3377 1061 3440 fuisse
1093 3374 1206 3439 subin·
1257 3376 1400 3458 reperiet
1421 3376 1621 3442 conscientia
1642 3376 1699 3441 ubi
1720 3377 1847 3460 placide
1868 3386 2005 3460 tutoque
2021 3380 2179 3459 quiescat,
2201 3382 2240 3440 ut

230 3461 333 3527 dicat:
365 3462 443 3543 quia
464 3460 541 3524 fidei
562 3471 630 3526 tem
655 3484 695 3527 us
717 3482 737 3526 a
758 3462 886 3528 Christi
906 3461 1040 3527 demum
1062 3458 1207 3526 adventu
1258 3463 1391 3527 beatam
1412 3461 1503 3526 illam
1525 3482 1648 3545 pacem,
1671 3465 1764 3529 euius
1787 3465 1938 3529 meminit
1958 3463 2094 3541 Paulus,
2116 3460 2240 3544 adepta

229 3547 398 3629 inceperit.
443 3545 591 3611 Tandem
613 3485 667 3612 uhi
692 3546 852 3614 Servetur
874 3546 914 3611 de
931 3556 1064 3630 patrum
1084 3545 1208 3610 iustitia
1258 3545 1459 3629 intrepidam
1469 3546 1535 3613 Dei
1556 3549 1796 3614 invocationem
1816 3548 1966 3615 cordibus
1984 3548 2107 3613 nostris
2125 3546 2238 3611 dictet.

229 3632 372 3696 multum
396 3632 543 3715 garrivit,
567 3654 602 3697 se
623 3635 731 3715 ipsum
751 3635 865 3698 multis
886 3631 1037 3698 absurdis
1051 3630 1208 3713 expedire
1259 3633 1433 3697 Postremo
1472 3652 1573 3715 quum
1605 3632 1697 3698 addit
1727 3636 1899 3700 caritatem
1938 3654 2010 3699 esse
2042 3653 2128 3715 quae
2161 3631 2240 3698 fidei

230 3716 345 3783 volens
365 3717 472 3799 magis
500 3718 643 3783 involvit
667 3727 764 3801 atque
790 3719 931 3783 intricat.
976 3718 1064 3781 Nam
1087 3717 1208 3799 pagina
1260 3715 1436 3782 efficaciam
1469 3716 1584 3782 tribuit
1621 3734 1760 3802 eamque
1792 3720 1955 3797 vivificat,
1996 3719 2073 3801 quia
2100 3717 2240 3800 spiritus

215 3805 295 3866 ⁴334
316 3802 366 3866 sic
387 3801 546 3883 loquitur:
582 3802 670 3882 Quia
691 3803 833 3869 carnalis
855 3811 927 3867 erat
947 3802 1006 3866 illa
1027 3802 1152 3866 iustitia
1174 3807 1208 3865 et
1259 3810 1410 3881 sanctus,
1437 3803 1494 3884 qui
1515 3803 1732 3881 caritascst,
1773 3806 1842 3871 vita
1871 3814 1922 3868 est
1948 3805 2053 3888 ipsius
2080 3803 2176 3881 fidei,
2205 3810 2240 3866 et

227 3887 449 3965 insufficiens,
471 3907 538 3950 non
559 3891 696 3968 veritas,
726 3889 784 3953 sed
805 3888 936 3952 umbra:
976 3885 1109 3966 deinde,
1131 3886 1208 3968 quia
1258 3909 1358 3971 opera
1396 3889 1542 3953 caritatis
1585 3908 1658 3953 eam
1696 3890 1809 3955 vivam
1840 3897 1984 3968 servant,
2024 3890 2147 3973 pagina
2175 3891 2239 3951 350

227 3994 298 4038 non
320 3981 392 4037 crat
413 3980 581 4050 constans,
610 3994 648 4037 eo
669 3973 756 4056 quod
777 3994 874 4038 nemo
901 3974 1030 4056 integre
1052 3979 1207 4055 operatus
1259 3974 1380 4039 talibus
1427 3974 1525 4038 fumis
1570 3981 1672 4039 totam
1725 3975 1801 4041 fidei
1847 3985 1999 4040 naturam
2017 3977 2043 4059 ¹)
2094 3974 2239 4057 pessime

227 4057 389 4143 estquod
413 4057 543 4122 debeat:
575 4060 680 4138 tertio,
703 4061 779 4142 quia
800 4060 925 4142 peccati
946 4057 1099 4142 cognitio,
1123 4075 1207 4139 quae
1258 4059 1420 4126 obseurat.
1472 4059 1550 4125 Huc
1578 4060 1711 4140 accedit,
1744 4060 1830 4143 quod
1859 4060 2009 4143 Epistola
2037 4064 2072 4122 ll
2109 4058 2171 4124 hac
2198 4056 2239 4121 de

228 4166 289 4228 per
306 4146 412 4229 legem
431 4153 511 4219 erat,
535 4142 694 4209 delictum
709 4144 847 4210 faciebat
862 4144 979 4219 maius,
1002 4142 1207 4208 concluditur
1258 4165 1295 4208 re
1316 4165 1446 4210 meeum
1480 4144 1556 4210 data
1588 4165 1689 4228 opera
1710 4144 1918 4230 digladiatur.
1964 4148 2013 4212 Ae
2038 4145 2148 4229 primo
2170 4143 2239 4207 col·

226 4252 348 4302 verum
380 4250 452 4294 csse
485 4228 569 4292 illud
602 4229 708 4309 Pauli,
748 4230 914 4295 carnalem
946 4229 1112 4293 bominem
1141 4248 1207 4290 non
1258 4230 1346 4313 figit,
1380 4230 1476 4296 sicuti
1498 4240 1631 4312 peecata
1651 4252 1718 4296 non
1739 4231 1844 4297 solum
1877 4231 2046 4296 declarant
2067 4230 2239 4296 hominem

226 4319 373 4404 potuisse
401 4315 574 4380 iustificari
601 4336 711 4381 coram
733 4318 813 4381 Deo.
859 4315 935 4380 Non
963 4312 1046 4378 nihil
1076 4311 1207 4395 quidem
1258 4317 1435 4393 iniustum,
1474 4314 1533 4380 sed
1572 4317 1735 4382 efficiunt:
1774 4317 1822 4381 ita
1854 4317 1950 4383 bonis
1983 4314 2138 4400 operibus
2171 4334 2239 4378 non

229 4405 337 4472 dicere
359 4403 504 4471 videtur:
528 4401 556 4466 si
578 4402 651 4484 quis
672 4408 784 4467 tamen
804 4401 946 4483 penitius
968 4398 1116 4464 excutiat
1136 4398 1207 4463 cius
1260 4401 1367 4466 solum
1389 4402 1567 4466 monstrari
1588 4402 1712 4467 iustum
1733 4402 1910 4479 hominem,
1933 4402 1990 4468 sed
2008 4401 2102 4467 effici.
2126 4402 2240 4482 Atque

230 4512 383 4568 sensum,
417 4490 479 4554 hoc
510 4495 641 4552 tantum
673 4489 757 4572 agit,
796 4485 883 4569 quod
912 4492 1067 4550 extenuat
1099 4483 1208 4547 earnis
1261 4487 1323 4552 hoe
1351 4488 1534 4564 confirmat,
1573 4487 1650 4568 quia
1690 4485 1860 4552 benefacta
1899 4489 1936 4552 in
1974 4489 2081 4572 gratia
2107 4494 2241 4552 tantum

229 4582 305 4657 [pag.
320 4579 396 4654 250]
406 4576 575 4654 iustitiam,
596 4595 639 4639 ne
651 4574 766 4640 salutis
780 4581 934 4638 aeternae
951 4571 1119 4635 meritoria
1135 4589 1208 4635 esse
1260 4571 1374 4637 valent
1395 4568 1640 4653 adaugendam
1663 4571 1812 4656 gloriam,
1835 4580 1996 4655 quantum
2008 4573 2186 4638 malefacta
2207 4572 2242 4635 in

230 4661 393 4729 credatur.
417 4660 605 4739 (laetorum,
627 4680 692 4743 qua
711 4656 1024 4724 audaciacarnalem
1041 4656 1209 4720 hominem
1260 4664 1394 4738 peccato
1415 4655 1457 4719 ad
1480 4655 1663 4740 augendam
1683 4678 1831 4739 poenam.
1876 4656 1931 4724 Ad
1948 4658 2040 4737 baec,
2061 4659 2138 4740 quia
2161 4657 2243 4724 dicit

229 4750 301 4816 leco
331 4747 441 4814 carnis
474 4745 708 4831 supposuit?²)
753 4743 859 4825 Quasi
891 4762 970 4808 vcro
1003 4741 1059 4824 qui
1091 4740 1210 4823 spiritu
1261 4739 1399 4806 Iacobus
1420 4761 1487 4806 nou
1510 4741 1616 4807 solum
1635 4740 1699 4808 fide
1715 4742 1929 4808 iustificatum
1941 4742 2122 4822 Abraham,
2140 4745 2244 4809 ratic·

1261 4827 1399 4903 sinatur,
1421 4826 1543 4907 partim
1565 4847 1643 4911 ergo
1669 4826 1704 4893 id
1725 4828 1848 4894 lactum
1870 4849 1942 4895 esse
1963 4829 2126 4913 operibus.
2173 4827 2246 4895 Ad·

302 4987 333 5053 1)
352 5001 454 5043 comme
478 4984 589 5040 siDieu
611 4999 646 5038 ue
667 4982 760 5037 insuit
781 4996 833 5050 qne
858 4995 927 5034 nous
950 4992 1067 5033 avanccr
1084 4976 1110 5031 le
1129 4991 1210 5057 pave·

233 5062 308 5112 ment
324 5055 360 5109 de
376 5071 429 5110 noa
449 5067 563 5108 caumes
580 5051 681 5106 devant
697 5049 762 5118 qu’il
779 5051 834 5104 soit
851 5049 918 5104 deu:
936 5060 1051 5101 mesmes
1069 5059 1122 5112 que
1134 5044 1210 5099 desra
1262 5048 1316 5103 bon
1335 5049 1494 5116 expositam
1515 5063 1549 5101 ne
1572 5049 1672 5104 toucbe
1696 5051 1774 5104 sinon
1792 5065 1861 5105 ceux
1884 5051 1930 5119 qni
1954 5048 2115 5106 dementent
2132 5067 2170 5108 cn
2188 5052 2251 5110 leur

235 5125 300 5181 telle
318 5124 413 5178 iustice
432 5131 475 5176 est
491 5138 528 5175 un
546 5121 643 5174 salaire
661 5125 781 5187 present.
1262 5117 1418 5173 sensualite.

302 5189 334 5257 2)
353 5188 427 5244 Adri.
454 5189 481 5244 S.
503 5189 572 5242 Paul
595 5187 672 5257 parle
696 5186 868 5254 simplement
885 5183 918 5240 de
936 5189 999 5238 urus
1016 5181 1150 5237 hommes:
1178 5195 1210 5236 ee
1230 5210 1233 5215 ·
1332 5185 1361 5250 1)
1379 5192 1441 5239 tout
1458 5201 1488 5240 cc
1506 5183 1587 5253 qu'on
1605 5185 1664 5241 doit
1682 5183 1811 5242 entenmc
1829 5185 1863 5242 de
1882 5191 1942 5242 cest
1960 5186 2065 5242 maele.
