4786 5910
271 316 334 379 299
1066 305 1131 373 DE
1153 305 1375 374 aarum
1396 305 1480 374 DEI
2213 309 2281 376 300

269 498 475 565 simaiorem
495 501 625 575 partem
651 491 724 556 idco
751 492 956 559 incredulam
977 515 1112 560 manere
1128 495 1243 643 5me
1295 491 1464 577 patefacit,
1497 497 1550 558 est
1581 490 1763 574 adoptionis
1791 492 1935 576 spiritus.
1986 491 2130 574 Adoptio
2162 498 2277 561 autem

270 583 347 666 quia
368 579 460 646 Dcus
482 598 550 642 non
577 576 641 642 nisi
663 597 744 659 quos
771 577 845 642 vult
865 577 1106 645 illuminatione
1152 581 1244 662 igna-
1296 578 1450 662 gratuita
1500 577 1591 661 Ergo
1624 588 1658 642 et
1688 576 1795 660 gratis
1826 579 1993 645 confertur
2024 577 2160 659 spiritus
2193 578 2275 660 ipse.

268 675 333 743 tur,
356 664 456 732 simul
474 663 616 729 alterum
634 661 715 726 illud
729 663 874 729 obtineo:
898 666 1117 730 communiter
1134 665 1245 730 offerri
1296 664 1368 729 Iam
1392 682 1465 726 non
1478 663 1629 729 omnibus
1650 662 1791 728 conferri
1813 663 2018 747 experientia
2039 660 2141 728 docet
2181 663 2276 748 Ergo

267 752 418 834 utrisque
451 749 515 814 Dei
547 747 819 813 misericordiam:
860 755 899 813 ut
936 751 1121 833 quicunque
1153 750 1245 815 intus
1298 747 1438 832 speciale
1468 746 1590 813 donum
1610 753 1663 812 cst
1691 745 1787 826 fides,
1815 756 1974 832 quarata
2002 749 2041 813 fit
2061 746 2127 812 Dei
2148 747 2275 815 electio.

269 858 337 903 non
375 835 567 911 docentur„
595 840 729 898 tantum
774 833 957 899 reddantur
988 834 1244 914 inexcusabiles.
1298 831 1372 914 Quo
1404 833 1505 898 ctiam
1539 853 1638 898 seusu
1669 830 1799 898 dixerat
1829 834 1970 913 Paulus,
1999 832 2185 913 Christum,
2217 834 2276 917 qui

269 921 492 1004 Distinguunt
531 916 679 1001 quidam,
721 918 806 1001 quod
844 921 994 1001 potentia
1027 919 1171 986 salutare
1203 921 1247 984 sit
1297 918 1431 984 ludaeis
1453 925 1505 983 est
1526 916 1719 984 scandalum
1741 927 1775 984 et
1795 919 1949 1002 gentibus
1971 917 2126 998 stultitia,
2147 919 2276 989 vocaus

270 1007 421 1073 omnibus
448 1002 673 1087 evangelium,
699 1025 764 1069 uon
791 1004 926 1070 effectu:
955 1005 1013 1071 sed
1041 1005 1163 1070 nodum
1184 1005 1247 1069 hoc
1297 1018 1370 1068 esse
1397 1004 1462 1069 Dei
1494 1002 1655 1068 virtutem
1686 1010 1721 1067 ct
1753 1004 1949 1086 sapientiam
1979 1004 2013 1085 (1
2038 1002 2113 1069 eor.
2141 1008 2173 1083 1,
2208 1008 2275 1080 23).

267 1091 364 1159 modo
392 1090 530 1155 minime
559 1088 755 1170 expediunt:
788 1090 867 1172 quia
888 1110 1018 1173 semper
1045 1111 1083 1156 eo
1105 1089 1246 1155 revolvi·
1297 1086 1396 1155 Unde
1417 1095 1527 1153 autem
1544 1089 1680 1167 vocatio,
1703 1089 1769 1154 nisi
1786 1090 1861 1173 qnia
1873 1088 2046 1165 Dominus,
2066 1109 2148 1172 quos
2165 1089 2275 1173 elegit,

267 1199 353 1255 mur,
376 1175 565 1260 aequalisne
583 1173 733 1240 omnibus
756 1174 944 1239 conferatur
966 1175 1120 1241 credendi
1142 1175 1246 1241 facul·
1297 1173 1479 1239 secuudum
1506 1174 1710 1256 propositum
1739 1195 1836 1238 suum
1863 1173 1978 1240 vocat?
2013 1175 2122 1252 (Rom.
2146 1177 2183 1254 8,
2208 1179 2276 1255 30.)

268 1271 328 1329 tas.
374 1263 421 1326 At
449 1280 544 1336 vero,
577 1278 637 1323 cur
657 1280 724 1323 non
752 1280 867 1324 omnes
890 1261 1061 1344 evangelio
1083 1260 1245 1339 obediant,
1299 1259 1396 1324 Nunc
1413 1271 1574 1338 tenemus,
1593 1258 1812 1343 evangelium,
1830 1258 2008 1342 quododor
2021 1259 2110 1324 vitae
2123 1259 2158 1323 in
2171 1260 2277 1326 vitam

268 1350 429 1414 rationem
452 1345 550 1410 affert
571 1343 708 1409 Paulus:
732 1346 809 1427 quia
830 1345 954 1410 Iesaias
977 1345 1069 1410 dicit:
1093 1346 1246 1424 Domine,
1298 1352 1417 1408 natura
1438 1366 1498 1410 sua
1515 1364 1586 1409 esse
1603 1342 1768 1422 debuerat,
1792 1344 2050 1409 mortiferumiis
2064 1344 2120 1428 qui
2136 1351 2277 1428 pereunt

269 1435 343 1518 quis
366 1431 505 1499 credidit
527 1429 672 1495 sermoni
700 1439 828 1508 nostro,
856 1439 891 1495 et
918 1430 1089 1497 brachium
1111 1431 1247 1496 Domini
1299 1428 1433 1494 odorem
1452 1451 1538 1495 esse:
1571 1428 1645 1494 ideo
1671 1437 1781 1495 autem
1808 1450 1942 1495 manere
1970 1431 2005 1494 in
2032 1429 2103 1496 suis
2129 1430 2276 1498 tenebris

270 1520 325 1584 cui
362 1517 547 1583 revelatum
587 1513 659 1578 est?
700 1516 811 1597 (Rom.
840 1520 894 1593 10,
928 1520 982 1594 16;
1015 1515 1099 1582 Iesa.
1124 1520 1179 1595 53,
1207 1521 1247 1595 l.)
1298 1513 1501 1594 incredulos,
1531 1514 1609 1598 quia
1635 1535 1701 1580 non
1723 1514 1890 1581 revelatur
1918 1514 1984 1581 illis
2005 1515 2071 1580 Dei
2092 1514 2274 1582 brachium.

271 1603 487 1670 (laedentium
508 1599 675 1684 paucitate
697 1601 858 1664 attonitus
884 1601 1045 1684 propheta
1067 1601 1246 1667 exclamat:
1299 1600 1397 1682 Quod
1418 1607 1530 1665 autem
1552 1600 1703 1665 intanta
1724 1608 1862 1666 naturae
1885 1609 2017 1666 nocuae
2039 1600 2225 1682 corruptela
2240 1608 2276 1666 et

272 1690 359 1754 Rem
393 1687 563 1770 indignam
595 1705 681 1762 esse,
714 1685 800 1767 quod
833 1685 898 1750 Dei
930 1684 1070 1750 verbum
1101 1688 1247 1751 omnium
1321 1687 1462 1751 revitate
1489 1684 1591 1768 aliqui
1624 1691 1737 1750 tamen
1770 1686 1939 1785 evangelio
1973 1684 2126 1764 credunt,
2160 1706 2276 1752 eorum

273 1774 408 1839 auribus
437 1791 632 1856 personans,
650 1836 652 1841 ,
667 1770 758 1834 nulla
780 1772 848 1835 fere
878 1769 976 1835 corda
1002 1772 1094 1836 intus
1116 1772 1245 1837 afficiat.
1299 1707 1435 1835 bonitati
1475 1769 1676 1846 adscribere,
1715 1770 1924 1855 sacrilegium
1959 1778 2023 1836 est:
2068 1769 2127 1835 sed
2166 1771 2276 1853 potius

273 1860 415 1936 Verum,
442 1878 483 1922 ne
511 1876 608 1938 quem
635 1853 808 1920 conturbet
835 1863 928 1920 tanta
954 1856 1070 1921 mundi
1092 1857 1246 1940 pravitas,
1299 1857 1425 1940 gratiae
1452 1876 1582 1938 semper
1608 1856 1681 1930 Deo
1707 1854 1869 1940 agendae,
1900 1863 1973 1935 [pag.
1997 1860 2052 1935 90]
2085 1863 2122 1921 ut
2149 1855 2276 1921 Paulus

272 1964 350 2010 mox
379 1942 524 2018 subiicit,
553 1961 620 2004 nou
649 1941 800 2007 omnibus
829 1940 892 2006 hcc
924 1961 995 2006 csse
1030 1940 1152 2006 datum.
1204 1942 1246 2007 In
1299 1948 1422 2019 monet,
1452 1941 1508 2023 qui
1529 1960 1585 2004 ecs
1606 1939 1705 2025 elegit
1732 1942 1774 2007 ab
1802 1941 1896 2006 initio
1923 1940 2039 2006 mundi
2067 1942 2102 2006 iu
2124 1941 2274 2020 salutem,

272 2048 409 2106 summa,
433 2028 551 2092 effectu
569 2024 885 2108 carcrequamlibet
906 2045 1060 2091 sonorum
1082 2026 1247 2092 humanae
1299 2026 1335 2090 in
1356 2025 1614 2091 sanctificatione
1636 2026 1773 2108 spiritus
1795 2034 1829 2091 et
1851 2026 1916 2091 fide
1938 2025 2090 2092 veritatis
2112 2031 2146 2104 (2
2158 2026 2275 2092 Thess.

272 2115 361 2181 vocis
383 2117 458 2192 [pag.
477 2117 531 2191 ss]
555 2110 730 2176 clamorem
753 2111 927 2195 significat,
949 2112 1013 2177 nisi
1031 2112 1166 2177 interior
1182 2112 1246 2177 Dei
1299 2115 1329 2190 2,
1355 2116 1417 2188 13).
1462 2109 1591 2192 Quibus
1613 2118 1702 2176 certe
1724 2112 1833 2177 verbis
1854 2121 1888 2178 et
1908 2110 2009 2177 fidem
2034 2117 2068 2176 et
2089 2111 2276 2178 sanctifica·

272 2200 378 2266 virtus
399 2199 435 2262 in
456 2196 607 2262 cordibus
629 2203 790 2278 operetur.
836 2196 939 2261 Ouius
962 2198 1060 2261 etiam
1082 2198 1131 2262 rei
1152 2217 1247 2281 prae·
1298 2197 1423 2262 tionem
1444 2197 1484 2261 ab
1507 2203 1642 2261 aeterna
1663 2196 1829 2276 electione,
1852 2206 2011 2281 tanquam
2030 2218 2050 2261 a
2069 2196 2159 2262 fonte
2176 2197 2274 2277 rivos,

272 2284 398 2351 clarum
424 2281 659 2346 documentum
684 2289 761 2345 ante
789 2280 901 2347 oculos
922 2283 1015 2362 ponit
1036 2282 1161 2361 Lucas,
1190 2283 1247 2365 qui
1300 2280 1439 2347 deducit
1484 2279 1575 2362 Quid
1597 2280 1706 2346 cnim‘l
1747 2283 1804 2347 An
1825 2281 1902 2365 quia
1923 2303 1958 2348 sc
1980 2282 2069 2365 ipsos
2090 2281 2274 2348 sanctifica·

271 2376 445 2453 postquam
484 2365 599 2432 retulit
642 2366 789 2430 habitam
832 2386 852 2429 a
890 2366 997 2430 Paulo
1040 2368 1246 2433 concionem:
1299 2368 1366 2432 turi
1399 2372 1509 2445 erant,
1549 2365 1622 2431 idco
1655 2365 1752 2432 electi
1785 2366 1896 2431 sunt'l
1938 2367 2041 2450 Atqui
2077 2367 2275 2432 nominatim

272 2452 493 2520 crediderunt
525 2451 661 2533 (inquit)
701 2457 859 2533 quotquot
896 2449 1038 2517 ordinati
1077 2459 1173 2517 erant
1206 2451 1248 2517 ad
1299 2451 1425 2518 Paulus
1446 2451 1508 2516 hoc
1535 2472 1607 2516 csse
1634 2451 1770 2535 spiritus
1790 2451 1856 2517 Dei
1882 2473 1966 2535 opus
1992 2452 2119 2518 assent
2163 2449 2277 2532 Quum

272 2540 377 2606 vitam
399 2545 568 2602 aeternam
591 2536 679 2610 (Act
706 2540 754 2616 13,
778 2539 843 2614 48).
871 2534 942 2601 Cur
962 2537 1077 2602 eadem
1100 2536 1248 2604 doctrina
1300 2535 1414 2603 cadem
1435 2537 1479 2602 sit
1500 2535 1578 2602 fidei
1599 2538 1700 2616 ratio,
1729 2544 1892 2621 superest,
1923 2538 2016 2602 utin
2038 2535 2137 2602 fidem
2153 2536 2281 2602 illumi-¹

273 2645 341 2689 non
367 2621 485 2688 iisdem
511 2619 660 2686 omnium
688 2621 806 2686 animis
835 2621 1018 2705 excipitur?
1063 2623 1249 2689 Numerum
1300 2630 1395 2688 natos
1417 2621 1574 2701 dicamus,
1597 2644 1661 2706 quo
1682 2631 1754 2688 rata
1774 2629 1862 2688 esset
1872 2622 1937 2687 Dei
1959 2622 2081 2701 electio,
2105 2628 2139 2687 et
2155 2621 2277 2687 effectur

275 2707 389 2774 definit
414 2708 540 2773 Lucas:
586 2705 674 2787 Quia
704 2726 772 2771 non
799 2728 914 2772 omnes
941 2706 983 2773 ad
1016 2709 1119 2774 vitam
1153 2717 1250 2774 erant
1300 2710 1371 2792 ipso
1393 2709 1571 2791 patefieret.
1615 2709 1662 2773 Et
1682 2729 1762 2774 sanc
1783 2729 1886 2791 quum
1907 2707 2090 2787 audiamus,
2108 2707 2276 2772 neminem

273 2793 426 2859 ordinati.
471 2791 574 2858 Graius
596 2812 693 2874 porro
714 2791 797 2859 hacc
818 2791 987 2875 dispositio
1009 2799 1074 2872 est,
1100 2795 1165 2858 nisi
1186 2795 1250 2860 Dei
1301 2793 1526 2860 adOhristum
1547 2794 1662 2859 venire
1683 2793 1749 2858 nisi
1770 2813 1790 2858 a
1810 2800 1905 2876 patre
1925 2793 2093 2859 trahatur:
2116 2792 2180 2857 hoc
2194 2810 2276 2876 quo·

273 2877 395 2945 unius?
440 2876 526 2942 Nam
548 2877 605 2959 qui
627 2879 759 2961 proprio
787 2877 895 2944 cordis
923 2885 1016 2943 motu
1037 2878 1138 2945 fuisse
1160 2879 1249 2944 ordi·
1301 2901 1366 2963 que
1386 2878 1568 2962 Augustini
1581 2883 1604 2954 ¹)
1636 2877 1819 2944 tenendum
1844 2885 1909 2944 est:
1951 2877 2036 2961 Quis
2058 2878 2219 2956 trahitur,
2247 2877 2276 2943 si

273 2972 369 3030 natos
391 2964 570 3046 ineptiunt,
600 2984 667 3026 non
689 2964 795 3047 magis
822 2964 1019 3028 refutatione
1047 2972 1127 3030 sunt
1147 2964 1248 3049 digni,
1300 2966 1369 3032 iam
1392 2962 1541 3030 volebat?
1584 2962 1691 3029 Nemo
1712 2972 1824 3030 tamen
1846 2963 1947 3044 venit,
1971 2964 2034 3030 nisi
2056 2963 2147 3031 velit.
2191 2964 2274 3028 'l'ra-

274 3071 375 3133 quam
397 3050 425 3113 si
446 3044 605 3112 mundum
626 3068 646 3112 a
667 3068 703 3114 se
730 3049 968 3129 ipsocrcatum
986 3047 1141 3116 dicerent
1186 3052 1250 3116 Est
1301 3051 1393 3116 bitur
1414 3069 1492 3133 ergo
1515 3048 1612 3114 miris
1641 3048 1746 3115 modis
1772 3059 1810 3114 ut
1832 3049 1926 3128 velit,
1954 3048 2074 3115 abillo
2102 3049 2159 3132 qui
2180 3047 2275 3116 novit

274 3136 363 3201 enim
385 3132 554 3199 recondite
576 3132 742 3217 evangelii
763 3133 939 3216 supientia,
963 3133 1005 3198 ad
1026 3155 1124 3218 quam
1147 3155 1248 3219 pene·
1300 3137 1390 3201 intus
1416 3135 1452 3199 in
1478 3133 1560 3218 ipsis
1586 3134 1759 3199 hominum
1792 3133 1944 3201 cordibus
1972 3135 2116 3219 operari,
2149 3153 2218 3198 non
2239 3137 2275 3199 ut

274 3227 363 3286 trare
397 3217 535 3284 humani
572 3219 696 3283 ingenii
729 3239 867 3285 acumen
906 3219 1029 3302 nequit.
1084 3219 1249 3286 Animalia
1300 3220 1449 3285 nolentes
1481 3218 1632 3296 credant,
1667 3219 1753 3302 quod
1785 3219 1859 3285 fieri
1889 3240 1958 3285 non
1988 3226 2108 3302 petest:
2148 3217 2207 3284 scd
2237 3224 2277 3283 ut

273 3305 387 3384 homo,
415 3304 523 3386 inquit
542 3272 682 3381 Paulus,
710 3324 777 3367 non
798 3303 888 3387 capit
913 3324 953 3368 ca
996 3324 1057 3369 uae
1079 3306 1142 3371 Dei
1171 3313 1250 3371 sunt
1299 3305 1448 3371 volentes
1470 3325 1512 3369 cx
1533 3304 1721 3370 nolentibus
1742 3306 1832 3369 fiant

274 3395 306 3468 (1
331 3390 406 3456 θοι.
431 3392 466 3466 2,
499 3393 562 3465 14).
614 3389 669 3453 An
697 3388 773 3471 quia
805 3409 873 3454 non
904 3325 998 3455 vultl
1048 3388 1090 3454 ld
1117 3389 1247 3474 quidem
1384 3389 1558 3456 Reclamat
1578 3389 1734 3473 Pighius,
1761 3390 1855 3455 illam
1875 3389 1974 3455 Pauli
1996 3388 2194 3456 sententiam
2216 3387 2275 3453 ad·

272 3497 390 3542 verum
409 3480 468 3552 est,
491 3473 628 3539 rebelles
648 3494 720 3539 csse
736 3474 809 3539 Deo
832 3473 1020 3557 quicunque
1042 3475 1112 3541 eius
1130 3476 1249 3559 spiritu
1300 3476 1423 3543 ducens
1450 3482 1482 3554 (l
1507 3475 1591 3540 [lim.
1615 3480 1650 3552 2,
1680 3475 1732 3558 4):
1773 3475 1882 3540 Deum
1909 3496 2022 3542 omnes
2049 3474 2137 3542 velle
2164 3473 2275 3540 salvos

273 3560 491 3633 mansuefacti
507 3581 574 3624 non
592 3568 678 3625 sunt.
701 3558 769 3625 Sed
788 3559 886 3625 altius
903 3559 1094 3626 conscendit
1104 3561 1245 3628 Paulus:
1299 3563 1384 3628 fieri:
1425 3568 1460 3626 et
1489 3558 1577 3645 quod
1607 3566 1747 3625 mortem
1774 3560 1953 3644 peccatoris
1985 3560 2083 3638 nolit,
2121 3559 2186 3643 ipsi
2219 3558 2272 3625 vel

271 3645 357 3729 quod
380 3645 504 3711 scilicet
523 3644 573 3709 illi
595 3646 662 3710 sint
678 3644 828 3725 stultitia,
851 3666 912 3711 nec
928 3645 1032 3728 possit
1044 3646 1247 3730 intelligere:
1298 3648 1405 3712 iurato
1426 3644 1640 3724 credendum,
1668 3644 1725 3710 ubi
1745 3666 1805 3728 per
1825 3646 2021 3729 prophetam
2042 3645 2091 3711 sic
2110 3644 2271 3727 loquitur:

271 3731 437 3796 neminem
456 3730 557 3796 fuisse
578 3730 645 3794 Dei
666 3730 899 3809 consiliarium,
922 3752 982 3795 nec
1004 3731 1156 3815 cognosci
1177 3733 1247 3797 eius
1298 3731 1386 3797 Vivo
1414 3750 1491 3815 ego,
1524 3730 1600 3795 nolo
1626 3738 1766 3796 mortem
1872 3731 1987 3810 atoris,
2020 3729 2078 3797 sed
2105 3751 2140 3794 m
2184 3731 2191 3744 ‘
2233 3735 2273 3794 ut

272 3835 393 3882 arcana
419 3814 484 3881 nisi
516 3837 537 3879 a
564 3815 633 3881 selo
665 3817 737 3881 eius
763 3816 893 3898 spiritu.
942 3814 1041 3881 Unde
1068 3817 1246 3895 constituit,
1297 3823 1507 3884 convertatur
1529 3822 1564 3881 et
1584 3816 1677 3882 vivat
1698 3815 1797 3895 (llaec
1847 3822 1895 3896 18,
1909 3820 1950 3880 23
1963 3820 2059 3895 et33,
2072 3750 2273 3896 titbaldum

271 3901 357 3968 solos
378 3921 451 3967 esse
472 3921 550 3966 vere
559 3899 625 3965 Dei
647 3900 834 3983 discipulos,
857 3901 913 3983 qni
930 3920 998 3964 non
1015 3901 1131 3966 mundi
1148 3901 1247 3968 huius
1297 3902 1489 3986 prophetica
1515 3902 1627 3968 concio
1653 3900 1696 3967 ad
1723 3903 1960 3984 poenitentiam
1988 3902 2155 3982 hortetur,
2187 3898 2274 3966 nihil

271 3987 399 4070 spiritu,
422 3984 480 4051 sed
502 3983 635 4052 coelesti
656 3985 770 4050 donati
791 3993 881 4050 sunt:
906 3990 944 4048 ut
963 3986 1069 4050 sciant
1085 4008 1168 4069 quae
1185 3986 1247 4052 sibi
1297 3989 1419 4052 mirum
1440 3988 1467 4053 si
1481 3987 1591 4053 Deum
1611 3988 1808 4070 pronunciet
1827 3987 1912 4053 velle
1929 4008 2043 4053 omnes
2062 3986 2172 4052 salvos
2189 3987 2271 4052 fieri.

271 4070 385 4137 aDec
408 4070 530 4135 donata
551 4077 638 4135 sunt
671 4070 763 4152 Quid
785 4069 847 4135 sibi
868 4071 933 4136 ista
954 4070 1028 4137 vult
1049 4072 1246 4155 comparatio
1298 4071 1366 4140 Sed
1401 4071 1520 4149 talcs²t
1558 4072 1712 4156 loquendi
1753 4072 1876 4138 formas
1914 4072 2149 4139 conditionales
2189 4091 2271 4150 esse,

270 4158 359 4221 inter
380 4155 496 4220 mundi
517 4154 617 4220 huius
645 4164 678 4220 et
698 4157 765 4221 Dei
785 4156 950 4238 spiritum:
979 4154 1043 4221 nisi
1073 4156 1159 4239 quod
1187 4179 1245 4223 suo
1297 4156 1440 4231 ostendit
1460 4165 1576 4222 mutua
1596 4157 1686 4222 inter
1706 4158 1815 4223 minas
1836 4164 1870 4223 et
1890 4158 2123 4241 promissiones
2144 4156 2270 4222 relatio.

270 4240 367 4305 modo
386 4239 521 4322 sapiunt
542 4240 707 4320 homiues,
724 4248 763 4306 ut
784 4241 821 4306 in
842 4247 931 4307 terra
952 4239 1138 4320 subsident,
1160 4242 1245 4308 filios
1297 4242 1455 4309 Ninivitis
1485 4248 1559 4323 [pag.
1593 4248 1648 4323 91]
1682 4241 1789 4322 Deus,
1830 4241 2104 4327 quemadmodum
2137 4241 2272 4326 regibus

271 4346 348 4391 suos
367 4332 463 4409 pater
484 4325 633 4392 coelestis
660 4326 817 4409 peculiari
838 4324 936 4393 modo
957 4326 1148 4392 illuminat?
1169 4328 1244 4408 Hic,
1298 4329 1407 4396 Gerar
1439 4333 1473 4392 et
1504 4328 1666 4414 Aegypti,
1701 4329 1865 4394 facturum
1898 4350 1934 4394 se
1961 4328 2151 4407 denunciat,
2184 4324 2271 4413 quod

272 4410 302 4476 si
323 4414 397 4488 [pag.
420 4414 474 4489 89]
496 4412 568 4477 Dec
589 4411 706 4494 placet,
729 4412 951 4478 voluntariam
971 4413 1129 4497 cuiusque
1150 4435 1244 4497 prae·
1297 4416 1444 4479 facturus
1477 4434 1544 4479 non
1573 4417 1672 4491 est⁸)
1721 4412 1833 4495 Quum
1865 4413 2090 4497 resipiscentia
2121 4432 2270 4496 poenam,

270 4496 475 4579 parationem
496 4495 591 4563 nobis
612 4497 753 4583 Pighius
775 4498 936 4564 obtrudit:
970 4499 1066 4580 quasi
1093 4520 1160 4565 non
1181 4498 1245 4565 Oo-
1297 4519 1396 4583 quam
1422 4499 1568 4564 minatus
1594 4499 1661 4564 illis
1688 4499 1810 4578 fuerat,
1839 4506 2069 4578 antevortunt,
2097 4507 2178 4566 tunc
2203 4518 2271 4564 non

269 4580 411 4646 rinthios
433 4581 618 4666 alloquatur
629 4583 763 4662 Paulus,
783 4605 863 4667 quos
882 4583 980 4667 paulo
1001 4591 1076 4668 post
1093 4590 1127 4649 et
1146 4586 1244 4662 fures,
1297 4585 1363 4651 nisi
1384 4584 1557 4651 obstinatis
1574 4584 1783 4650 constitutam
1800 4584 1901 4650 fumes
1918 4591 2064 4669 apparet
2091 4583 2137 4649 Et
2156 4591 2270 4650 amen

271 4673 305 4731 et
327 4667 485 4747 ebriosos,
513 4675 547 4734 et
568 4668 761 4747 maledicos,
790 4676 824 4734 et
846 4690 978 4747 avaros,
1002 4677 1035 4734 et
1056 4669 1188 4748 molles,
1212 4676 1246 4735 et
1296 4672 1444 4754 praecisa
1475 4670 1582 4739 fuerat
1610 4670 1832 4736 denunciatio:
1866 4691 1904 4736 ac
1938 4671 1966 4736 si
1993 4668 2175 4736 revocabile
2203 4688 2271 4737 ιιοιι

269 4751 468 4836 prodigiosis
507 4755 641 4838 flagitiis
684 4755 823 4821 infectos
861 4754 962 4820 firisse
1001 4761 1244 4834 commemorat,
1297 4763 1385 4822 esset
1417 4755 1594 4822 decretum.
1650 4755 1718 4822 Sed
1749 4763 1922 4839 postquam
1957 4757 2027 4835 irae
2060 4775 2140 4821 suae
2171 4775 2272 4822 sensu

270 4838 374 4904 donec
395 4839 530 4921 spiritus
551 4839 808 4907 sanctificatione
827 4840 960 4925 purgati
981 4840 1089 4905 forent
1109 4839 1143 4924 (l
1168 4839 1243 4906 Cor.
1295 4843 1417 4908 terruit
1438 4863 1476 4908 ac
1497 4840 1700 4921 humiliavit,
1728 4842 1786 4924 qni
1807 4862 1875 4907 non
1895 4862 2031 4925 prorsus
2053 4846 2134 4907 sunt
2155 4838 2278 4924 despe-

272 4927 309 5003 6,
342 4927 387 5001 9).
443 4923 561 5005 Qualis
598 4925 640 4990 ad
675 4924 927 5008 promerendam
967 4924 1245 4992 illuminationem

273 5027 388 5107 eorum
413 5011 521 5094 potuit
548 5029 620 5076 esse
641 5030 812 5091 occursus,
843 5032 923 5094 quos
944 5009 1040 5076 Deus
1068 5012 1109 5075 ab
1130 5011 1245 5077 inferis
1364 5061 1394 5130 1)
1411 5061 1463 5116 Μ)
1489 5061 1558 5117 lad
1572 5054 1657 5116 Boni,
1680 5079 1713 5117 ca
1758 5062 1791 5117 19

272 5113 354 5175 lpslfl
381 5094 547 5160 extruit?
591 5096 638 5161 Et
668 5095 747 5180 quid
778 5095 877 5181 longo
903 5096 1080 5163 Verborum
1106 5097 1244 5163 cheuitu
1364 5130 1392 5195 p)
1411 5103 1487 5184 Boia
1503 5135 1530 5184 σε
1546 5131 1634 5184 ΑΜ.
1651 5080 1762 5185 bugge..
1779 5102 1808 5186 g}
1825 5131 1904 5187 mes.

271 5196 355 5259 epus
376 5178 448 5244 est?
476 5179 622 5264 Spiritus
643 5181 701 5265 qui
722 5181 817 5248 nobis
838 5183 933 5266 regui
953 5179 1103 5248 coelestis
1125 5202 1245 5251 aroana
1365 5198 1396 5265 2)
1416 5215 1447 5254 ce
1465 5197 1530 5269 qn’il
1547 5215 1564 5254 a
1581 5196 1729 5256 determine
1747 5199 1780 5255 de
1798 5199 1875 5256 fane.
