4786 5910
229 315 293 378 463
975 305 1244 375 ΒΕΕΠΤΑΤΙΟ
1266 304 1502 375 ERRORUM
2178 314 2246 377 464

227 506 300 565 stus
321 496 513 581 capitaliter,
535 494 651 579 inquit,
674 495 786 578 puniri
806 516 875 561 non
895 494 977 573 vult,
1005 495 1071 561 nisi
1092 496 1149 579 qui
1170 517 1206 561 se
1258 494 1351 559 ferat
1377 494 1506 559 Verum
1528 515 1596 560 non
1617 494 1728 561 minus
1749 514 1863 561 securo
1885 495 2040 581 loquutus
2061 504 2120 578 est,
2141 520 2245 583 quam

227 584 417 667 desperatos
438 580 624 649 ostendunt
669 580 766 648 Unde
787 579 966 663 probatur?
1003 580 1091 663 Quia
1112 581 1206 646 adul-
1259 581 1286 644 si
1309 581 1488 664 pepigisset
1510 601 1585 646 oum
1602 579 1736 660 mundo,
1758 580 1857 648 fidem
1875 581 1944 649 suis
1961 583 2098 650 somniis
2115 584 2244 652 baben·

226 677 318 735 terae
340 666 438 732 dixit:
460 665 564 745 Vade,
587 674 621 730 et
641 665 779 749 posthac
800 687 842 731 ne
861 687 982 748 pecces.
1005 668 1107 749 Atqui
1126 666 1206 732 dum
1258 663 1335 730 dam
1358 685 1440 731 esso.

225 753 405 821 vindictam
430 752 470 818 de
487 750 648 817 adulterio
665 773 732 818 non
750 752 859 829 sumit,
882 770 926 816 an
944 752 1094 834 sequitur
1112 751 1205 817 adul·
1343 750 1461 816 Prodit
1494 750 1579 814 alter
1616 751 1778 819 fanaticus
1817 773 1859 818 ex
1898 773 1958 818 suo
1991 763 2103 835 antro,
2118 753 2143 838 ¹)
2179 754 2242 838 qui

225 839 318 905 teriis
340 838 572 922 impunitatem
598 837 640 902 ab
662 858 699 902 eo
722 836 816 903 dari?
875 837 974 904 Certe
1003 837 1106 902 nihilo
1134 858 1205 902 ma·
1259 833 1437 900 Servatum
1469 845 1566 902 vocat
1586 838 1746 920 optimum
1779 859 1877 904 suum
1909 838 2060 905 fratrem:
2100 848 2134 905 et
2165 840 2241 907 ideo

227 926 279 1009 gis
301 944 443 1008 poenam
463 923 537 1009 lege
565 922 724 989 sancitam
747 920 868 1001 abolet,
900 943 998 1005 quam
1020 922 1206 988 haeredita·
1257 919 1444 1003 puniendos
1470 941 1542 986 esse
1570 931 1671 1006 negat
1697 922 1896 1003 haereticos,
1930 925 2008 1007 quia
2035 926 2138 992 sacris
2165 946 2240 992 ora·

226 1020 277 1077 tes
299 1018 399 1095 negat
420 1030 492 1074 esse
514 1007 717 1086 dividendas,
746 1029 847 1091 quum
873 1005 972 1073 iudex
1000 1008 1055 1072 vel
1082 1008 1207 1073 arbiter
1258 1004 1340 1070 culis
1363 1027 1498 1070 sensum
1519 1007 1656 1091 quisque
1678 1030 1737 1074 suo
1759 1008 1893 1074 arbitrio
1916 1011 2066 1094 affingat:
2090 1020 2128 1076 ut
2149 1018 2241 1078 certa

226 1118 298 1162 esse
320 1095 437 1160 renuit.
451 1097 474 1176 ¹)
519 1093 637 1159 Altera
658 1094 758 1159 ratio:
796 1092 933 1177 spiritus
959 1114 1094 1159 carnem
1115 1093 1206 1160 cohi·
1259 1091 1382 1155 veritas
1409 1091 1504 1174 quasi
1532 1092 1674 1158 nubibus
1707 1093 1861 1160 obvoluta
1892 1095 2002 1161 lateat
2052 1096 2108 1161 Ita
2133 1098 2240 1164 bonus

226 1182 305 1248 bers
328 1181 429 1260 docet,
464 1196 530 1245 non
553 1178 707 1245 occidere.
751 1178 853 1245 Dicas
886 1200 951 1244 non
985 1179 1104 1262 legisse
1137 1186 1206 1243 tres
1258 1175 1422 1258 interpres
1440 1176 1541 1242 fidem
1558 1199 1600 1242 ex
1620 1177 1792 1244 hominum
1810 1180 1961 1246 cordibus
1979 1179 2088 1247 delere
2099 1183 2239 1263 mavult,

225 1269 406 1351 scripturae
429 1265 580 1350 paginas:
614 1265 669 1329 ubi
697 1284 766 1329 non
791 1263 953 1343 cohibitio,
987 1263 1045 1329 sed
1066 1264 1207 1330 mortifi-
1258 1281 1359 1343 qnam
1379 1261 1494 1345 poenis
1516 1263 1675 1329 subiicere
1697 1265 1754 1348 qui
1776 1284 1850 1329 eam
1871 1265 2076 1332 labefactant.
2122 1267 2241 1350 Qualis

225 1354 310 1418 catio
339 1352 448 1418 carnis
481 1350 579 1415 toties
610 1350 819 1433 praecipitur.
864 1347 1093 1434 anterum,²)
1127 1348 1206 1433 quid
1259 1345 1347 1410 enim
1370 1347 1513 1412 exstabit
1535 1348 1660 1432 religio,
1684 1351 1801 1432 quibus
1823 1351 1911 1417 notis
1932 1349 2137 1418 discernetur
2159 1375 2241 1420 vera

225 1438 289 1504 hoo
310 1437 353 1502 ad
374 1437 520 1502 forenses
541 1455 671 1517 poenas,
695 1456 836 1518 quarum
857 1434 997 1516 privatis
1018 1435 1207 1500 hominibus
1258 1432 1409 1510 ecclesia,
1432 1431 1510 1514 quid
1532 1431 1673 1517 denique
1692 1436 1755 1500 erit
1777 1434 1932 1502 Ohristus
1953 1438 1964 1501 i
1988 1459 2037 1517 se,
2060 1438 2089 1504 si
2110 1439 2239 1505 ineerta

226 1523 419 1605 exaequatio
441 1542 508 1586 non
530 1518 730 1586 mandatur?
784 1520 839 1585 De
865 1542 964 1587 carne
985 1542 1064 1586 vero
1092 1520 1206 1585 morti·
1260 1517 1303 1582 sit
1332 1536 1370 1584 ac
1398 1538 1558 1601 suspensa
1585 1521 1716 1602 pietatis
1744 1519 1913 1586 doctrina?
1959 1459 2131 1603 (guantum
2159 1546 2240 1591 vero

226 1607 364 1687 lisanda,
398 1606 561 1691 generalis
590 1613 642 1670 est
666 1606 860 1690 praeceptio,
896 1614 930 1670 et
956 1627 1039 1688 quae
1068 1605 1110 1671 ad
1138 1606 1206 1671 sin·
1259 1600 1324 1666 Dei
1345 1603 1519 1685 probrum,
1553 1605 1582 1670 si
1614 1605 1662 1670 ita
1693 1605 1889 1690 flexiloquus
1921 1615 2074 1675 censetur
2105 1610 2141 1675 in
2168 1610 2242 1677 suis

251 1694 322 1760 ulos
344 1694 497 1777 pertinet.
542 1691 619 1756 Alia
640 1692 739 1756 ratio:
769 1690 929 1757 Ooelestis
950 1690 1050 1757 iudex
1072 1691 1206 1756 imitan-
1260 1687 1401 1753 oraculis
1424 1697 1461 1753 ut
1483 1690 1577 1779 nobie
1598 1689 1705 1757 iocose
1726 1690 1906 1776 illudat?²)
1935 1694 2040 1776 Atqui
2061 1696 2126 1759 nisi
2147 1703 2241 1762 certa

226 1715 289 1845 dus
310 1790 369 1857 est,
403 1778 458 1861 qui
491 1798 630 1861 poenam
663 1797 729 1842 non
762 1777 884 1860 infligit
916 1778 982 1842 nisi
1013 1776 1204 1859 desperatis.
1259 1772 1374 1856 religio
1402 1773 1532 1856 prodita
1553 1776 1598 1841 sit
1618 1776 1655 1840 in
1677 1777 1865 1860 seripturis,
1895 1778 2055 1862 sequitur,
2084 1802 2145 1846 nos
2166 1803 2240 1847 am·

226 1865 300 1930 Iam
323 1865 384 1930 boc
406 1861 537 1947 quidem
571 1863 669 1927 nimis
691 1860 842 1939 absurde,
876 1860 963 1944 quod
984 1861 1095 1926 Deum
1116 1883 1206 1928 nunc
1257 1856 1450 1942 bagibus,⁸)
1483 1860 1549 1926 imo
1582 1861 1718 1926 fallaciis
1751 1867 1826 1942 [pag.
1851 1869 1904 1943 12]
1939 1864 1979 1930 ab
2010 1866 2082 1949 ipso
2114 1867 2241 1934 frustra

225 1952 325 2035 fingit
344 1950 395 2015 sui
418 1948 618 2024 dissimilem,
642 1948 699 2029 qui
720 1955 876 2030 paternae
896 1947 1119 2031 castigationis
1135 1947 1206 2012 loco
1259 1945 1418 2026 occupari.
1460 1944 1550 2027 Quid
1572 1954 1734 2029 superest,
1756 1948 1822 2014 nisi
1844 1955 1883 2014 ut
1903 1949 2064 2015 eiusmodi
2087 1952 2239 2019 homines

228 2035 386 2120 quosdam
413 2055 455 2099 ex
483 2035 552 2099 suis
577 2033 656 2098 olim
685 2043 816 2098 terrena
844 2034 912 2099 vita
938 2032 1092 2116 privarit
1137 2030 1206 2099 Sed
1258 2028 1346 2094 viam
1379 2029 1582 2112 petulantiae
1620 2054 1699 2098 suae
1733 2033 1866 2114 facturi,
1905 2035 2119 2117 scripturam,
2154 2058 2240 2121 quae

226 2120 382 2205 quoniam
403 2118 607 2185 Manichuois
616 2121 645 2201 ⁸)
668 2119 720 2204 (ut
741 2117 820 2182 alibi
841 2117 928 2183 clare
949 2117 1148 2202 videbimus)
1170 2137 1206 2183 so
1258 2112 1425 2180 obstaculo
1448 2122 1507 2196 est,
1535 2118 1669 2200 penitus
1690 2118 1927 2185 submoveant?
1967 2121 2102 2188 Interea
2119 2144 2239 2190 verum

226 2207 360 2272 affinem
383 2226 454 2271 osse
481 2226 550 2269 non
571 2202 766 2283 dissimulat,
801 2224 844 2268 ex
871 2204 976 2270 veteri
1008 2211 1206 2269 testamento
1259 2219 1330 2265 esse
1353 2198 1439 2282 quod
1461 2222 1566 2284 nuper
1588 2202 1673 2284 diri,
1705 2211 1857 2288 apparet,
1891 2213 1962 2270 tum
1984 2207 2182 2274 Lucianicos
2203 2215 2240 2275 et

174 2319 178 2323 ·
227 2291 380 2374 exempla
399 2310 468 2355 non
489 2289 659 2354 adducam.
704 2288 845 2354 Paulum
874 2287 1025 2355 obiiciam
1053 2289 1103 2440 gl.
1129 2287 1204 2355 (lor.
1258 2304 1384 2351 crassos
1401 2285 1467 2351 Dei
1488 2295 1742 2372 contemptores,
1765 2296 1836 2355 tum
1857 2291 1959 2356 etiam
1975 2312 2090 2359 omnes
2111 2293 2238 2360 tumul·

230 2382 279 2458 11,
303 2381 374 2457 30):
397 2376 454 2460 qui
475 2382 648 2459 postquam
671 2380 810 2440 testatus
832 2382 890 2452 est,
913 2374 1036 2441 multos
1082 2373 1206 2439 orinthi
1258 2377 1369 2436 tuosos
1391 2391 1487 2436 suam
1509 2393 1642 2439 causam
1664 2395 1777 2458 agere,
1810 2382 1848 2441 ut
1869 2377 1980 2442 omnia
2001 2377 2137 2461 impuno
2157 2400 2236 2462 per-

226 2464 404 2530 obsecras
425 2481 546 2528 coenae
569 2459 753 2543 neglectum
774 2467 921 2527 mortuos
943 2481 1023 2541 esse,
1051 2460 1205 2525 continuo
1258 2456 1407 2535 turbent,
1448 2455 1528 2523 dum
1561 2459 1754 2543 religionem
1789 2460 1945 2527 tuendam
1977 2482 1998 2527 a
2031 2464 2237 2550 principibus

226 2559 301 2633 post
322 2548 476 2614 solatium
498 2544 598 2624 addit,
631 2544 744 2611 fideles
777 2566 796 2610 a
825 2545 968 2611 Domino
1000 2546 1131 2629 corripi,
1164 2567 1206 2610 ne
1258 2542 1379 2624 suscipi
1402 2549 1435 2606 et
1455 2543 1566 2626 legum
1587 2546 1701 2627 poenis
1723 2544 1883 2612 vindicari
1906 2548 2033 2614 nolunt.
2044 2548 2072 2635 ⁴)

228 2639 305 2714 [pag.
330 2638 383 2713 11]
416 2652 492 2698 cum
513 2631 576 2697 hoo
597 2630 721 2696 mundo
743 2629 948 2696 damnentur.
994 2630 1032 2696 Si
1054 2632 1127 2714 quis
1149 2652 1207 2696 ex·
1345 2625 1413 2692 Sed
1439 2628 1506 2693 iam
1534 2628 1576 2693 ad
1596 2631 1698 2696 bonos
1731 2639 1764 2697 et
1790 2632 1954 2715 simplices
1987 2656 2040 2700 me
2063 2643 2235 2705 converto:

228 2721 329 2803 oipiat
351 2717 391 2783 ab
414 2718 531 2782 ultimo
558 2717 696 2781 interitu
722 2716 863 2795 liberari,
892 2738 974 2799 quos
997 2718 1158 2782 Dominus
1187 2738 1207 2780 a
1258 2713 1314 2795 qui
1353 2713 1484 2778 inscitia
1522 2714 1655 2797 quidam
1694 2716 1866 2796 labuntur,
1909 2720 2083 2803 praecipue
2120 2729 2237 2787 tamen

227 2803 353 2870 mundo
374 2803 474 2868 tollit:
498 2802 561 2868 hoc
582 2801 670 2867 idcm
692 2802 776 2881 volo,
798 2802 871 2867 iure
892 2802 1059 2867 interdum
1080 2801 1206 2886 privari
1257 2808 1273 2860 t
1296 2799 1439 2863 rannicis
1461 2800 1665 2883 papistarum
1688 2801 1803 2869 edictis
1823 2804 1940 2869 offensi
1962 2826 1980 2869 e
2005 2812 2094 2872 recto
2114 2806 2238 2874 iudicio

229 2888 390 2974 corporali
411 2888 490 2967 rita,
524 2889 580 2971 qui
606 2909 673 2953 non
694 2908 830 2971 prorsus
852 2888 981 2971 reprobi
1002 2893 1089 2954 sunt.
1133 2886 1206 2952 Iam
1281 2881 1473 2967 eclinant⁵)
1517 2885 1654 2966 Vident,
1688 2908 1792 2971 quum
1813 2888 1915 2973 impie
1941 2891 2001 2956 sub
2022 2900 2146 2975 papatu
2167 2893 2237 2960 loe-

230 2976 268 3043 in
289 2983 395 3041 morte
417 2973 569 3039 Ananiae
591 2994 688 3057 quam
708 2974 818 3058 inopte
841 2973 1020 3052 cavilletur,
1055 2973 1206 3056 persequi
1259 2966 1337 3034 data
1369 2970 1412 3033 sit
1442 2969 1573 3055 religio,
1605 2979 1639 3036 et
1666 2974 1860 3058 corruptelis
1892 2976 2077 3043 innumeris
2103 2978 2237 3059 referta,

227 3061 310 3128 nihil
332 3081 413 3145 opus
435 3067 493 3126 est
539 3059 683 3124 Tantum
706 3059 771 3124 duo
791 3059 856 3124 ista
876 3059 966 3124 inter
983 3079 1018 3124 se
1036 3058 1208 3123 conferant
1258 3053 1360 3120 meris
1381 3056 1562 3122 terroribus
1581 3055 1773 3125 diabolicam
1800 3059 1892 3125 illam
1918 3061 2143 3128 confusionom
2169 3063 2238 3128 ful·

228 3147 303 3214 sani
324 3153 357 3213 et
378 3145 479 3212 sobrii
501 3144 653 3211 lectores:
687 3145 723 3209 in
745 3143 818 3209 aliis
840 3144 1042 3224 criminibus,
1076 3143 1132 3209 ubi
1153 3143 1206 3209 in·
1259 3139 1328 3219 oiri,
1346 3147 1384 3203 ut
1405 3148 1518 3205 contra
1540 3142 1592 3208 vel
1612 3143 1887 3228 syllabamunam
1904 3148 2079 3214 mussitare
2096 3148 2238 3233 capitale

227 3232 422 3318 corrigibilis
454 3231 582 3296 malitia
614 3228 760 3295 nondum
787 3242 933 3313 apparet,
966 3236 1024 3295 aut
1054 3229 1207 3295 atrocitas
1260 3224 1350 3310 sit⁶)
1394 3225 1489 3291 Iusta
1516 3247 1596 3292 sane
1618 3229 1767 3295 offensio:
1801 3232 1974 3297 vonmtem
2001 3230 2068 3298 Dei
2100 3254 2237 3301 cernere

226 3314 890 3486 maluttfflndttttltt
907 3314 992 3485 llll
1013 3314 1206 3485 libili
1259 3311 1346 3462 tlt
1369 3311 2238 3488 tltdbtatttttatretrudatis

227 3491 368 3556 tentiam
388 3487 565 3566 adducant,
594 3507 691 3571 quam
718 3494 857 3553 mortem
880 3486 1115 3560 inserendam:⁴
1133 3509 1207 3552 rur·
1282 3488 1434 3547 raetextu
1455 3483 1618 3550 violenter
1647 3493 1774 3569 septos,
1802 3494 1840 3553 ut
1861 3487 2059 3572 coarguendi
2080 3490 2173 3555 nulla
2192 3492 2238 3558 sit

227 3597 285 3642 sus
312 3576 369 3658 qui
396 3582 492 3640 extra
519 3573 597 3639 fidei
630 3574 799 3657 negotium
831 3572 982 3656 scelerati
1014 3578 1103 3650 sunt,
1136 3572 1207 3637 iuro
1258 3503 1403 3632 libertas.
1435 3570 1542 3652 Atque
1564 3568 1646 3637 haec
1663 3571 1867 3654 querimonia
1887 3574 1952 3656 piis
1973 3575 2125 3641 omnibus
2145 3597 2238 3642 com·

176 3736 178 3740 Α
228 3663 379 3747 gentium
400 3659 525 3743 puniri:
548 3659 601 3726 cui
621 3658 751 3725 nullum
771 3658 976 3726 obstaculum
997 3659 1092 3743 ponit
1108 3656 1207 3724 Ohri-
1258 3653 1370 3718 munis
1391 3660 1451 3719 est
1495 3654 1612 3738 Itaque
1633 3678 1701 3722 non
1722 3657 1818 3724 taciti
1838 3659 1946 3724 solum
1966 3661 2142 3745 gemimus:
2176 3661 2238 3730 sed

227 3747 272 3813 sti
293 3744 451 3812 doctrina
495 3744 576 3810 Miri
597 3766 675 3811 vero
697 3745 838 3811 artifices
860 3750 959 3810 erunt
981 3743 1112 3811 Servati
1141 3743 1207 3810 dis·
1259 3737 1349 3837 olera
1381 3760 1460 3806 voco
1493 3740 1666 3823 deflemus,
1701 3763 1739 3808 eo
1767 3744 1936 3810 servitutis
1964 3744 2135 3812 redactum
2163 3768 2237 3815 esse

227 3831 338 3915 cipuli,
361 3831 391 3897 si
411 3851 465 3896 res
486 3831 574 3896 inter
595 3852 631 3896 so
653 3830 734 3896 adeo
755 3831 937 3896 contrarias
964 3830 1083 3896 abolito
1110 3836 1207 3895 natu·
1259 3844 1418 3890 miserum
1440 3825 1567 3907 orbem,
1602 3833 1641 3893 ut
1661 3850 1722 3895 neo
1742 3828 1810 3894 ulla
1832 3827 2022 3914 disceptatio
2043 3830 2153 3898 locum
2174 3832 2237 3899 ha·

228 3938 286 3983 rae
308 3915 422 3982 ordine
443 3916 626 3982 concilient
679 3914 735 3980 Ad
767 3915 858 3995 haec,
894 3915 981 3982 unde
1011 3917 1099 3981 inter
1131 3915 1208 3982 fidei
1259 3910 1344 3990 beat,
1367 3931 1428 3977 nec
1448 3914 1504 3994 qui
1525 3913 1717 3996 praesulum
1738 3915 1870 3980 nomine
1888 3915 2101 3983 dominantur
2121 3939 2238 3993 vocem

228 4002 449 4081 violationem,
469 4009 502 4066 et
519 4001 586 4066 alia
603 4000 764 4067 maleficia
782 4000 957 4067 discrimen
974 4001 1100 4067 nisiex
1118 4020 1207 4067 core·
1260 3995 1404 4078 aliquam
1420 3997 1489 4061 suis
1511 3997 1639 4080 placitis
1660 3998 1827 4066 dissomm
1848 4000 2038 4083 admittant,
2061 4023 2121 4069 neo
2144 4003 2239 4069 deni-

227 4088 288 4158 bro
310 4108 371 4154 suo
392 4086 554 4170 sumpsit?
562 4085 592 4171 ⁴)
615 4085 654 4152 si
676 4087 748 4153 vult
759 4085 886 4153 Ohristi
908 4085 1053 4153 adventu
1074 4087 1207 4170 mitiga-
1260 4101 1322 4164 que
1352 4079 1503 4147 dubitare
1533 4083 1587 4149 vel
1613 4086 1779 4168 inquirere
1807 4088 2011 4171 permittant.
2060 4088 2239 4156 Barbaries

228 4179 303 4242 tum
323 4194 395 4241 esso
416 4179 530 4240 contra
547 4171 699 4239 haereses
716 4172 868 4257 rigorem,
891 4172 1115 4239 testimonium
1133 4193 1207 4256 pro·
1259 4174 1311 4233 est
1331 4187 1398 4232 non
1418 4167 1570 4249 ferenda,
1604 4169 1659 4236 ubi
1693 4171 1786 4238 nulla
1807 4172 1897 4257 viget
1919 4173 2076 4258 cognitio,
2108 4195 2240 4259 posses-

298 4460 329 4528 1)
347 4461 420 4516 Aac.
443 4461 482 4517 Et
498 4462 608 4533 Serret,
627 4479 729 4519 comme
748 4479 784 4519 on
801 4478 819 4517 a
835 4478 900 4534 reu,
922 4479 952 4518 se
971 4478 1060 4532 coppe
1077 4461 1106 4517 la
1123 4476 1208 4531 gorgo
1329 4455 1360 4523 1)
1378 4455 1452 4511 Aua.
1471 4458 1517 4526 qui
1534 4458 1679 4515 conuertit
1695 4461 1721 4516 le
1738 4460 1911 4531 philosophe.

227 4531 296 4588 trois
313 4530 497 4612 lignesapres
515 4547 551 4588 en
568 4548 600 4588 ea
616 4533 770 4588 confession
787 4547 915 4613 propre
1329 4524 1361 4589 2)
1379 4524 1454 4580 AM·
1471 4527 1533 4607 1011!
1549 4534 1643 4582 tecam
1659 4530 1685 4584 le
1704 4530 1755 4611 beo
1773 4546 1807 4585 en
1823 4528 1902 4585 l’eeu.
1941 4599 1947 4612 Ι

299 4597 330 4663 2)
349 4597 387 4652 Or
404 4615 429 4654 re
448 4599 573 4656 confesse
591 4615 644 4682 que
662 4601 723 4655 cela
740 4615 774 4655 ne
793 4599 851 4654 dort
868 4607 946 4669 pout
955 4606 1028 4655 estre
1041 4597 1159 4679 cotanda
1173 4595 1207 4652 de
1330 4592 1361 4659 3)
1381 4610 1483 4650 comme
1503 4593 1544 4650 s’il
1562 4612 1632 4651 nous
1649 4598 1801 4680 parlort'de
1820 4614 2037 4670 cocquecrgrues.

228 4668 258 4722 la
283 4673 355 4723 mort
381 4668 547 4750 corporalis:
582 4686 659 4751 mars·
675 4668 741 4750 c'est
767 4685 837 4737 pour
863 4675 998 4750 monstror
1024 4669 1149 4748 l’asnerre
1173 4664 1207 4721 de
1330 4660 1362 4727 4)
1379 4662 1454 4717 ΔΜ.
1481 4663 1647 4732 pretendens
1675 4665 1778 4748 d’avorr
1805 4669 1891 4737 conge
1915 4667 1950 4723 de
1977 4670 2099 4726 troubler
2121 4674 2185 4752 tout
2211 4671 2241 4728 le

228 4735 355 4817 l’bomme
379 4752 426 4805 qur
441 4744 497 4818 'tire
520 4738 587 4818 ela
610 4738 776 4793 rurrsdrcuon
799 4736 848 4792 des
866 4736 1025 4817 Magistratr
1042 4752 1079 4817 'ce
1102 4752 1148 4817 qur
1166 4742 1209 4790 est
1260 4729 1359 4785 monde
1377 4747 1441 4786 saus
1466 4747 1500 4787 en
1523 4738 1596 4788 estre
1619 4749 1720 4803 reprrs,
1745 4751 1780 4790 ne
1803 4733 1885 4805 qu’on
1902 4737 1962 4792 leur
1979 4737 2040 4793 lece
2058 4745 2142 4795 esum
2158 4738 2242 4810 qn'ils

228 4804 271 4860 du
284 4806 321 4860 de
340 4803 481 4886 l’exercrce
500 4805 623 4874 spiritual
646 4822 699 4875 que
717 4806 822 4861 chacun
839 4804 982 4861 Obresuen
1003 4805 1062 4860 dart
1079 4819 1156 4860 avorr
1173 4818 1208 4858 eu
1260 4799 1322 4854 font
1337 4798 1399 4853 mal.
1613 4871 1620 4882 .
1823 4873 1829 4885 ¹
1941 4874 1947 4885 ι

228 4888 261 4930 se
278 4889 413 4942 personne
427 4875 529 4942 purte.
1087 4940 1093 4952 ι
1331 4865 1362 4935 5)
1379 4865 1453 4949 Αάᾀ.
1477 4868 1514 4950 Et
1532 4868 1566 4924 de
1583 4867 1649 4926 iarct
1665 4870 1707 4927 les
1725 4887 1845 4928 cunemrs
1862 4872 1896 4926 de
1913 4872 1984 4928 Dran
2006 4881 2069 4928 sont
2091 4875 2243 4931 siexorbi·

298 4940 328 5006 3)
348 4940 422 4995 Ado.
440 4942 563 5023 lesquels·
577 4941 702 5022 disoyeut
718 4940 783 5009 qu’il
800 4959 818 5011 y
835 4957 851 4997 a
869 4955 904 4995 eu
921 4958 958 4995 un
974 4940 1130 4996 enbeDreu
1143 4954 1210 4995 sous
1262 4941 1324 4990 tans
1347 4938 1364 4991 a
1385 4942 1528 5018 matutam
1552 4938 1625 4994 leurs
1652 4939 1790 5022 faussetca
1814 4940 1990 5010 diaboliques,
2017 4959 2069 5012 que
2095 4943 2156 4998 cele
2193 4950 2245 5003 eut

186 5033 188 5037 ,
228 5009 258 5063 13
275 5008 317 5063 Lo
371 5026 405 5065 ω
424 5009 502 5079 celuy
519 5026 565 5079 qm
582 5017 626 5091 ⁰⁸l
643 5010 821 5090 2m9urdhuy‚
1113 5075 1120 5102 ,
1193 5075 1199 5087 ·
1263 5003 1388 5085 troubler
1405 5004 1431 5059 le
1448 5013 1584 5074 rugement
1601 5007 1635 5061 dc
1654 5023 1722 5063 ceux
1740 5027 1786 5078 qm
1803 5024 1837 5063 ne
1849 5010 1994 5092 regardent
2005 5011 2084 5081 point
2100 5011 2162 5080 plus
2172 4960 2243 5094 loiri.

301 5076 320 5129 4
375 5076 421 5132 dd
443 5078 497 5159 Car
513 5079 579 5159 telle
597 5078 725 5158 drverute
740 5094 774 5132 ne
792 5094 823 5134 ss
841 5085 972 5159 trouvera
985 5093 1037 5158 pes
1055 5093 1088 5132 en
1102 5075 1212 5157 luliscrr-
1331 5071 1362 5139 6)
1380 5072 1413 5127 ils
1440 5088 1475 5154 en
1502 5082 1564 5130 sont
1589 5076 1729 5132 tellement
1754 5077 1923 5160 scandalisez
1949 5093 2001 5148 que
2026 5080 2087 5162 cela
2111 5081 2171 5135 leur
2188 5081 2244 5138 fait

228 5149 309 5269 ll'm’
333 5144 417 5268 ᾳιιόιᾶ
438 5146 517 5269 dorne
534 5147 603 5227 fene
620 5146 744 5271 nllfflellr
761 5147 873 5270 mqrchlq
893 5145 942 5201 dee
964 5161 1064 5201 rmurss
1081 5143 1178 5200 teretes
1195 5143 1213 5198 a
1263 5140 1331 5263 {Hy}
1349 5149 1378 5198 et
1394 5156 1529 5266 ἳνριιιθιιι
1555 5143 1671 5200 horrenr
1693 5151 1785 5202 tontes
1807 5155 1953 5216 pumuons,
1980 5163 2043 5204 ecus
2060 5148 2198 5205 decernor
2215 5151 2246 5208 si

257 5227 311 5283 reu,
328 5229 381 5283 que
418 5229 484 5271 ece
507 5230 537 5270 es
555 5230 635 5283 quia
660 5230 711 5272 ouc
732 5230 766 5270 eu
806 5229 837 5271 es
874 5231 983 5271 ommes.
1255 5259 1256 5262 ,
1302 5225 1316 5265 e
1349 5225 1471 5296 soussrus
1501 5227 1569 5268 son
1585 5227 1648 5268 non.
