<?xml version="1.0" encoding="UTF-8"?>
<!DOCTYPE html PUBLIC "-//W3C//DTD XHTML 1.0 Transitional//EN"
    "http://www.w3.org/TR/xhtml1/DTD/xhtml1-transitional.dtd">
<html xmlns="http://www.w3.org/1999/xhtml" xml:lang="en" lang="en">
 <head>
  <title>
</title>
<meta http-equiv="Content-Type" content="text/html;charset=utf-8" />
  <meta name='ocr-system' content='tesseract 3.04.00' />
  <meta name='ocr-capabilities' content='ocr_page ocr_carea ocr_par ocr_line ocrx_word'/>
</head>
<body>
  <div class='ocr_page' id='page_1' title='image "./ioanniscalvinio02reusgoog_0458.png"; bbox 0 0 4680 5918; ppageno 0'>
   <div class='ocr_carea' id='block_1_1' title="bbox 156 482 2187 572">
    <p class='ocr_par' dir='ltr' id='par_1_1' title="bbox 156 482 2187 572">
     <span class='ocr_line' id='line_1_1' title="bbox 156 482 2187 572; baseline 0 0"><span class='ocrx_word' id='word_1_1' title='bbox 156 512 219 572; x_wconf 76' lang='lat' dir='ltr'>aaa</span> <span class='ocrx_word' id='word_1_2' title='bbox 322 482 324 487; x_wconf 45' lang='lat'><strong>⁴</strong></span> <span class='ocrx_word' id='word_1_3' title='bbox 597 534 601 540; x_wconf 57' lang='lat'><em>2</em></span> <span class='ocrx_word' id='word_1_4' title='bbox 1072 486 1257 569; x_wconf 71' lang='lat' dir='ltr'>Psochs</span> <span class='ocrx_word' id='word_1_5' title='bbox 2106 510 2187 572; x_wconf 83' lang='lat' dir='ltr'>eao-</span> 
     </span>
    </p>
   </div>
   <div class='ocr_carea' id='block_1_2' title="bbox 156 680 2291 776">
    <p class='ocr_par' dir='ltr' id='par_1_2' title="bbox 156 680 2291 776">
     <span class='ocr_line' id='line_1_2' title="bbox 156 680 2291 776; baseline -0.001 -12"><span class='ocrx_word' id='word_1_6' title='bbox 156 700 251 764; x_wconf 89' lang='lat' dir='ltr'>dicis:</span> <span class='ocrx_word' id='word_1_7' title='bbox 280 696 443 763; x_wconf 89' lang='lat' dir='ltr'>Mundum</span> <span class='ocrx_word' id='word_1_8' title='bbox 466 693 507 758; x_wconf 87' lang='lat' dir='ltr'>ab</span> <span class='ocrx_word' id='word_1_9' title='bbox 529 699 664 758; x_wconf 89' lang='lat' dir='ltr'>aeterno</span> <span class='ocrx_word' id='word_1_10' title='bbox 684 692 784 756; x_wconf 85' lang='lat' dir='ltr'>fuisse</span> <span class='ocrx_word' id='word_1_11' title='bbox 806 690 888 770; x_wconf 89' lang='lat' dir='ltr'>dico,</span> <span class='ocrx_word' id='word_1_12' title='bbox 911 680 988 756; x_wconf 86' lang='lat' dir='ltr'>licet</span> <span class='ocrx_word' id='word_1_13' title='bbox 1009 696 1137 755; x_wconf 86' lang='lat' dir='ltr'>creatus</span> <span class='ocrx_word' id='word_1_14' title='bbox 1169 746 1174 756; x_wconf 92' lang='lat'>.</span> <span class='ocrx_word' id='word_1_15' title='bbox 1276 689 1421 756; x_wconf 82' lang='lat' dir='ltr'><strong>Proinde</strong></span> <span class='ocrx_word' id='word_1_16' title='bbox 1443 691 1524 756; x_wconf 89' lang='lat' dir='ltr'>satis</span> <span class='ocrx_word' id='word_1_17' title='bbox 1546 691 1650 771; x_wconf 78' lang='lat' dir='ltr'>video,</span> <span class='ocrx_word' id='word_1_18' title='bbox 1680 700 1840 776; x_wconf 88' lang='lat' dir='ltr'>quantum</span> <span class='ocrx_word' id='word_1_19' title='bbox 1863 700 1900 759; x_wconf 94' lang='lat' dir='ltr'>tu</span> <span class='ocrx_word' id='word_1_20' title='bbox 1923 715 1943 759; x_wconf 89' lang='lat' dir='ltr'>a</span> <span class='ocrx_word' id='word_1_21' title='bbox 1965 695 2060 760; x_wconf 90' lang='lat' dir='ltr'>nobis</span> <span class='ocrx_word' id='word_1_22' title='bbox 2079 716 2173 762; x_wconf 87' lang='lat' dir='ltr'>rece·</span> <span class='ocrx_word' id='word_1_23' title='bbox 2289 702 2291 707; x_wconf 68' lang='lat'>‘</span> 
     </span>
    </p>
   </div>
   <div class='ocr_carea' id='block_1_3' title="bbox 133 775 2191 3343">
    <p class='ocr_par' dir='ltr' id='par_1_3' title="bbox 133 775 2191 3343">
     <span class='ocr_line' id='line_1_3' title="bbox 156 775 2172 863; baseline -0.002 -13"><span class='ocrx_word' id='word_1_24' title='bbox 156 785 241 849; x_wconf 88' lang='lat' dir='ltr'>sita</span> <span class='ocrx_word' id='word_1_25' title='bbox 262 785 351 849; x_wconf 91' lang='lat' dir='ltr'>Deo:</span> <span class='ocrx_word' id='word_1_26' title='bbox 375 789 408 846; x_wconf 88' lang='lat' dir='ltr'>et</span> <span class='ocrx_word' id='word_1_27' title='bbox 430 780 516 845; x_wconf 90' lang='lat' dir='ltr'>idem</span> <span class='ocrx_word' id='word_1_28' title='bbox 539 783 591 844; x_wconf 90' lang='lat' dir='ltr'>est</span> <span class='ocrx_word' id='word_1_29' title='bbox 613 777 729 855; x_wconf 91' lang='lat' dir='ltr'>dicere,</span> <span class='ocrx_word' id='word_1_30' title='bbox 750 777 839 842; x_wconf 88' lang='lat' dir='ltr'>filius</span> <span class='ocrx_word' id='word_1_31' title='bbox 861 783 914 841; x_wconf 90' lang='lat' dir='ltr'>est</span> <span class='ocrx_word' id='word_1_32' title='bbox 935 776 1137 841; x_wconf 78' lang='lat' dir='ltr'>screatione</span> <span class='ocrx_word' id='word_1_33' title='bbox 1189 775 1264 840; x_wconf 87' lang='lat' dir='ltr'>das:</span> <span class='ocrx_word' id='word_1_34' title='bbox 1286 786 1322 840; x_wconf 92' lang='lat' dir='ltr'>et</span> <span class='ocrx_word' id='word_1_35' title='bbox 1422 778 1448 841; x_wconf 86' lang='lat' dir='ltr'>&#39;s</span> <span class='ocrx_word' id='word_1_36' title='bbox 1468 777 1614 843; x_wconf 86' lang='lat' dir='ltr'>iudaisas</span> <span class='ocrx_word' id='word_1_37' title='bbox 1631 799 1729 860; x_wconf 91' lang='lat' dir='ltr'>quam</span> <span class='ocrx_word' id='word_1_38' title='bbox 1758 779 1895 863; x_wconf 81' lang='lat' dir='ltr'>gloriam</span> <span class='ocrx_word' id='word_1_39' title='bbox 1917 779 2046 845; x_wconf 79' lang='lat' dir='ltr'>Christi</span> <span class='ocrx_word' id='word_1_40' title='bbox 2074 801 2172 862; x_wconf 87' lang='lat' dir='ltr'>prae·</span> 
     </span>
     <span class='ocr_line' id='line_1_4' title="bbox 155 860 2170 951; baseline -0.002 -16"><span class='ocrx_word' id='word_1_41' title='bbox 155 869 280 948; x_wconf 89' lang='lat' dir='ltr'>mundi,</span> <span class='ocrx_word' id='word_1_42' title='bbox 304 875 361 951; x_wconf 83' lang='lat' dir='ltr'>aut</span> <span class='ocrx_word' id='word_1_43' title='bbox 376 868 417 932; x_wconf 89' lang='lat' dir='ltr'>ab</span> <span class='ocrx_word' id='word_1_44' title='bbox 433 866 538 943; x_wconf 92' lang='lat' dir='ltr'>initio,</span> <span class='ocrx_word' id='word_1_45' title='bbox 561 871 595 927; x_wconf 91' lang='lat' dir='ltr'>et</span> <span class='ocrx_word' id='word_1_46' title='bbox 612 863 653 927; x_wconf 93' lang='lat' dir='ltr'>ab</span> <span class='ocrx_word' id='word_1_47' title='bbox 664 863 866 927; x_wconf 83' lang='lat' dir='ltr'>aeternitate.</span> <span class='ocrx_word' id='word_1_48' title='bbox 903 862 996 927; x_wconf 90' lang='lat' dir='ltr'>Haec</span> <span class='ocrx_word' id='word_1_49' title='bbox 1013 861 1138 927; x_wconf 83' lang='lat' dir='ltr'>scilicet</span> <span class='ocrx_word' id='word_1_50' title='bbox 1186 861 1285 927; x_wconf 88' lang='lat' dir='ltr'>dicas.</span> <span class='ocrx_word' id='word_1_51' title='bbox 1320 860 1395 942; x_wconf 83' lang='lat' dir='ltr'>Quo</span> <span class='ocrx_word' id='word_1_52' title='bbox 1427 883 1496 927; x_wconf 91' lang='lat' dir='ltr'>non</span> <span class='ocrx_word' id='word_1_53' title='bbox 1518 863 1624 928; x_wconf 85' lang='lat' dir='ltr'>calore</span> <span class='ocrx_word' id='word_1_54' title='bbox 1645 865 1834 930; x_wconf 70' lang='lat' dir='ltr'>iracundiae</span> <span class='ocrx_word' id='word_1_55' title='bbox 1852 867 1968 946; x_wconf 87' lang='lat' dir='ltr'>scribo,</span> <span class='ocrx_word' id='word_1_56' title='bbox 1991 865 2048 931; x_wconf 91' lang='lat' dir='ltr'>sed</span> <span class='ocrx_word' id='word_1_57' title='bbox 2070 864 2170 932; x_wconf 87' lang='lat' dir='ltr'>fidem</span> 
     </span>
     <span class='ocr_line' id='line_1_5' title="bbox 133 946 2172 1037; baseline -0.001 -17"><span class='ocrx_word' id='word_1_58' title='bbox 133 963 206 1020; x_wconf 88' lang='lat' dir='ltr'>cst</span> <span class='ocrx_word' id='word_1_59' title='bbox 227 954 332 1037; x_wconf 80' lang='lat' dir='ltr'>gloria</span> <span class='ocrx_word' id='word_1_60' title='bbox 353 974 451 1036; x_wconf 90' lang='lat' dir='ltr'>quam</span> <span class='ocrx_word' id='word_1_61' title='bbox 474 950 541 1015; x_wconf 87' lang='lat' dir='ltr'>filio</span> <span class='ocrx_word' id='word_1_62' title='bbox 563 950 626 1014; x_wconf 90' lang='lat' dir='ltr'>Dei</span> <span class='ocrx_word' id='word_1_63' title='bbox 654 947 787 1025; x_wconf 82' lang='lat' dir='ltr'>tribuis,</span> <span class='ocrx_word' id='word_1_64' title='bbox 817 956 855 1012; x_wconf 91' lang='lat' dir='ltr'>ut</span> <span class='ocrx_word' id='word_1_65' title='bbox 876 955 1069 1012; x_wconf 73' lang='lat' dir='ltr'>mactemus</span> <span class='ocrx_word' id='word_1_66' title='bbox 1092 947 1137 1010; x_wconf 89' lang='lat' dir='ltr'>sit</span> <span class='ocrx_word' id='word_1_67' title='bbox 1188 946 1261 1011; x_wconf 92' lang='lat' dir='ltr'>Deo</span> <span class='ocrx_word' id='word_1_68' title='bbox 1283 968 1356 1011; x_wconf 91' lang='lat' dir='ltr'>meo</span> <span class='ocrx_word' id='word_1_69' title='bbox 1377 969 1510 1021; x_wconf 84' lang='lat' dir='ltr'>servare</span> <span class='ocrx_word' id='word_1_70' title='bbox 1533 951 1642 1032; x_wconf 90' lang='lat' dir='ltr'>cupio:</span> <span class='ocrx_word' id='word_1_71' title='bbox 1676 951 1731 1032; x_wconf 89' lang='lat' dir='ltr'>qui</span> <span class='ocrx_word' id='word_1_72' title='bbox 1754 958 1787 1016; x_wconf 88' lang='lat' dir='ltr'>to</span> <span class='ocrx_word' id='word_1_73' title='bbox 1808 951 1952 1017; x_wconf 90' lang='lat' dir='ltr'>illustret</span> <span class='ocrx_word' id='word_1_74' title='bbox 1973 973 2044 1029; x_wconf 93' lang='lat' dir='ltr'>oro,</span> <span class='ocrx_word' id='word_1_75' title='bbox 2074 958 2112 1016; x_wconf 91' lang='lat' dir='ltr'>ut</span> <span class='ocrx_word' id='word_1_76' title='bbox 2134 975 2172 1018; x_wconf 92' lang='lat' dir='ltr'>re</span> 
     </span>
     <span class='ocr_line' id='line_1_6' title="bbox 154 1031 2169 1123; baseline -0.002 -18"><span class='ocrx_word' id='word_1_77' title='bbox 154 1041 242 1123; x_wconf 87' lang='lat' dir='ltr'>patri</span> <span class='ocrx_word' id='word_1_78' title='bbox 264 1040 348 1104; x_wconf 88' lang='lat' dir='ltr'>siout</span> <span class='ocrx_word' id='word_1_79' title='bbox 369 1036 512 1102; x_wconf 91' lang='lat' dir='ltr'>mundus</span> <span class='ocrx_word' id='word_1_80' title='bbox 531 1037 610 1118; x_wconf 91' lang='lat' dir='ltr'>ipse.</span> <span class='ocrx_word' id='word_1_81' title='bbox 656 1036 703 1098; x_wconf 90' lang='lat' dir='ltr'>At</span> <span class='ocrx_word' id='word_1_82' title='bbox 724 1054 760 1098; x_wconf 93' lang='lat' dir='ltr'>re</span> <span class='ocrx_word' id='word_1_83' title='bbox 782 1054 854 1117; x_wconf 90' lang='lat' dir='ltr'>rpsa</span> <span class='ocrx_word' id='word_1_84' title='bbox 875 1042 913 1098; x_wconf 88' lang='lat' dir='ltr'>tu</span> <span class='ocrx_word' id='word_1_85' title='bbox 930 1054 990 1098; x_wconf 90' lang='lat' dir='ltr'>nec</span> <span class='ocrx_word' id='word_1_86' title='bbox 1008 1042 1135 1116; x_wconf 89' lang='lat' dir='ltr'>patrem</span> <span class='ocrx_word' id='word_1_87' title='bbox 1187 1053 1267 1098; x_wconf 84' lang='lat' dir='ltr'>vera</span> <span class='ocrx_word' id='word_1_88' title='bbox 1301 1031 1472 1098; x_wconf 79' lang='lat' dir='ltr'>Christum</span> <span class='ocrx_word' id='word_1_89' title='bbox 1511 1035 1616 1113; x_wconf 88' lang='lat' dir='ltr'>filium</span> <span class='ocrx_word' id='word_1_90' title='bbox 1648 1035 1713 1101; x_wconf 90' lang='lat' dir='ltr'>Dei</span> <span class='ocrx_word' id='word_1_91' title='bbox 1751 1036 1865 1102; x_wconf 85' lang='lat' dir='ltr'>credas</span> <span class='ocrx_word' id='word_1_92' title='bbox 1899 1045 1933 1102; x_wconf 91' lang='lat' dir='ltr'>et</span> <span class='ocrx_word' id='word_1_93' title='bbox 1967 1039 2169 1104; x_wconf 82' lang='lat' dir='ltr'>confitearis:</span> 
     </span>
     <span class='ocr_line' id='line_1_7' title="bbox 156 1119 1906 1201; baseline -0.007 -11"><span class='ocrx_word' id='word_1_94' title='bbox 156 1127 239 1190; x_wconf 89' lang='lat' dir='ltr'>sinis</span> <span class='ocrx_word' id='word_1_95' title='bbox 260 1146 340 1189; x_wconf 84' lang='lat' dir='ltr'>esse.</span> <span class='ocrx_word' id='word_1_96' title='bbox 386 1123 425 1189; x_wconf 78' lang='lat' dir='ltr'>si</span> <span class='ocrx_word' id='word_1_97' title='bbox 447 1122 537 1186; x_wconf 89' lang='lat' dir='ltr'>enim</span> <span class='ocrx_word' id='word_1_98' title='bbox 559 1120 620 1185; x_wconf 91' lang='lat' dir='ltr'>tibi</span> <span class='ocrx_word' id='word_1_99' title='bbox 640 1119 728 1185; x_wconf 89' lang='lat' dir='ltr'>filius</span> <span class='ocrx_word' id='word_1_100' title='bbox 754 1119 886 1201; x_wconf 90' lang='lat' dir='ltr'>incipit,</span> <span class='ocrx_word' id='word_1_101' title='bbox 914 1128 948 1183; x_wconf 92' lang='lat' dir='ltr'>et</span> <span class='ocrx_word' id='word_1_102' title='bbox 968 1127 1063 1200; x_wconf 80' lang='lat' dir='ltr'>pater</span> <span class='ocrx_word' id='word_1_103' title='bbox 1085 1120 1135 1181; x_wconf 89' lang='lat' dir='ltr'>in·</span> <span class='ocrx_word' id='word_1_104' title='bbox 1188 1120 1306 1182; x_wconf 91' lang='lat' dir='ltr'>Amen.</span> <span class='ocrx_word' id='word_1_105' title='bbox 1905 1134 1906 1137; x_wconf 72' lang='grc'>’</span> 
     </span>
     <span class='ocr_line' id='line_1_8' title="bbox 156 1203 1134 1293; baseline -0.011 -17"><span class='ocrx_word' id='word_1_106' title='bbox 156 1212 243 1293; x_wconf 89' lang='lat' dir='ltr'>cipit.</span> <span class='ocrx_word' id='word_1_107' title='bbox 290 1211 344 1275; x_wconf 79' lang='lat' dir='ltr'>En</span> <span class='ocrx_word' id='word_1_108' title='bbox 365 1211 529 1292; x_wconf 78' lang='lat' dir='ltr'>pietatem,</span> <span class='ocrx_word' id='word_1_109' title='bbox 574 1207 609 1271; x_wconf 86' lang='lat' dir='ltr'>Is</span> <span class='ocrx_word' id='word_1_110' title='bbox 629 1226 690 1288; x_wconf 91' lang='lat' dir='ltr'>per</span> <span class='ocrx_word' id='word_1_111' title='bbox 711 1226 808 1288; x_wconf 84' lang='lat' dir='ltr'>quem</span> <span class='ocrx_word' id='word_1_112' title='bbox 831 1203 977 1268; x_wconf 89' lang='lat' dir='ltr'>condidit</span> <span class='ocrx_word' id='word_1_113' title='bbox 997 1203 1134 1280; x_wconf 89' lang='lat' dir='ltr'>saecula,</span> 
     </span>
     <span class='ocr_line' id='line_1_9' title="bbox 156 1289 1134 1373; baseline -0.009 -13"><span class='ocrx_word' id='word_1_114' title='bbox 156 1317 224 1360; x_wconf 90' lang='lat' dir='ltr'>non</span> <span class='ocrx_word' id='word_1_115' title='bbox 245 1296 340 1360; x_wconf 87' lang='lat' dir='ltr'>aliter·</span> <span class='ocrx_word' id='word_1_116' title='bbox 362 1293 537 1360; x_wconf 89' lang='lat' dir='ltr'>antecessit</span> <span class='ocrx_word' id='word_1_117' title='bbox 558 1291 697 1369; x_wconf 86' lang='lat' dir='ltr'>saecula,</span> <span class='ocrx_word' id='word_1_118' title='bbox 721 1311 818 1373; x_wconf 88' lang='lat' dir='ltr'>quam</span> <span class='ocrx_word' id='word_1_119' title='bbox 836 1289 979 1354; x_wconf 89' lang='lat' dir='ltr'>mundus</span> <span class='ocrx_word' id='word_1_120' title='bbox 995 1289 1065 1371; x_wconf 90' lang='lat' dir='ltr'>ipse</span> <span class='ocrx_word' id='word_1_121' title='bbox 1080 1289 1134 1370; x_wconf 90' lang='lat' dir='ltr'>qui</span> 
     </span>
     <span class='ocr_line' id='line_1_10' title="bbox 156 1374 952 1461; baseline -0.01 -14"><span class='ocrx_word' id='word_1_122' title='bbox 156 1381 306 1447; x_wconf 87' lang='lat' dir='ltr'>conditus</span> <span class='ocrx_word' id='word_1_123' title='bbox 326 1388 385 1446; x_wconf 88' lang='lat' dir='ltr'>est.</span> <span class='ocrx_word' id='word_1_124' title='bbox 430 1378 487 1444; x_wconf 81' lang='lat' dir='ltr'>Sic</span> <span class='ocrx_word' id='word_1_125' title='bbox 511 1386 548 1441; x_wconf 91' lang='lat' dir='ltr'>tu</span> <span class='ocrx_word' id='word_1_126' title='bbox 566 1377 730 1461; x_wconf 82' lang='lat' dir='ltr'>glorificas</span> <span class='ocrx_word' id='word_1_127' title='bbox 752 1376 856 1441; x_wconf 89' lang='lat' dir='ltr'>filium</span> <span class='ocrx_word' id='word_1_128' title='bbox 879 1374 952 1439; x_wconf 91' lang='lat' dir='ltr'>Dei.</span> 
     </span>
     <span class='ocr_line' id='line_1_11' title="bbox 243 1460 1136 1545; baseline -0.011 -13"><span class='ocrx_word' id='word_1_129' title='bbox 243 1465 489 1532; x_wconf 86' lang='lat' dir='ltr'>Confessionem</span> <span class='ocrx_word' id='word_1_130' title='bbox 510 1471 613 1541; x_wconf 90' lang='lat' dir='ltr'>tuam,</span> <span class='ocrx_word' id='word_1_131' title='bbox 635 1484 718 1545; x_wconf 91' lang='lat' dir='ltr'>quae</span> <span class='ocrx_word' id='word_1_132' title='bbox 740 1462 786 1526; x_wconf 91' lang='lat' dir='ltr'>sic</span> <span class='ocrx_word' id='word_1_133' title='bbox 808 1469 918 1526; x_wconf 90' lang='lat' dir='ltr'>sonat:</span> <span class='ocrx_word' id='word_1_134' title='bbox 946 1460 1041 1526; x_wconf 85' lang='lat' dir='ltr'>Hauc</span> <span class='ocrx_word' id='word_1_135' title='bbox 1059 1460 1136 1541; x_wconf 73' lang='lat' dir='ltr'>fidei</span> 
     </span>
     <span class='ocr_line' id='line_1_12' title="bbox 155 1545 1135 1635; baseline -0.011 -16"><span class='ocrx_word' id='word_1_136' title='bbox 155 1552 381 1635; x_wconf 80' lang='lat' dir='ltr'>confessionem</span> <span class='ocrx_word' id='word_1_137' title='bbox 400 1556 568 1627; x_wconf 64' lang='lat' dir='ltr'>mamus,</span> <span class='ocrx_word' id='word_1_138' title='bbox 596 1548 678 1630; x_wconf 75' lang='lat' dir='ltr'>qitod</span> <span class='ocrx_word' id='word_1_139' title='bbox 699 1553 744 1611; x_wconf 79' lang='lat' dir='ltr'>est</span> <span class='ocrx_word' id='word_1_140' title='bbox 771 1567 856 1611; x_wconf 83' lang='lat' dir='ltr'>uuus</span> <span class='ocrx_word' id='word_1_141' title='bbox 878 1545 970 1612; x_wconf 86' lang='lat' dir='ltr'>Deus</span> <span class='ocrx_word' id='word_1_142' title='bbox 996 1547 1135 1625; x_wconf 81' lang='lat' dir='ltr'>unuipo·</span> 
     </span>
     <span class='ocr_line' id='line_1_13' title="bbox 156 1632 1134 1717; baseline -0.008 -14"><span class='ocrx_word' id='word_1_143' title='bbox 156 1645 231 1716; x_wconf 77' lang='lat' dir='ltr'>uus,</span> <span class='ocrx_word' id='word_1_144' title='bbox 253 1637 348 1717; x_wconf 83' lang='lat' dir='ltr'>solus,</span> <span class='ocrx_word' id='word_1_145' title='bbox 366 1637 489 1701; x_wconf 82' lang='lat' dir='ltr'>omuino</span> <span class='ocrx_word' id='word_1_146' title='bbox 510 1635 653 1715; x_wconf 75' lang='lat' dir='ltr'>simplex,</span> <span class='ocrx_word' id='word_1_147' title='bbox 677 1638 705 1696; x_wconf 82' lang='lat' dir='ltr'>u</span> <span class='ocrx_word' id='word_1_148' title='bbox 725 1632 812 1697; x_wconf 76' lang='grc' dir='ltr'><strong>οοῖῑο</strong></span> <span class='ocrx_word' id='word_1_149' title='bbox 834 1632 923 1696; x_wconf 78' lang='lat' dir='ltr'>nudo</span> <span class='ocrx_word' id='word_1_150' title='bbox 940 1633 1134 1713; x_wconf 73' lang='grc' dir='ltr'><strong>οοοιροεῖῖαο,</strong></span> 
     </span>
     <span class='ocr_line' id='line_1_14' title="bbox 156 1719 1135 1805; baseline -0.009 -17"><span class='ocrx_word' id='word_1_151' title='bbox 156 1724 212 1805; x_wconf 76' lang='lat' dir='ltr'>qui</span> <span class='ocrx_word' id='word_1_152' title='bbox 233 1723 320 1788; x_wconf 86' lang='lat' dir='ltr'>uerbo</span> <span class='ocrx_word' id='word_1_153' title='bbox 341 1742 398 1787; x_wconf 85' lang='lat' dir='ltr'>suc</span> <span class='ocrx_word' id='word_1_154' title='bbox 420 1725 447 1785; x_wconf 81' lang='lat' dir='ltr'>el</span> <span class='ocrx_word' id='word_1_155' title='bbox 468 1721 588 1801; x_wconf 84' lang='lat' dir='ltr'>spiritu</span> <span class='ocrx_word' id='word_1_156' title='bbox 608 1724 715 1782; x_wconf 76' lang='lat' dir='ltr'>saucia</span> <span class='ocrx_word' id='word_1_157' title='bbox 737 1722 847 1783; x_wconf 75' lang='lat' dir='ltr'>cauda</span> <span class='ocrx_word' id='word_1_158' title='bbox 874 1719 989 1782; x_wconf 80' lang='lat' dir='ltr'>creauit</span> <span class='ocrx_word' id='word_1_159' title='bbox 1016 1721 1043 1780; x_wconf 82' lang='lat' dir='ltr'>el</span> <span class='ocrx_word' id='word_1_160' title='bbox 1070 1737 1135 1780; x_wconf 85' lang='lat' dir='ltr'>cor-</span> 
     </span>
     <span class='ocr_line' id='line_1_15' title="bbox 156 1803 1930 1888; baseline -0.007 -15"><span class='ocrx_word' id='word_1_161' title='bbox 156 1809 318 1887; x_wconf 78' lang='lat' dir='ltr'>roborauit,</span> <span class='ocrx_word' id='word_1_162' title='bbox 339 1810 417 1888; x_wconf 78' lang='lat' dir='ltr'>quia</span> <span class='ocrx_word' id='word_1_163' title='bbox 436 1807 504 1887; x_wconf 81' lang='lat' dir='ltr'>ipse</span> <span class='ocrx_word' id='word_1_164' title='bbox 522 1806 607 1871; x_wconf 68' lang='lat' dir='ltr'>aaut</span> <span class='ocrx_word' id='word_1_165' title='bbox 623 1809 651 1869; x_wconf 80' lang='lat' dir='ltr'>et</span> <span class='ocrx_word' id='word_1_166' title='bbox 667 1805 811 1884; x_wconf 79' lang='lat' dir='ltr'>fueraut,</span> <span class='ocrx_word' id='word_1_167' title='bbox 834 1804 902 1883; x_wconf 68' lang='lat' dir='ltr'>ipsc</span> <span class='ocrx_word' id='word_1_168' title='bbox 922 1803 1087 1867; x_wconf 76' lang='lat' dir='ltr'>mudauit</span> <span class='ocrx_word' id='word_1_169' title='bbox 1108 1808 1136 1866; x_wconf 82' lang='lat' dir='ltr'>u</span> <span class='ocrx_word' id='word_1_170' title='bbox 1443 1860 1451 1876; x_wconf 80' lang='grc'><em>,</em></span> <span class='ocrx_word' id='word_1_171' title='bbox 1792 1862 1799 1878; x_wconf 72' lang='grc'><em>,</em></span> <span class='ocrx_word' id='word_1_172' title='bbox 1922 1863 1930 1879; x_wconf 61' lang='lat'>‚</span> 
     </span>
     <span class='ocr_line' id='line_1_16' title="bbox 156 1857 2169 1987; baseline -0.005 -29"><span class='ocrx_word' id='word_1_173' title='bbox 156 1895 371 1958; x_wconf 63' lang='lat' dir='ltr'>adstruunt:</span> <span class='ocrx_word' id='word_1_174' title='bbox 403 1897 541 1956; x_wconf 76' lang='lat' dir='ltr'>uanus</span> <span class='ocrx_word' id='word_1_175' title='bbox 563 1889 722 1987; x_wconf 68' lang='lat' dir='ltr'>Drmiam¹</span> <span class='ocrx_word' id='word_1_176' title='bbox 751 1889 845 1953; x_wconf 81' lang='lat' dir='ltr'>Iesus</span> <span class='ocrx_word' id='word_1_177' title='bbox 867 1887 1022 1987; x_wconf 30' lang='lat' dir='ltr'>‚atauus</span> <span class='ocrx_word' id='word_1_178' title='bbox 1044 1888 1134 1986; x_wconf 66' lang='lat' dir='ltr'>filtra</span> <span class='ocrx_word' id='word_1_179' title='bbox 1187 1857 1367 1941; x_wconf 75' lang='lat' dir='ltr'>Servata</span> <span class='ocrx_word' id='word_1_180' title='bbox 1394 1860 1599 1971; x_wconf 82' lang='lat' dir='ltr'>Hispano,</span> <span class='ocrx_word' id='word_1_181' title='bbox 1626 1871 1802 1971; x_wconf 83' lang='lat' dir='ltr'>neganti</span> <span class='ocrx_word' id='word_1_182' title='bbox 1829 1861 2047 1945; x_wconf 86' lang='lat' dir='ltr'>Chrrstum</span> <span class='ocrx_word' id='word_1_183' title='bbox 2072 1894 2169 1948; x_wconf 90' lang='lat' dir='ltr'>esse</span> 
     </span>
     <span class='ocr_line' id='line_1_17' title="bbox 157 1972 2136 2077; baseline 0.004 -16"><span class='ocrx_word' id='word_1_184' title='bbox 157 1979 228 2056; x_wconf 79' lang='lat' dir='ltr'>Da,</span> <span class='ocrx_word' id='word_1_185' title='bbox 251 1977 402 2077; x_wconf 59' lang='lat' dir='ltr'>murat}</span> <span class='ocrx_word' id='word_1_186' title='bbox 422 1976 789 2073; x_wconf 61' lang='lat' dir='ltr'>sumpseramus,</span> <span class='ocrx_word' id='word_1_187' title='bbox 816 1994 915 2071; x_wconf 72' lang='lat' dir='ltr'>quio</span> <span class='ocrx_word' id='word_1_188' title='bbox 936 1972 1005 2038; x_wconf 80' lang='lat' dir='ltr'>Deo</span> <span class='ocrx_word' id='word_1_189' title='bbox 1025 1979 1133 2072; x_wconf 70' lang='lat' dir='ltr'>consa</span> <span class='ocrx_word' id='word_1_190' title='bbox 1224 1978 1361 2061; x_wconf 90' lang='lat' dir='ltr'>filium</span> <span class='ocrx_word' id='word_1_191' title='bbox 1392 1979 1475 2062; x_wconf 90' lang='lat' dir='ltr'>Dei</span> <span class='ocrx_word' id='word_1_192' title='bbox 1506 1981 1924 2064; x_wconf 88' lang='lat' dir='ltr'>consubstantialem·</span> <span class='ocrx_word' id='word_1_193' title='bbox 1954 1983 2136 2068; x_wconf 89' lang='lat' dir='ltr'>Ioannes</span> 
     </span>
     <span class='ocr_line' id='line_1_18' title="bbox 155 2045 1922 2183; baseline -0.006 -55"><span class='ocrx_word' id='word_1_194' title='bbox 155 2062 1132 2157; x_wconf 69' lang='lat' dir='ltr'>tutuseduobssaluator:cteuustutercesstoue,pacapa·</span> <span class='ocrx_word' id='word_1_195' title='bbox 1473 2099 1513 2183; x_wconf 83' lang='grc' dir='ltr'>Ο</span> <span class='ocrx_word' id='word_1_196' title='bbox 1590 2100 1606 2181; x_wconf 71' lang='lat' dir='ltr'>l</span> <span class='ocrx_word' id='word_1_197' title='bbox 1707 2101 1773 2182; x_wconf 56' lang='lat' dir='ltr'>ad.</span> <span class='ocrx_word' id='word_1_198' title='bbox 1818 2097 1878 2180; x_wconf 28' lang='lat'>⁸1)</span> <span class='ocrx_word' id='word_1_199' title='bbox 1911 2045 1922 2089; x_wconf 84' lang='lat'>&#39;</span> 
     </span>
     <span class='ocr_line' id='line_1_19' title="bbox 153 2129 1839 2233; baseline -0.005 -21"><span class='ocrx_word' id='word_1_200' title='bbox 153 2154 231 2214; x_wconf 82' lang='lat' dir='ltr'>trem</span> <span class='ocrx_word' id='word_1_201' title='bbox 257 2151 394 2233; x_wconf 76' lang='lat' dir='ltr'>ruperit,</span> <span class='ocrx_word' id='word_1_202' title='bbox 422 2152 550 2215; x_wconf 72' lang='lat' dir='ltr'>suadas</span> <span class='ocrx_word' id='word_1_203' title='bbox 583 2147 653 2210; x_wconf 76' lang='lat' dir='ltr'>uus</span> <span class='ocrx_word' id='word_1_204' title='bbox 680 2146 816 2227; x_wconf 82' lang='lat' dir='ltr'>spiritus</span> <span class='ocrx_word' id='word_1_205' title='bbox 836 2165 897 2226; x_wconf 85' lang='lat' dir='ltr'>per</span> <span class='ocrx_word' id='word_1_206' title='bbox 923 2146 1132 2209; x_wconf 74' lang='lat' dir='ltr'>monasterium</span> <span class='ocrx_word' id='word_1_207' title='bbox 1516 2129 1589 2183; x_wconf 68' lang='lat'>⁰⁰⁰</span> <span class='ocrx_word' id='word_1_208' title='bbox 1608 2130 1705 2211; x_wconf 70' lang='grc'>1111111</span> <span class='ocrx_word' id='word_1_209' title='bbox 1762 2133 1839 2184; x_wconf 63' lang='grc'>1115·</span> 
     </span>
     <span class='ocr_line' id='line_1_20' title="bbox 153 2228 1134 2319; baseline -0.006 -19"><span class='ocrx_word' id='word_1_210' title='bbox 153 2235 332 2319; x_wconf 75' lang='grc' dir='ltr'><strong>οορεῖοτοοι</strong></span> <span class='ocrx_word' id='word_1_211' title='bbox 358 2232 447 2299; x_wconf 85' lang='lat' dir='ltr'>uobis</span> <span class='ocrx_word' id='word_1_212' title='bbox 476 2233 676 2313; x_wconf 78' lang='lat' dir='ltr'>impartitur:</span> <span class='ocrx_word' id='word_1_213' title='bbox 705 2235 733 2293; x_wconf 84' lang='grc' dir='ltr'><strong>εῖ</strong></span> <span class='ocrx_word' id='word_1_214' title='bbox 759 2231 840 2294; x_wconf 74' lang='lat' dir='ltr'>suut</span> <span class='ocrx_word' id='word_1_215' title='bbox 863 2228 927 2295; x_wconf 86' lang='lat' dir='ltr'>Dei</span> <span class='ocrx_word' id='word_1_216' title='bbox 947 2231 1085 2313; x_wconf 68' lang='lat' dir='ltr'>plotium</span> <span class='ocrx_word' id='word_1_217' title='bbox 1106 2235 1134 2295; x_wconf 84' lang='grc' dir='ltr'>οῖ</span> 
     </span>
     <span class='ocr_line' id='line_1_21' title="bbox 147 2314 2169 2405; baseline -0 -20"><span class='ocrx_word' id='word_1_218' title='bbox 147 2321 330 2402; x_wconf 66' lang='lat' dir='ltr'>paludium,</span> <span class='ocrx_word' id='word_1_219' title='bbox 358 2324 388 2383; x_wconf 84' lang='lat' dir='ltr'>et</span> <span class='ocrx_word' id='word_1_220' title='bbox 408 2318 514 2383; x_wconf 76' lang='lat' dir='ltr'>omnic</span> <span class='ocrx_word' id='word_1_221' title='bbox 536 2319 605 2381; x_wconf 83' lang='lat' dir='ltr'>eius</span> <span class='ocrx_word' id='word_1_222' title='bbox 625 2337 719 2398; x_wconf 83' lang='lat' dir='ltr'>opera</span> <span class='ocrx_word' id='word_1_223' title='bbox 740 2317 911 2381; x_wconf 75' lang='lat' dir='ltr'>laudamus</span> <span class='ocrx_word' id='word_1_224' title='bbox 935 2320 964 2378; x_wconf 80' lang='lat' dir='ltr'>ct</span> <span class='ocrx_word' id='word_1_225' title='bbox 985 2315 1133 2381; x_wconf 79' lang='lat' dir='ltr'>benedici-</span> <span class='ocrx_word' id='word_1_226' title='bbox 1272 2314 1432 2380; x_wconf 90' lang='lat' dir='ltr'>Obsecras</span> <span class='ocrx_word' id='word_1_227' title='bbox 1460 2336 1503 2379; x_wconf 94' lang='lat' dir='ltr'>ne</span> <span class='ocrx_word' id='word_1_228' title='bbox 1533 2314 1574 2380; x_wconf 92' lang='lat' dir='ltr'>de</span> <span class='ocrx_word' id='word_1_229' title='bbox 1596 2325 1800 2382; x_wconf 89' lang='lat' dir='ltr'>sacramento</span> <span class='ocrx_word' id='word_1_230' title='bbox 1823 2328 1898 2383; x_wconf 89' lang='lat' dir='ltr'>rem</span> <span class='ocrx_word' id='word_1_231' title='bbox 1921 2319 2048 2399; x_wconf 83' lang='lat' dir='ltr'>faciam.</span> <span class='ocrx_word' id='word_1_232' title='bbox 2093 2321 2169 2405; x_wconf 82' lang='lat' dir='ltr'>Ego</span> 
     </span>
     <span class='ocr_line' id='line_1_22' title="bbox 153 2400 2169 2488; baseline 0 -18"><span class='ocrx_word' id='word_1_233' title='bbox 153 2427 230 2470; x_wconf 51' lang='lat' dir='ltr'>utus*</span> <span class='ocrx_word' id='word_1_234' title='bbox 246 2412 274 2469; x_wconf 84' lang='lat' dir='ltr'>et</span> <span class='ocrx_word' id='word_1_235' title='bbox 288 2405 516 2488; x_wconf 77' lang='lat' dir='ltr'>plurificamus,</span> <span class='ocrx_word' id='word_1_236' title='bbox 551 2407 579 2467; x_wconf 82' lang='grc' dir='ltr'>οῖ</span> <span class='ocrx_word' id='word_1_237' title='bbox 607 2404 642 2467; x_wconf 86' lang='lat' dir='ltr'>iu</span> <span class='ocrx_word' id='word_1_238' title='bbox 670 2404 794 2466; x_wconf 76' lang='lat' dir='ltr'>mmiuc</span> <span class='ocrx_word' id='word_1_239' title='bbox 816 2400 925 2483; x_wconf 76' lang='lat' dir='ltr'>patris</span> <span class='ocrx_word' id='word_1_240' title='bbox 952 2420 989 2464; x_wconf 84' lang='lat' dir='ltr'>aa</span> <span class='ocrx_word' id='word_1_241' title='bbox 1015 2402 1077 2481; x_wconf 73' lang='lat' dir='ltr'>filii</span> <span class='ocrx_word' id='word_1_242' title='bbox 1104 2406 1133 2464; x_wconf 86' lang='lat' dir='ltr'>et</span> <span class='ocrx_word' id='word_1_243' title='bbox 1184 2421 1262 2464; x_wconf 88' lang='lat' dir='ltr'>vero</span> <span class='ocrx_word' id='word_1_244' title='bbox 1285 2401 1428 2466; x_wconf 85' lang='lat' dir='ltr'>vicissim</span> <span class='ocrx_word' id='word_1_245' title='bbox 1452 2420 1518 2477; x_wconf 90' lang='lat' dir='ltr'>oro,</span> <span class='ocrx_word' id='word_1_246' title='bbox 1547 2422 1589 2466; x_wconf 91' lang='lat' dir='ltr'>ne</span> <span class='ocrx_word' id='word_1_247' title='bbox 1612 2411 1648 2467; x_wconf 93' lang='lat' dir='ltr'>tu</span> <span class='ocrx_word' id='word_1_248' title='bbox 1669 2402 1709 2468; x_wconf 91' lang='lat' dir='ltr'>de</span> <span class='ocrx_word' id='word_1_249' title='bbox 1736 2425 1772 2468; x_wconf 92' lang='lat' dir='ltr'>re</span> <span class='ocrx_word' id='word_1_250' title='bbox 1794 2414 2038 2474; x_wconf 86' lang='lat' dir='ltr'>sacramentum</span> <span class='ocrx_word' id='word_1_251' title='bbox 2060 2405 2169 2479; x_wconf 89' lang='lat' dir='ltr'>solum</span> 
     </span>
     <span class='ocr_line' id='line_1_23' title="bbox 152 2486 2165 2573; baseline 0 -18"><span class='ocrx_word' id='word_1_252' title='bbox 152 2492 286 2572; x_wconf 79' lang='lat' dir='ltr'>spiritus</span> <span class='ocrx_word' id='word_1_253' title='bbox 302 2491 404 2556; x_wconf 78' lang='lat' dir='ltr'>saucii</span> <span class='ocrx_word' id='word_1_254' title='bbox 422 2489 627 2570; x_wconf 81' lang='lat' dir='ltr'>baptisamar,</span> <span class='ocrx_word' id='word_1_255' title='bbox 657 2488 699 2552; x_wconf 84' lang='lat' dir='ltr'>ad</span> <span class='ocrx_word' id='word_1_256' title='bbox 715 2487 850 2570; x_wconf 81' lang='lat' dir='ltr'>pluriam</span> <span class='ocrx_word' id='word_1_257' title='bbox 868 2487 1131 2551; x_wconf 73' lang='lat' dir='ltr'>inenarrabilium</span> <span class='ocrx_word' id='word_1_258' title='bbox 1183 2486 1291 2551; x_wconf 87' lang='lat' dir='ltr'>facias.</span> <span class='ocrx_word' id='word_1_259' title='bbox 1344 2487 1519 2568; x_wconf 78' lang='lat' dir='ltr'>Apostolus</span> <span class='ocrx_word' id='word_1_260' title='bbox 1542 2489 1630 2551; x_wconf 89' lang='lat' dir='ltr'>enim</span> <span class='ocrx_word' id='word_1_261' title='bbox 1656 2497 1751 2555; x_wconf 83' lang='lat' dir='ltr'>vocat</span> <span class='ocrx_word' id='word_1_262' title='bbox 1773 2511 1944 2568; x_wconf 88' lang='lat' dir='ltr'>arcanum,</span> <span class='ocrx_word' id='word_1_263' title='bbox 1975 2490 2061 2573; x_wconf 89' lang='lat' dir='ltr'>quod</span> <span class='ocrx_word' id='word_1_264' title='bbox 2083 2513 2165 2557; x_wconf 92' lang='lat' dir='ltr'>non·</span> 
     </span>
     <span class='ocr_line' id='line_1_24' title="bbox 152 2569 2167 2658; baseline 0.001 -18"><span class='ocrx_word' id='word_1_265' title='bbox 152 2577 216 2640; x_wconf 79' lang='lat' dir='ltr'>Ilei</span> <span class='ocrx_word' id='word_1_266' title='bbox 232 2576 484 2657; x_wconf 82' lang='lat' dir='ltr'>dispositionum,</span> <span class='ocrx_word' id='word_1_267' title='bbox 495 2572 609 2655; x_wconf 74' lang='lat' dir='ltr'>quibus</span> <span class='ocrx_word' id='word_1_268' title='bbox 621 2593 683 2654; x_wconf 84' lang='lat' dir='ltr'>pro</span> <span class='ocrx_word' id='word_1_269' title='bbox 694 2572 794 2637; x_wconf 78' lang='lat' dir='ltr'>salute</span> <span class='ocrx_word' id='word_1_270' title='bbox 804 2576 915 2636; x_wconf 72' lang='lat' dir='ltr'>uestra</span> <span class='ocrx_word' id='word_1_271' title='bbox 935 2573 982 2634; x_wconf 84' lang='lat' dir='ltr'>uti</span> <span class='ocrx_word' id='word_1_272' title='bbox 995 2572 1129 2653; x_wconf 76' lang='lat' dir='ltr'>placuit:</span> <span class='ocrx_word' id='word_1_273' title='bbox 1185 2569 1263 2635; x_wconf 92' lang='lat' dir='ltr'>dum</span> <span class='ocrx_word' id='word_1_274' title='bbox 1286 2571 1395 2653; x_wconf 89' lang='lat' dir='ltr'>palam</span> <span class='ocrx_word' id='word_1_275' title='bbox 1418 2573 1660 2638; x_wconf 77' lang='lat' dir='ltr'>annuntiatum,</span> <span class='ocrx_word' id='word_1_276' title='bbox 1704 2575 1893 2650; x_wconf 88' lang='lat' dir='ltr'>Inoarnatio</span> <span class='ocrx_word' id='word_1_277' title='bbox 1922 2576 2053 2658; x_wconf 88' lang='lat' dir='ltr'>quidem</span> <span class='ocrx_word' id='word_1_278' title='bbox 2075 2598 2167 2644; x_wconf 89' lang='lat' dir='ltr'>arca·</span> 
     </span>
     <span class='ocr_line' id='line_1_25' title="bbox 152 2657 2168 2742; baseline 0 -15"><span class='ocrx_word' id='word_1_279' title='bbox 152 2661 403 2727; x_wconf 81' lang='lat' dir='ltr'>Coniessionem</span> <span class='ocrx_word' id='word_1_280' title='bbox 424 2661 560 2742; x_wconf 85' lang='lat' dir='ltr'>inquam</span> <span class='ocrx_word' id='word_1_281' title='bbox 581 2659 673 2722; x_wconf 85' lang='lat' dir='ltr'>illam</span> <span class='ocrx_word' id='word_1_282' title='bbox 693 2669 793 2736; x_wconf 88' lang='lat' dir='ltr'>tuam,</span> <span class='ocrx_word' id='word_1_283' title='bbox 821 2657 960 2741; x_wconf 80' lang='lat' dir='ltr'>simplex</span> <span class='ocrx_word' id='word_1_284' title='bbox 982 2658 1132 2722; x_wconf 82' lang='lat' dir='ltr'>fortassis</span> <span class='ocrx_word' id='word_1_285' title='bbox 1183 2678 1263 2719; x_wconf 91' lang='lat' dir='ltr'>num</span> <span class='ocrx_word' id='word_1_286' title='bbox 1286 2667 1357 2721; x_wconf 90' lang='lat' dir='ltr'>erat</span> <span class='ocrx_word' id='word_1_287' title='bbox 1379 2657 1562 2739; x_wconf 89' lang='lat' dir='ltr'>aliquando,</span> <span class='ocrx_word' id='word_1_288' title='bbox 1580 2668 1619 2723; x_wconf 87' lang='lat' dir='ltr'>et</span> <span class='ocrx_word' id='word_1_289' title='bbox 1642 2659 1787 2724; x_wconf 89' lang='lat' dir='ltr'>nondum</span> <span class='ocrx_word' id='word_1_290' title='bbox 1809 2681 1876 2726; x_wconf 90' lang='lat' dir='ltr'>res:</span> <span class='ocrx_word' id='word_1_291' title='bbox 1899 2661 2034 2726; x_wconf 79' lang='lat' dir='ltr'>Filiatio</span> <span class='ocrx_word' id='word_1_292' title='bbox 2055 2672 2168 2728; x_wconf 84' lang='lat' dir='ltr'>autem</span> 
     </span>
     <span class='ocr_line' id='line_1_26' title="bbox 153 2743 2166 2829; baseline 0 -17"><span class='ocrx_word' id='word_1_293' title='bbox 153 2760 186 2812; x_wconf 89' lang='lat' dir='ltr'>et</span> <span class='ocrx_word' id='word_1_294' title='bbox 209 2747 291 2812; x_wconf 91' lang='lat' dir='ltr'>nihil</span> <span class='ocrx_word' id='word_1_295' title='bbox 315 2747 485 2828; x_wconf 89' lang='lat' dir='ltr'>suspicans</span> <span class='ocrx_word' id='word_1_296' title='bbox 506 2744 711 2827; x_wconf 86' lang='lat' dir='ltr'>approbaret.</span> <span class='ocrx_word' id='word_1_297' title='bbox 747 2743 835 2824; x_wconf 76' lang='lat' dir='ltr'>Quia</span> <span class='ocrx_word' id='word_1_298' title='bbox 856 2752 964 2807; x_wconf 89' lang='lat' dir='ltr'>autem</span> <span class='ocrx_word' id='word_1_299' title='bbox 987 2754 1131 2808; x_wconf 85' lang='lat' dir='ltr'>mentem</span> <span class='ocrx_word' id='word_1_300' title='bbox 1182 2763 1261 2806; x_wconf 84' lang='lat' dir='ltr'>vere</span> <span class='ocrx_word' id='word_1_301' title='bbox 1284 2751 1362 2807; x_wconf 84' lang='lat' dir='ltr'>erat.</span> <span class='ocrx_word' id='word_1_302' title='bbox 1399 2743 1548 2807; x_wconf 75' lang='lat' dir='ltr'>Verbum</span> <span class='ocrx_word' id='word_1_303' title='bbox 1570 2745 1660 2808; x_wconf 91' lang='lat' dir='ltr'>enim</span> <span class='ocrx_word' id='word_1_304' title='bbox 1678 2747 1750 2810; x_wconf 92' lang='lat' dir='ltr'>Deo</span> <span class='ocrx_word' id='word_1_305' title='bbox 1767 2748 1853 2829; x_wconf 88' lang='lat' dir='ltr'>patri</span> <span class='ocrx_word' id='word_1_306' title='bbox 1871 2754 2083 2812; x_wconf 89' lang='lat' dir='ltr'>coaeternum</span> <span class='ocrx_word' id='word_1_307' title='bbox 2100 2756 2166 2814; x_wconf 86' lang='lat' dir='ltr'>est:</span> 
     </span>
     <span class='ocr_line' id='line_1_27' title="bbox 152 2828 2168 2919; baseline 0.001 -22"><span class='ocrx_word' id='word_1_308' title='bbox 152 2846 243 2897; x_wconf 84' lang='lat' dir='ltr'>tuam</span> <span class='ocrx_word' id='word_1_309' title='bbox 266 2831 450 2907; x_wconf 77' lang='lat' dir='ltr'>declarasti,</span> <span class='ocrx_word' id='word_1_310' title='bbox 473 2840 512 2894; x_wconf 93' lang='lat' dir='ltr'>ut</span> <span class='ocrx_word' id='word_1_311' title='bbox 532 2829 679 2895; x_wconf 86' lang='lat' dir='ltr'>fallacem</span> <span class='ocrx_word' id='word_1_312' title='bbox 703 2829 880 2894; x_wconf 84' lang='lat' dir='ltr'>abominor.</span> <span class='ocrx_word' id='word_1_313' title='bbox 1182 2848 1259 2891; x_wconf 90' lang='lat' dir='ltr'>nam</span> <span class='ocrx_word' id='word_1_314' title='bbox 1289 2828 1325 2892; x_wconf 90' lang='lat' dir='ltr'>in</span> <span class='ocrx_word' id='word_1_315' title='bbox 1352 2829 1510 2911; x_wconf 89' lang='lat' dir='ltr'>principio</span> <span class='ocrx_word' id='word_1_316' title='bbox 1538 2835 1620 2909; x_wconf 75' lang='lat' dir='ltr'>erat,</span> <span class='ocrx_word' id='word_1_317' title='bbox 1652 2840 1687 2895; x_wconf 91' lang='lat' dir='ltr'>et</span> <span class='ocrx_word' id='word_1_318' title='bbox 1714 2838 1784 2896; x_wconf 82' lang='lat' dir='ltr'>crat</span> <span class='ocrx_word' id='word_1_319' title='bbox 1810 2832 1896 2919; x_wconf 86' lang='lat' dir='ltr'>apud</span> <span class='ocrx_word' id='word_1_320' title='bbox 1929 2834 2046 2898; x_wconf 87' lang='lat' dir='ltr'>Deum.</span> <span class='ocrx_word' id='word_1_321' title='bbox 2091 2833 2168 2899; x_wconf 87' lang='lat' dir='ltr'>Non</span> 
     </span>
     <span class='ocr_line' id='line_1_28' title="bbox 237 2914 2169 3003; baseline 0.001 -21"><span class='ocrx_word' id='word_1_322' title='bbox 237 2918 399 2983; x_wconf 83' lang='lat' dir='ltr'>Fatemur</span> <span class='ocrx_word' id='word_1_323' title='bbox 420 2924 453 2981; x_wconf 93' lang='lat' dir='ltr'>et</span> <span class='ocrx_word' id='word_1_324' title='bbox 474 2937 535 2981; x_wconf 90' lang='lat' dir='ltr'>nos</span> <span class='ocrx_word' id='word_1_325' title='bbox 556 2916 667 2980; x_wconf 89' lang='lat' dir='ltr'>Deum</span> <span class='ocrx_word' id='word_1_326' title='bbox 696 2925 815 2980; x_wconf 90' lang='lat' dir='ltr'>natura</span> <span class='ocrx_word' id='word_1_327' title='bbox 843 2914 1040 2996; x_wconf 89' lang='lat' dir='ltr'>simplicem,</span> <span class='ocrx_word' id='word_1_328' title='bbox 1070 2934 1131 2978; x_wconf 91' lang='lat' dir='ltr'>nec</span> <span class='ocrx_word' id='word_1_329' title='bbox 1183 2921 1255 2977; x_wconf 89' lang='lat' dir='ltr'>erat</span> <span class='ocrx_word' id='word_1_330' title='bbox 1282 2921 1391 2977; x_wconf 92' lang='lat' dir='ltr'>autem</span> <span class='ocrx_word' id='word_1_331' title='bbox 1420 2923 1499 2979; x_wconf 91' lang='lat' dir='ltr'>tuno</span> <span class='ocrx_word' id='word_1_332' title='bbox 1528 2914 1634 2980; x_wconf 90' lang='lat' dir='ltr'>solum</span> <span class='ocrx_word' id='word_1_333' title='bbox 1662 2917 1876 3003; x_wconf 85' lang='lat' dir='ltr'>inmysterio</span> <span class='ocrx_word' id='word_1_334' title='bbox 1902 2919 2010 2994; x_wconf 85' lang='lat' dir='ltr'>vorbi,</span> <span class='ocrx_word' id='word_1_335' title='bbox 2045 2919 2169 3002; x_wconf 83' lang='lat' dir='ltr'>absquo</span> 
     </span>
     <span class='ocr_line' id='line_1_29' title="bbox 152 2996 2169 3088; baseline 0 -19"><span class='ocrx_word' id='word_1_336' title='bbox 152 3004 218 3069; x_wconf 89' lang='lat' dir='ltr'>ullo</span> <span class='ocrx_word' id='word_1_337' title='bbox 234 3002 336 3067; x_wconf 89' lang='lat' dir='ltr'>modo</span> <span class='ocrx_word' id='word_1_338' title='bbox 349 3003 575 3084; x_wconf 88' lang='lat' dir='ltr'>compositum:</span> <span class='ocrx_word' id='word_1_339' title='bbox 599 2999 655 3065; x_wconf 90' lang='lat' dir='ltr'>sed</span> <span class='ocrx_word' id='word_1_340' title='bbox 677 3002 710 3064; x_wconf 93' lang='lat' dir='ltr'>in</span> <span class='ocrx_word' id='word_1_341' title='bbox 731 3000 788 3064; x_wconf 89' lang='lat' dir='ltr'>illa</span> <span class='ocrx_word' id='word_1_342' title='bbox 810 2996 1053 3082; x_wconf 80' lang='lat' dir='ltr'>simplidissima</span> <span class='ocrx_word' id='word_1_343' title='bbox 1073 3017 1131 3063; x_wconf 85' lang='lat' dir='ltr'>na·</span> <span class='ocrx_word' id='word_1_344' title='bbox 1183 3000 1420 3082; x_wconf 81' lang='lat' dir='ltr'>significatione</span> <span class='ocrx_word' id='word_1_345' title='bbox 1441 3001 1608 3067; x_wconf 68' lang='lat' dir='ltr'>naturali..</span> <span class='ocrx_word' id='word_1_346' title='bbox 1641 3001 1738 3082; x_wconf 76' lang='lat' dir='ltr'>Quod</span> <span class='ocrx_word' id='word_1_347' title='bbox 1760 3004 1847 3067; x_wconf 92' lang='lat' dir='ltr'>enim</span> <span class='ocrx_word' id='word_1_348' title='bbox 1871 3005 1962 3068; x_wconf 92' lang='lat' dir='ltr'>Deus</span> <span class='ocrx_word' id='word_1_349' title='bbox 1984 3010 2065 3083; x_wconf 89' lang='lat' dir='ltr'>erat,</span> <span class='ocrx_word' id='word_1_350' title='bbox 2092 3026 2169 3088; x_wconf 90' lang='lat' dir='ltr'>per·</span> 
     </span>
     <span class='ocr_line' id='line_1_30' title="bbox 151 3082 2177 3172; baseline 0 -19"><span class='ocrx_word' id='word_1_351' title='bbox 151 3102 228 3153; x_wconf 89' lang='lat' dir='ltr'>tura</span> <span class='ocrx_word' id='word_1_352' title='bbox 249 3095 317 3153; x_wconf 91' lang='lat' dir='ltr'>tres</span> <span class='ocrx_word' id='word_1_353' title='bbox 334 3088 528 3171; x_wconf 83' lang='lat' dir='ltr'>hypostases</span> <span class='ocrx_word' id='word_1_354' title='bbox 551 3087 768 3170; x_wconf 83' lang='lat' dir='ltr'>agnoscimus,</span> <span class='ocrx_word' id='word_1_355' title='bbox 797 3107 936 3169; x_wconf 90' lang='lat' dir='ltr'>quarum</span> <span class='ocrx_word' id='word_1_356' title='bbox 959 3085 1132 3150; x_wconf 83' lang='lat' dir='ltr'>diversitas</span> <span class='ocrx_word' id='word_1_357' title='bbox 1183 3082 1360 3172; x_wconf 74' lang='lat' dir='ltr'>tentissime</span> <span class='ocrx_word' id='word_1_358' title='bbox 1381 3095 1459 3149; x_wconf 88' lang='lat' dir='ltr'>erat.</span> <span class='ocrx_word' id='word_1_359' title='bbox 1504 3086 1588 3150; x_wconf 85' lang='lat' dir='ltr'>Erat</span> <span class='ocrx_word' id='word_1_360' title='bbox 1609 3097 1718 3152; x_wconf 87' lang='lat' dir='ltr'>autom</span> <span class='ocrx_word' id='word_1_361' title='bbox 1740 3090 1775 3151; x_wconf 92' lang='lat' dir='ltr'>in</span> <span class='ocrx_word' id='word_1_362' title='bbox 1798 3091 1938 3172; x_wconf 89' lang='lat' dir='ltr'>ipsomet</span> <span class='ocrx_word' id='word_1_363' title='bbox 1960 3088 2042 3168; x_wconf 89' lang='lat' dir='ltr'>Deo,</span> <span class='ocrx_word' id='word_1_364' title='bbox 2064 3097 2099 3154; x_wconf 91' lang='lat' dir='ltr'>et</span> <span class='ocrx_word' id='word_1_365' title='bbox 2119 3092 2177 3156; x_wconf 85' lang='lat' dir='ltr'>ita&#39;</span> 
     </span>
     <span class='ocr_line' id='line_1_31' title="bbox 152 3170 2168 3256; baseline 0.002 -18"><span class='ocrx_word' id='word_1_366' title='bbox 152 3184 291 3239; x_wconf 87' lang='lat' dir='ltr'>naturae</span> <span class='ocrx_word' id='word_1_367' title='bbox 311 3173 512 3256; x_wconf 77' lang='lat' dir='ltr'>simplicitati</span> <span class='ocrx_word' id='word_1_368' title='bbox 530 3173 666 3236; x_wconf 91' lang='lat' dir='ltr'>minime</span> <span class='ocrx_word' id='word_1_369' title='bbox 681 3172 896 3256; x_wconf 86' lang='lat' dir='ltr'>praeiudicat.</span> <span class='ocrx_word' id='word_1_370' title='bbox 916 3209 951 3217; x_wconf 92' lang='lat'>-</span> <span class='ocrx_word' id='word_1_371' title='bbox 972 3173 1133 3235; x_wconf 84' lang='lat' dir='ltr'>Fatemur</span> <span class='ocrx_word' id='word_1_372' title='bbox 1184 3171 1270 3253; x_wconf 88' lang='lat' dir='ltr'>opud</span> <span class='ocrx_word' id='word_1_373' title='bbox 1292 3172 1410 3235; x_wconf 90' lang='lat' dir='ltr'>Deum.</span> <span class='ocrx_word' id='word_1_374' title='bbox 1455 3170 1502 3234; x_wconf 85' lang='lat' dir='ltr'>Et</span> <span class='ocrx_word' id='word_1_375' title='bbox 1522 3173 1674 3254; x_wconf 90' lang='lat' dir='ltr'>quoniam</span> <span class='ocrx_word' id='word_1_376' title='bbox 1696 3172 1835 3239; x_wconf 87' lang='lat' dir='ltr'>verbum</span> <span class='ocrx_word' id='word_1_377' title='bbox 1858 3182 1960 3240; x_wconf 91' lang='lat' dir='ltr'>totam</span> <span class='ocrx_word' id='word_1_378' title='bbox 1982 3173 2168 3242; x_wconf 82' lang='lat' dir='ltr'>divinitatis</span> 
     </span>
     <span class='ocr_line' id='line_1_32' title="bbox 151 3255 2191 3343; baseline 0.001 -18"><span class='ocrx_word' id='word_1_379' title='bbox 151 3271 185 3325; x_wconf 88' lang='lat' dir='ltr'>et</span> <span class='ocrx_word' id='word_1_380' title='bbox 206 3280 277 3338; x_wconf 90' lang='lat' dir='ltr'>nos,</span> <span class='ocrx_word' id='word_1_381' title='bbox 301 3260 400 3324; x_wconf 91' lang='lat' dir='ltr'>verbo</span> <span class='ocrx_word' id='word_1_382' title='bbox 423 3266 456 3322; x_wconf 92' lang='lat' dir='ltr'>et</span> <span class='ocrx_word' id='word_1_383' title='bbox 477 3259 595 3340; x_wconf 84' lang='lat' dir='ltr'>spiritu</span> <span class='ocrx_word' id='word_1_384' title='bbox 616 3258 681 3322; x_wconf 91' lang='lat' dir='ltr'>Dei</span> <span class='ocrx_word' id='word_1_385' title='bbox 698 3266 816 3322; x_wconf 90' lang='lat' dir='ltr'>cuncta</span> <span class='ocrx_word' id='word_1_386' title='bbox 835 3266 959 3322; x_wconf 90' lang='lat' dir='ltr'>creata:</span> <span class='ocrx_word' id='word_1_387' title='bbox 983 3255 1040 3321; x_wconf 90' lang='lat' dir='ltr'>sed</span> <span class='ocrx_word' id='word_1_388' title='bbox 1058 3277 1132 3322; x_wconf 79' lang='lat' dir='ltr'>rer·</span> <span class='ocrx_word' id='word_1_389' title='bbox 1183 3264 1341 3340; x_wconf 90' lang='lat' dir='ltr'>paternae</span> <span class='ocrx_word' id='word_1_390' title='bbox 1369 3257 1544 3321; x_wconf 73' lang='lat' dir='ltr'>amentiam</span> <span class='ocrx_word' id='word_1_391' title='bbox 1577 3279 1615 3323; x_wconf 89' lang='lat' dir='ltr'>ao</span> <span class='ocrx_word' id='word_1_392' title='bbox 1650 3267 1804 3324; x_wconf 87' lang='lat' dir='ltr'>naturam</span> <span class='ocrx_word' id='word_1_393' title='bbox 1837 3261 1873 3325; x_wconf 93' lang='lat' dir='ltr'>in</span> <span class='ocrx_word' id='word_1_394' title='bbox 1900 3282 1935 3325; x_wconf 91' lang='lat' dir='ltr'>se</span> <span class='ocrx_word' id='word_1_395' title='bbox 1964 3258 2107 3343; x_wconf 90' lang='lat' dir='ltr'>possidet</span> <span class='ocrx_word' id='word_1_396' title='bbox 2128 3280 2191 3328; x_wconf 74' lang='lat' dir='ltr'>acv</span> 
     </span>
    </p>
   </div>
   <div class='ocr_carea' id='block_1_4' title="bbox 1571 1382 1773 1389">
    <p class='ocr_par' dir='ltr' id='par_1_4' title="bbox 1571 1382 1773 1389">
     <span class='ocr_line' id='line_1_33' title="bbox 1571 1382 1773 1389; baseline 0.005 -1"><span class='ocrx_word' id='word_1_397' title='bbox 1571 1382 1773 1389; x_wconf 50' lang='grc' dir='ltr'>μ*-</span> 
     </span>
    </p>
   </div>
   <div class='ocr_carea' id='block_1_5' title="bbox 1656 1685 1700 1749">
    <p class='ocr_par' dir='ltr' id='par_1_5' title="bbox 1656 1685 1700 1749">
     <span class='ocr_line' id='line_1_34' title="bbox 1656 1685 1700 1749; baseline 0.023 -1"><span class='ocrx_word' id='word_1_398' title='bbox 1656 1685 1700 1749; x_wconf 84' lang='lat' dir='ltr'>IL</span> 
     </span>
    </p>
   </div>
   <div class='ocr_carea' id='block_1_6' title="bbox 151 3343 2288 3429">
    <p class='ocr_par' dir='ltr' id='par_1_6' title="bbox 151 3343 2288 3429">
     <span class='ocr_line' id='line_1_35' title="bbox 151 3343 2288 3429; baseline 0.001 -20"><span class='ocrx_word' id='word_1_399' title='bbox 151 3345 229 3411; x_wconf 90' lang='lat' dir='ltr'>bum</span> <span class='ocrx_word' id='word_1_400' title='bbox 257 3353 292 3423; x_wconf 77' lang='lat' dir='ltr'>ct</span> <span class='ocrx_word' id='word_1_401' title='bbox 320 3345 473 3428; x_wconf 90' lang='lat' dir='ltr'>spiritum</span> <span class='ocrx_word' id='word_1_402' title='bbox 499 3352 687 3408; x_wconf 88' lang='lat' dir='ltr'>coaeternos</span> <span class='ocrx_word' id='word_1_403' title='bbox 714 3345 910 3408; x_wconf 87' lang='lat' dir='ltr'>confitemur</span> <span class='ocrx_word' id='word_1_404' title='bbox 936 3346 1035 3426; x_wconf 90' lang='lat' dir='ltr'>patri:</span> <span class='ocrx_word' id='word_1_405' title='bbox 1072 3363 1132 3408; x_wconf 88' lang='lat' dir='ltr'>noc</span> <span class='ocrx_word' id='word_1_406' title='bbox 1184 3343 1421 3425; x_wconf 77' lang='lat' dir='ltr'>complectitur,</span> <span class='ocrx_word' id='word_1_407' title='bbox 1444 3351 1532 3406; x_wconf 89' lang='lat' dir='ltr'>recte</span> <span class='ocrx_word' id='word_1_408' title='bbox 1554 3353 1588 3407; x_wconf 90' lang='lat' dir='ltr'>et</span> <span class='ocrx_word' id='word_1_409' title='bbox 1608 3345 1695 3409; x_wconf 90' lang='lat' dir='ltr'>filius</span> <span class='ocrx_word' id='word_1_410' title='bbox 1718 3345 1838 3410; x_wconf 90' lang='lat' dir='ltr'>dicitur</span> <span class='ocrx_word' id='word_1_411' title='bbox 1855 3348 1919 3412; x_wconf 87' lang='lat' dir='ltr'>Dei</span> <span class='ocrx_word' id='word_1_412' title='bbox 1941 3348 2055 3429; x_wconf 87' lang='lat' dir='ltr'>patris.</span> <span class='ocrx_word' id='word_1_413' title='bbox 2088 3346 2167 3411; x_wconf 87' lang='lat' dir='ltr'>Non</span> <span class='ocrx_word' id='word_1_414' title='bbox 2283 3377 2288 3386; x_wconf 89' lang='lat'><strong>·</strong></span> 
     </span>
    </p>
   </div>
   <div class='ocr_carea' id='block_1_7' title="bbox 69 3427 2166 5312">
    <p class='ocr_par' dir='ltr' id='par_1_7' title="bbox 69 3427 2166 5220">
     <span class='ocr_line' id='line_1_36' title="bbox 152 3427 2166 3515; baseline 0 -19"><span class='ocrx_word' id='word_1_415' title='bbox 152 3431 323 3496; x_wconf 83' lang='lat' dir='ltr'>horremus</span> <span class='ocrx_word' id='word_1_416' title='bbox 353 3428 476 3506; x_wconf 89' lang='lat' dir='ltr'>dicere,</span> <span class='ocrx_word' id='word_1_417' title='bbox 512 3429 599 3512; x_wconf 89' lang='lat' dir='ltr'>quod</span> <span class='ocrx_word' id='word_1_418' title='bbox 630 3451 689 3511; x_wconf 89' lang='lat' dir='ltr'>per</span> <span class='ocrx_word' id='word_1_419' title='bbox 721 3429 825 3493; x_wconf 90' lang='lat' dir='ltr'>filium</span> <span class='ocrx_word' id='word_1_420' title='bbox 856 3450 952 3493; x_wconf 90' lang='lat' dir='ltr'>suum</span> <span class='ocrx_word' id='word_1_421' title='bbox 988 3427 1133 3492; x_wconf 90' lang='lat' dir='ltr'>condidit</span> <span class='ocrx_word' id='word_1_422' title='bbox 1183 3430 1271 3492; x_wconf 89' lang='lat' dir='ltr'>enirn</span> <span class='ocrx_word' id='word_1_423' title='bbox 1295 3428 1395 3492; x_wconf 90' lang='lat' dir='ltr'>solius</span> <span class='ocrx_word' id='word_1_424' title='bbox 1416 3429 1524 3493; x_wconf 87' lang='lat' dir='ltr'>carnis</span> <span class='ocrx_word' id='word_1_425' title='bbox 1551 3439 1602 3493; x_wconf 90' lang='lat' dir='ltr'>est</span> <span class='ocrx_word' id='word_1_426' title='bbox 1625 3432 1725 3495; x_wconf 90' lang='lat' dir='ltr'>nasci.</span> <span class='ocrx_word' id='word_1_427' title='bbox 1767 3437 1823 3496; x_wconf 87' lang='lat' dir='ltr'>An</span> <span class='ocrx_word' id='word_1_428' title='bbox 1845 3453 1913 3496; x_wconf 89' lang='lat' dir='ltr'>non</span> <span class='ocrx_word' id='word_1_429' title='bbox 1935 3432 2035 3515; x_wconf 84' lang='lat' dir='ltr'>legis:</span> <span class='ocrx_word' id='word_1_430' title='bbox 2068 3431 2166 3513; x_wconf 80' lang='lat' dir='ltr'>Quod</span> 
     </span>
     <span class='ocr_line' id='line_1_37' title="bbox 151 3514 2166 3597; baseline 0 -16"><span class='ocrx_word' id='word_1_431' title='bbox 151 3516 271 3581; x_wconf 89' lang='lat' dir='ltr'>omnia.</span> <span class='ocrx_word' id='word_1_432' title='bbox 294 3553 336 3563; x_wconf 91' lang='lat'><em>-</em></span> <span class='ocrx_word' id='word_1_433' title='bbox 358 3516 519 3579; x_wconf 79' lang='lat' dir='ltr'>Fatemur</span> <span class='ocrx_word' id='word_1_434' title='bbox 548 3523 581 3580; x_wconf 90' lang='lat' dir='ltr'>et</span> <span class='ocrx_word' id='word_1_435' title='bbox 609 3536 668 3578; x_wconf 90' lang='lat' dir='ltr'>nos</span> <span class='ocrx_word' id='word_1_436' title='bbox 690 3535 794 3578; x_wconf 92' lang='lat' dir='ltr'>unum</span> <span class='ocrx_word' id='word_1_437' title='bbox 815 3514 997 3579; x_wconf 91' lang='lat' dir='ltr'>Dominum</span> <span class='ocrx_word' id='word_1_438' title='bbox 1019 3514 1132 3578; x_wconf 88' lang='lat' dir='ltr'>Iesum</span> <span class='ocrx_word' id='word_1_439' title='bbox 1183 3522 1297 3580; x_wconf 89' lang='lat' dir='ltr'>natum</span> <span class='ocrx_word' id='word_1_440' title='bbox 1315 3524 1424 3578; x_wconf 83' lang='lat' dir='ltr'>estex</span> <span class='ocrx_word' id='word_1_441' title='bbox 1447 3515 1574 3597; x_wconf 87' lang='lat' dir='ltr'>spiritu,</span> <span class='ocrx_word' id='word_1_442' title='bbox 1598 3515 1732 3597; x_wconf 88' lang='lat' dir='ltr'>spiritus</span> <span class='ocrx_word' id='word_1_443' title='bbox 1751 3517 1823 3582; x_wconf 82' lang='lat' dir='ltr'>est?</span> <span class='ocrx_word' id='word_1_444' title='bbox 1868 3518 2057 3583; x_wconf 72' lang='lat' dir='ltr'>Natiuitatis</span> <span class='ocrx_word' id='word_1_445' title='bbox 2076 3518 2166 3587; x_wconf 84' lang='lat' dir='ltr'>enirn</span> 
     </span>
     <span class='ocr_line' id='line_1_38' title="bbox 152 3599 2166 3686; baseline 0 -18"><span class='ocrx_word' id='word_1_446' title='bbox 152 3602 323 3668; x_wconf 86' lang='lat' dir='ltr'>Christum</span> <span class='ocrx_word' id='word_1_447' title='bbox 345 3601 450 3666; x_wconf 84' lang='lat' dir='ltr'>lilium</span> <span class='ocrx_word' id='word_1_448' title='bbox 473 3601 547 3679; x_wconf 92' lang='lat' dir='ltr'>Dei,</span> <span class='ocrx_word' id='word_1_449' title='bbox 577 3601 712 3683; x_wconf 87' lang='lat' dir='ltr'>spiritns</span> <span class='ocrx_word' id='word_1_450' title='bbox 735 3602 837 3664; x_wconf 85' lang='lat' dir='ltr'>sancti</span> <span class='ocrx_word' id='word_1_451' title='bbox 859 3601 1047 3682; x_wconf 88' lang='lat' dir='ltr'>operatione</span> <span class='ocrx_word' id='word_1_452' title='bbox 1069 3600 1131 3663; x_wconf 90' lang='lat' dir='ltr'>mi-</span> <span class='ocrx_word' id='word_1_453' title='bbox 1183 3608 1217 3663; x_wconf 93' lang='lat' dir='ltr'>et</span> <span class='ocrx_word' id='word_1_454' title='bbox 1237 3599 1403 3664; x_wconf 87' lang='lat' dir='ltr'>filiationis</span> <span class='ocrx_word' id='word_1_455' title='bbox 1425 3612 1483 3677; x_wconf 88' lang='lat' dir='ltr'>est,</span> <span class='ocrx_word' id='word_1_456' title='bbox 1507 3607 1660 3664; x_wconf 86' lang='lat' dir='ltr'>naturam</span> <span class='ocrx_word' id='word_1_457' title='bbox 1707 3602 1850 3686; x_wconf 84' lang='lat' dir='ltr'>’guentis</span> <span class='ocrx_word' id='word_1_458' title='bbox 1871 3605 2008 3668; x_wconf 84' lang='lat' dir='ltr'>referre:</span> <span class='ocrx_word' id='word_1_459' title='bbox 2041 3609 2077 3667; x_wconf 90' lang='lat' dir='ltr'>et</span> <span class='ocrx_word' id='word_1_460' title='bbox 2098 3623 2166 3668; x_wconf 92' lang='lat' dir='ltr'>non</span> 
     </span>
     <span class='ocr_line' id='line_1_39' title="bbox 151 3684 2165 3770; baseline 0 -17"><span class='ocrx_word' id='word_1_461' title='bbox 151 3689 244 3753; x_wconf 87' lang='lat' dir='ltr'>rifica</span> <span class='ocrx_word' id='word_1_462' title='bbox 264 3695 471 3770; x_wconf 87' lang='lat' dir='ltr'>conceptum:</span> <span class='ocrx_word' id='word_1_463' title='bbox 495 3686 646 3751; x_wconf 87' lang='lat' dir='ltr'>sedante</span> <span class='ocrx_word' id='word_1_464' title='bbox 667 3687 912 3767; x_wconf 85' lang='lat' dir='ltr'>conceptionem</span> <span class='ocrx_word' id='word_1_465' title='bbox 934 3685 1040 3750; x_wconf 87' lang='lat' dir='ltr'>tilium</span> <span class='ocrx_word' id='word_1_466' title='bbox 1057 3686 1131 3750; x_wconf 84' lang='lat' dir='ltr'>Dei.</span> <span class='ocrx_word' id='word_1_467' title='bbox 1183 3684 1288 3750; x_wconf 88' lang='lat' dir='ltr'>solum</span> <span class='ocrx_word' id='word_1_468' title='bbox 1319 3685 1449 3762; x_wconf 88' lang='lat' dir='ltr'>carnale</span> <span class='ocrx_word' id='word_1_469' title='bbox 1483 3686 1613 3750; x_wconf 91' lang='lat' dir='ltr'>initium</span> <span class='ocrx_word' id='word_1_470' title='bbox 1646 3685 1691 3751; x_wconf 90' lang='lat' dir='ltr'>ha</span> <span class='ocrx_word' id='word_1_471' title='bbox 1714 3708 1777 3752; x_wconf 89' lang='lat' dir='ltr'>ere.</span> <span class='ocrx_word' id='word_1_472' title='bbox 1833 3687 1928 3755; x_wconf 79' lang='lat' dir='ltr'>Sicut</span> <span class='ocrx_word' id='word_1_473' title='bbox 1960 3696 1994 3753; x_wconf 90' lang='lat' dir='ltr'>et</span> <span class='ocrx_word' id='word_1_474' title='bbox 2025 3687 2165 3754; x_wconf 84' lang='lat' dir='ltr'>verbum</span> 
     </span>
     <span class='ocr_line' id='line_1_40' title="bbox 152 3769 2166 3856; baseline 0 -18"><span class='ocrx_word' id='word_1_475' title='bbox 152 3774 238 3838; x_wconf 87' lang='lat' dir='ltr'>Nam</span> <span class='ocrx_word' id='word_1_476' title='bbox 256 3773 407 3856; x_wconf 88' lang='lat' dir='ltr'>quamvis</span> <span class='ocrx_word' id='word_1_477' title='bbox 425 3772 522 3836; x_wconf 93' lang='lat' dir='ltr'>homo</span> <span class='ocrx_word' id='word_1_478' title='bbox 533 3771 620 3836; x_wconf 90' lang='lat' dir='ltr'>filius</span> <span class='ocrx_word' id='word_1_479' title='bbox 632 3771 694 3836; x_wconf 91' lang='lat' dir='ltr'>Dei</span> <span class='ocrx_word' id='word_1_480' title='bbox 713 3792 783 3836; x_wconf 86' lang='lat' dir='ltr'>esse</span> <span class='ocrx_word' id='word_1_481' title='bbox 799 3773 915 3854; x_wconf 92' lang='lat' dir='ltr'>coepit,</span> <span class='ocrx_word' id='word_1_482' title='bbox 937 3792 1004 3835; x_wconf 92' lang='lat' dir='ltr'>non</span> <span class='ocrx_word' id='word_1_483' title='bbox 1022 3778 1133 3836; x_wconf 87' lang='lat' dir='ltr'>tamen</span> <span class='ocrx_word' id='word_1_484' title='bbox 1184 3792 1262 3834; x_wconf 87' lang='lat' dir='ltr'>vere</span> <span class='ocrx_word' id='word_1_485' title='bbox 1289 3769 1422 3848; x_wconf 90' lang='lat' dir='ltr'>dicitur,</span> <span class='ocrx_word' id='word_1_486' title='bbox 1452 3771 1541 3852; x_wconf 63' lang='lat' dir='ltr'>qnod,</span> <span class='ocrx_word' id='word_1_487' title='bbox 1567 3783 1711 3837; x_wconf 84' lang='lat' dir='ltr'>mentem</span> <span class='ocrx_word' id='word_1_488' title='bbox 1742 3773 1902 3854; x_wconf 87' lang='lat' dir='ltr'>declarat,</span> <span class='ocrx_word' id='word_1_489' title='bbox 1925 3775 2054 3840; x_wconf 88' lang='lat' dir='ltr'>etiamsi</span> <span class='ocrx_word' id='word_1_490' title='bbox 2081 3775 2166 3839; x_wconf 89' lang='lat' dir='ltr'>citra</span> 
     </span>
     <span class='ocr_line' id='line_1_41' title="bbox 152 3855 2166 3942; baseline 0 -20"><span class='ocrx_word' id='word_1_491' title='bbox 152 3858 273 3923; x_wconf 89' lang='lat' dir='ltr'>idcirco</span> <span class='ocrx_word' id='word_1_492' title='bbox 296 3866 393 3922; x_wconf 86' lang='lat' dir='ltr'>autoa</span> <span class='ocrx_word' id='word_1_493' title='bbox 416 3879 482 3922; x_wconf 91' lang='lat' dir='ltr'>non</span> <span class='ocrx_word' id='word_1_494' title='bbox 503 3857 566 3921; x_wconf 81' lang='lat' dir='ltr'>tuit</span> <span class='ocrx_word' id='word_1_495' title='bbox 586 3857 673 3922; x_wconf 88' lang='lat' dir='ltr'>filius</span> <span class='ocrx_word' id='word_1_496' title='bbox 696 3857 769 3934; x_wconf 89' lang='lat' dir='ltr'>Dei,</span> <span class='ocrx_word' id='word_1_497' title='bbox 792 3855 950 3926; x_wconf 81' lang='lat' dir='ltr'>Verbum.</span> <span class='ocrx_word' id='word_1_498' title='bbox 972 3892 1013 3902; x_wconf 91' lang='lat'>-</span> <span class='ocrx_word' id='word_1_499' title='bbox 1030 3856 1131 3921; x_wconf 83' lang='lat' dir='ltr'>Fate-</span> <span class='ocrx_word' id='word_1_500' title='bbox 1182 3858 1374 3921; x_wconf 84' lang='lat' dir='ltr'>fractionem</span> <span class='ocrx_word' id='word_1_501' title='bbox 1397 3857 1483 3921; x_wconf 88' lang='lat' dir='ltr'>aeris</span> <span class='ocrx_word' id='word_1_502' title='bbox 1505 3865 1538 3921; x_wconf 88' lang='lat' dir='ltr'>et</span> <span class='ocrx_word' id='word_1_503' title='bbox 1559 3860 1675 3922; x_wconf 88' lang='lat' dir='ltr'>flatum</span> <span class='ocrx_word' id='word_1_504' title='bbox 1696 3878 1888 3942; x_wconf 91' lang='lat' dir='ltr'>corporeum</span> <span class='ocrx_word' id='word_1_505' title='bbox 1910 3862 1976 3925; x_wconf 91' lang='lat' dir='ltr'>fiat.</span> <span class='ocrx_word' id='word_1_506' title='bbox 2020 3860 2073 3924; x_wconf 86' lang='lat' dir='ltr'>Ita</span> <span class='ocrx_word' id='word_1_507' title='bbox 2093 3861 2166 3926; x_wconf 88' lang='lat' dir='ltr'>ubi·</span> 
     </span>
     <span class='ocr_line' id='line_1_42' title="bbox 151 3941 2165 4025; baseline 0.001 -18"><span class='ocrx_word' id='word_1_508' title='bbox 151 3967 227 4009; x_wconf 87' lang='lat' dir='ltr'>mur</span> <span class='ocrx_word' id='word_1_509' title='bbox 245 3955 278 4009; x_wconf 88' lang='lat' dir='ltr'>ct</span> <span class='ocrx_word' id='word_1_510' title='bbox 294 3944 387 4008; x_wconf 91' lang='lat' dir='ltr'>nobis</span> <span class='ocrx_word' id='word_1_511' title='bbox 399 3943 613 4009; x_wconf 89' lang='lat' dir='ltr'>constitutum</span> <span class='ocrx_word' id='word_1_512' title='bbox 629 3941 836 4019; x_wconf 86' lang='lat' dir='ltr'>salvatorem,</span> <span class='ocrx_word' id='word_1_513' title='bbox 856 3950 889 4006; x_wconf 92' lang='lat' dir='ltr'>et</span> <span class='ocrx_word' id='word_1_514' title='bbox 900 3944 1131 4007; x_wconf 88' lang='lat' dir='ltr'>intercessione</span> <span class='ocrx_word' id='word_1_515' title='bbox 1184 3962 1246 4025; x_wconf 91' lang='lat' dir='ltr'>que</span> <span class='ocrx_word' id='word_1_516' title='bbox 1267 3949 1301 4005; x_wconf 92' lang='lat' dir='ltr'>et</span> <span class='ocrx_word' id='word_1_517' title='bbox 1318 3941 1485 4006; x_wconf 83' lang='lat' dir='ltr'>irenaeus:</span> <span class='ocrx_word' id='word_1_518' title='bbox 1515 3943 1562 4007; x_wconf 86' lang='lat' dir='ltr'>Et</span> <span class='ocrx_word' id='word_1_519' title='bbox 1580 3944 1737 4025; x_wconf 90' lang='lat' dir='ltr'>quoniam</span> <span class='ocrx_word' id='word_1_520' title='bbox 1759 3946 1912 4023; x_wconf 87' lang='lat' dir='ltr'>verbum,</span> <span class='ocrx_word' id='word_1_521' title='bbox 1936 3946 1971 4010; x_wconf 92' lang='lat' dir='ltr'>id</span> <span class='ocrx_word' id='word_1_522' title='bbox 1993 3954 2052 4023; x_wconf 90' lang='lat' dir='ltr'>est,</span> <span class='ocrx_word' id='word_1_523' title='bbox 2075 3945 2165 4011; x_wconf 88' lang='lat' dir='ltr'>filius</span> 
     </span>
     <span class='ocr_line' id='line_1_43' title="bbox 151 4027 2163 4112; baseline 0 -19"><span class='ocrx_word' id='word_1_524' title='bbox 151 4031 222 4094; x_wconf 90' lang='lat' dir='ltr'>eius</span> <span class='ocrx_word' id='word_1_525' title='bbox 244 4029 396 4111; x_wconf 90' lang='lat' dir='ltr'>spiritum</span> <span class='ocrx_word' id='word_1_526' title='bbox 420 4038 569 4094; x_wconf 90' lang='lat' dir='ltr'>sanctum</span> <span class='ocrx_word' id='word_1_527' title='bbox 592 4036 723 4110; x_wconf 82' lang='lat' dir='ltr'>epatre</span> <span class='ocrx_word' id='word_1_528' title='bbox 745 4027 846 4092; x_wconf 89' lang='lat' dir='ltr'>mitti:</span> <span class='ocrx_word' id='word_1_529' title='bbox 871 4027 928 4092; x_wconf 90' lang='lat' dir='ltr'>sed</span> <span class='ocrx_word' id='word_1_530' title='bbox 949 4028 1032 4106; x_wconf 90' lang='lat' dir='ltr'>ideo,</span> <span class='ocrx_word' id='word_1_531' title='bbox 1055 4029 1132 4111; x_wconf 91' lang='lat' dir='ltr'>quia</span> <span class='ocrx_word' id='word_1_532' title='bbox 1183 4048 1311 4111; x_wconf 90' lang='lat' dir='ltr'>semper</span> <span class='ocrx_word' id='word_1_533' title='bbox 1333 4049 1408 4094; x_wconf 91' lang='lat' dir='ltr'>cnm</span> <span class='ocrx_word' id='word_1_534' title='bbox 1424 4037 1519 4111; x_wconf 88' lang='lat' dir='ltr'>patre</span> <span class='ocrx_word' id='word_1_535' title='bbox 1537 4041 1617 4106; x_wconf 85' lang='lat' dir='ltr'>erat,</span> <span class='ocrx_word' id='word_1_536' title='bbox 1645 4051 1704 4112; x_wconf 90' lang='lat' dir='ltr'>per</span> <span class='ocrx_word' id='word_1_537' title='bbox 1725 4031 1830 4095; x_wconf 86' lang='lat' dir='ltr'>multa</span> <span class='ocrx_word' id='word_1_538' title='bbox 1854 4031 2163 4097; x_wconf 84' lang='lat' dir='ltr'>demonstravimus.</span> 
     </span>
     <span class='ocr_line' id='line_1_44' title="bbox 150 4113 2166 4200; baseline 0 -20"><span class='ocrx_word' id='word_1_539' title='bbox 150 4117 222 4198; x_wconf 90' lang='lat' dir='ltr'>ipse</span> <span class='ocrx_word' id='word_1_540' title='bbox 249 4114 338 4180; x_wconf 90' lang='lat' dir='ltr'>filius</span> <span class='ocrx_word' id='word_1_541' title='bbox 368 4113 431 4178; x_wconf 90' lang='lat' dir='ltr'>Dei</span> <span class='ocrx_word' id='word_1_542' title='bbox 468 4135 581 4179; x_wconf 91' lang='lat' dir='ltr'>semen</span> <span class='ocrx_word' id='word_1_543' title='bbox 608 4113 762 4179; x_wconf 85' lang='lat' dir='ltr'>Abrahae</span> <span class='ocrx_word' id='word_1_544' title='bbox 797 4115 991 4196; x_wconf 86' lang='lat' dir='ltr'>assumpsit,</span> <span class='ocrx_word' id='word_1_545' title='bbox 1026 4115 1131 4178; x_wconf 75' lang='lat' dir='ltr'>tactus</span> <span class='ocrx_word' id='word_1_546' title='bbox 1183 4113 1289 4178; x_wconf 86' lang='lat' dir='ltr'>Adest</span> <span class='ocrx_word' id='word_1_547' title='bbox 1310 4115 1398 4178; x_wconf 93' lang='lat' dir='ltr'>cnim</span> <span class='ocrx_word' id='word_1_548' title='bbox 1421 4117 1452 4178; x_wconf 91' lang='lat' dir='ltr'>ei</span> <span class='ocrx_word' id='word_1_549' title='bbox 1473 4134 1603 4197; x_wconf 87' lang='lat' dir='ltr'>semper</span> <span class='ocrx_word' id='word_1_550' title='bbox 1620 4116 1759 4181; x_wconf 89' lang='lat' dir='ltr'>verbum</span> <span class='ocrx_word' id='word_1_551' title='bbox 1777 4124 1811 4180; x_wconf 90' lang='lat' dir='ltr'>et</span> <span class='ocrx_word' id='word_1_552' title='bbox 1829 4118 1997 4200; x_wconf 81' lang='lat' dir='ltr'>sapientia,</span> <span class='ocrx_word' id='word_1_553' title='bbox 2020 4117 2108 4181; x_wconf 89' lang='lat' dir='ltr'>filius</span> <span class='ocrx_word' id='word_1_554' title='bbox 2131 4127 2166 4182; x_wconf 90' lang='lat' dir='ltr'>et</span> 
     </span>
     <span class='ocr_line' id='line_1_45' title="bbox 69 4200 2166 4283; baseline 0.003 -24"><span class='ocrx_word' id='word_1_555' title='bbox 69 4248 74 4259; x_wconf 94' lang='lat'>.</span> <span class='ocrx_word' id='word_1_556' title='bbox 150 4201 313 4283; x_wconf 86' lang='lat' dir='ltr'>particeps</span> <span class='ocrx_word' id='word_1_557' title='bbox 343 4200 451 4264; x_wconf 87' lang='lat' dir='ltr'>carnis</span> <span class='ocrx_word' id='word_1_558' title='bbox 481 4209 514 4262; x_wconf 93' lang='lat' dir='ltr'>et</span> <span class='ocrx_word' id='word_1_559' title='bbox 540 4200 710 4283; x_wconf 81' lang='lat' dir='ltr'>sanguinis</span> <span class='ocrx_word' id='word_1_560' title='bbox 738 4202 856 4265; x_wconf 89' lang='lat' dir='ltr'>nostri:</span> <span class='ocrx_word' id='word_1_561' title='bbox 885 4208 923 4264; x_wconf 92' lang='lat' dir='ltr'>ut</span> <span class='ocrx_word' id='word_1_562' title='bbox 944 4200 1050 4264; x_wconf 87' lang='lat' dir='ltr'>factus</span> <span class='ocrx_word' id='word_1_563' title='bbox 1071 4219 1132 4281; x_wconf 91' lang='lat' dir='ltr'>per</span> <span class='ocrx_word' id='word_1_564' title='bbox 1183 4201 1333 4282; x_wconf 89' lang='lat' dir='ltr'>spiritus,</span> <span class='ocrx_word' id='word_1_565' title='bbox 1373 4220 1433 4282; x_wconf 88' lang='lat' dir='ltr'>per</span> <span class='ocrx_word' id='word_1_566' title='bbox 1467 4220 1547 4281; x_wconf 88' lang='lat' dir='ltr'>quos</span> <span class='ocrx_word' id='word_1_567' title='bbox 1574 4208 1608 4265; x_wconf 91' lang='lat' dir='ltr'>et</span> <span class='ocrx_word' id='word_1_568' title='bbox 1636 4202 1672 4264; x_wconf 92' lang='lat' dir='ltr'>in</span> <span class='ocrx_word' id='word_1_569' title='bbox 1704 4202 1822 4282; x_wconf 88' lang='lat' dir='ltr'>quibus</span> <span class='ocrx_word' id='word_1_570' title='bbox 1853 4204 1965 4267; x_wconf 87' lang='lat' dir='ltr'>omnia</span> <span class='ocrx_word' id='word_1_571' title='bbox 1997 4203 2098 4267; x_wconf 92' lang='lat' dir='ltr'>libere</span> <span class='ocrx_word' id='word_1_572' title='bbox 2131 4213 2166 4266; x_wconf 90' lang='lat' dir='ltr'>et</span> 
     </span>
     <span class='ocr_line' id='line_1_46' title="bbox 148 4284 2165 4368; baseline 0.001 -18"><span class='ocrx_word' id='word_1_573' title='bbox 148 4286 261 4351; x_wconf 88' lang='lat' dir='ltr'>omnia</span> <span class='ocrx_word' id='word_1_574' title='bbox 282 4285 398 4349; x_wconf 88' lang='lat' dir='ltr'>similis</span> <span class='ocrx_word' id='word_1_575' title='bbox 415 4284 581 4359; x_wconf 87' lang='lat' dir='ltr'>fratribus,</span> <span class='ocrx_word' id='word_1_576' title='bbox 604 4285 787 4349; x_wconf 87' lang='lat' dir='ltr'>misericors</span> <span class='ocrx_word' id='word_1_577' title='bbox 806 4287 857 4362; x_wconf 91' lang='lat' dir='ltr'>sit,</span> <span class='ocrx_word' id='word_1_578' title='bbox 876 4293 910 4350; x_wconf 90' lang='lat' dir='ltr'>et</span> <span class='ocrx_word' id='word_1_579' title='bbox 926 4284 1032 4350; x_wconf 89' lang='lat' dir='ltr'>fidelis</span> <span class='ocrx_word' id='word_1_580' title='bbox 1049 4306 1131 4367; x_wconf 92' lang='lat' dir='ltr'>pon·</span> <span class='ocrx_word' id='word_1_581' title='bbox 1183 4293 1301 4367; x_wconf 89' lang='lat' dir='ltr'>sponte</span> <span class='ocrx_word' id='word_1_582' title='bbox 1321 4286 1408 4362; x_wconf 80' lang='lat' dir='ltr'>fecit,</span> <span class='ocrx_word' id='word_1_583' title='bbox 1430 4285 1472 4350; x_wconf 90' lang='lat' dir='ltr'>ad</span> <span class='ocrx_word' id='word_1_584' title='bbox 1490 4306 1571 4367; x_wconf 89' lang='lat' dir='ltr'>quos</span> <span class='ocrx_word' id='word_1_585' title='bbox 1593 4294 1626 4350; x_wconf 91' lang='lat' dir='ltr'>et</span> <span class='ocrx_word' id='word_1_586' title='bbox 1654 4285 1799 4368; x_wconf 86' lang='lat' dir='ltr'>loquitur</span> <span class='ocrx_word' id='word_1_587' title='bbox 1828 4287 1953 4353; x_wconf 89' lang='lat' dir='ltr'>dicens:</span> <span class='ocrx_word' id='word_1_588' title='bbox 1987 4288 2165 4353; x_wconf 78' lang='lat' dir='ltr'>Faciamus</span> 
     </span>
     <span class='ocr_line' id='line_1_47' title="bbox 150 4370 2164 4456; baseline 0.001 -21"><span class='ocrx_word' id='word_1_589' title='bbox 150 4372 247 4450; x_wconf 77' lang='lat' dir='ltr'>tifex,</span> <span class='ocrx_word' id='word_1_590' title='bbox 276 4371 373 4435; x_wconf 88' lang='lat' dir='ltr'>iniis</span> <span class='ocrx_word' id='word_1_591' title='bbox 396 4391 477 4452; x_wconf 85' lang='lat' dir='ltr'>quae</span> <span class='ocrx_word' id='word_1_592' title='bbox 506 4371 735 4452; x_wconf 87' lang='lat' dir='ltr'>apudDoum.</span> <span class='ocrx_word' id='word_1_593' title='bbox 760 4373 928 4437; x_wconf 88' lang='lat' dir='ltr'>-Porro</span> <span class='ocrx_word' id='word_1_594' title='bbox 956 4370 1043 4453; x_wconf 88' lang='lat' dir='ltr'>quod</span> <span class='ocrx_word' id='word_1_595' title='bbox 1072 4392 1131 4453; x_wconf 90' lang='lat' dir='ltr'>per</span> <span class='ocrx_word' id='word_1_596' title='bbox 1182 4371 1350 4434; x_wconf 90' lang='lat' dir='ltr'>hominem</span> <span class='ocrx_word' id='word_1_597' title='bbox 1373 4371 1414 4433; x_wconf 89' lang='lat' dir='ltr'>ad</span> <span class='ocrx_word' id='word_1_598' title='bbox 1435 4372 1614 4454; x_wconf 82' lang='lat' dir='ltr'>imaginem</span> <span class='ocrx_word' id='word_1_599' title='bbox 1643 4382 1805 4450; x_wconf 82' lang='lat' dir='ltr'>nostrsm3</span> <span class='ocrx_word' id='word_1_600' title='bbox 1839 4375 1910 4456; x_wconf 90' lang='lat' dir='ltr'>ipse</span> <span class='ocrx_word' id='word_1_601' title='bbox 1937 4396 1957 4438; x_wconf 86' lang='lat' dir='ltr'>a</span> <span class='ocrx_word' id='word_1_602' title='bbox 1986 4374 2164 4456; x_wconf 91' lang='lat' dir='ltr'>semetipso</span> 
     </span>
     <span class='ocr_line' id='line_1_48' title="bbox 150 4455 2166 4542; baseline 0 -21"><span class='ocrx_word' id='word_1_603' title='bbox 150 4456 369 4521; x_wconf 88' lang='lat' dir='ltr'>ministerium</span> <span class='ocrx_word' id='word_1_604' title='bbox 393 4455 586 4540; x_wconf 87' lang='lat' dir='ltr'>angelorum</span> <span class='ocrx_word' id='word_1_605' title='bbox 608 4456 743 4537; x_wconf 89' lang='lat' dir='ltr'>spiritus</span> <span class='ocrx_word' id='word_1_606' title='bbox 773 4466 906 4521; x_wconf 89' lang='lat' dir='ltr'>sanctus</span> <span class='ocrx_word' id='word_1_607' title='bbox 934 4456 1130 4521; x_wconf 88' lang='lat' dir='ltr'>concedatur</span> <span class='ocrx_word' id='word_1_608' title='bbox 1182 4457 1399 4522; x_wconf 85' lang='lat' dir='ltr'>substantiam</span> <span class='ocrx_word' id='word_1_609' title='bbox 1422 4464 1655 4534; x_wconf 89' lang='lat' dir='ltr'>creaturarum,</span> <span class='ocrx_word' id='word_1_610' title='bbox 1678 4468 1711 4522; x_wconf 90' lang='lat' dir='ltr'>et</span> <span class='ocrx_word' id='word_1_611' title='bbox 1733 4461 1919 4542; x_wconf 86' lang='lat' dir='ltr'>exemplum</span> <span class='ocrx_word' id='word_1_612' title='bbox 1941 4460 2111 4538; x_wconf 69' lang='lat' dir='ltr'>lectonam,</span> <span class='ocrx_word' id='word_1_613' title='bbox 2131 4469 2166 4523; x_wconf 89' lang='lat' dir='ltr'>et</span> 
     </span>
     <span class='ocr_line' id='line_1_49' title="bbox 149 4541 2165 4628; baseline 0.001 -21"><span class='ocrx_word' id='word_1_614' title='bbox 149 4542 261 4618; x_wconf 86' lang='lat' dir='ltr'>nobis,</span> <span class='ocrx_word' id='word_1_615' title='bbox 297 4543 394 4606; x_wconf 86' lang='lat' dir='ltr'>etiam</span> <span class='ocrx_word' id='word_1_616' title='bbox 433 4542 540 4625; x_wconf 90' lang='lat' dir='ltr'>ipsum</span> <span class='ocrx_word' id='word_1_617' title='bbox 579 4543 664 4624; x_wconf 88' lang='lat' dir='ltr'>sapit</span> <span class='ocrx_word' id='word_1_618' title='bbox 693 4542 802 4607; x_wconf 87' lang='lat' dir='ltr'>nescio</span> <span class='ocrx_word' id='word_1_619' title='bbox 830 4543 916 4625; x_wconf 91' lang='lat' dir='ltr'>quid.</span> <span class='ocrx_word' id='word_1_620' title='bbox 968 4541 1129 4625; x_wconf 84' lang='lat' dir='ltr'>Spiritum</span> <span class='ocrx_word' id='word_1_621' title='bbox 1182 4544 1322 4626; x_wconf 85' lang='lat' dir='ltr'>figuram</span> <span class='ocrx_word' id='word_1_622' title='bbox 1351 4544 1387 4606; x_wconf 93' lang='lat' dir='ltr'>in</span> <span class='ocrx_word' id='word_1_623' title='bbox 1408 4542 1532 4607; x_wconf 91' lang='lat' dir='ltr'>mundo</span> <span class='ocrx_word' id='word_1_624' title='bbox 1555 4552 1821 4608; x_wconf 89' lang='lat' dir='ltr'>ornamentorum</span> <span class='ocrx_word' id='word_1_625' title='bbox 1843 4545 2016 4628; x_wconf 86' lang='lat' dir='ltr'>accipiens.</span> <span class='ocrx_word' id='word_1_626' title='bbox 2060 4545 2108 4609; x_wconf 73' lang='lat' dir='ltr'>lat</span> <span class='ocrx_word' id='word_1_627' title='bbox 2128 4545 2165 4609; x_wconf 93' lang='lat' dir='ltr'>in</span> 
     </span>
     <span class='ocr_line' id='line_1_50' title="bbox 149 4627 2165 4713; baseline 0 -21"><span class='ocrx_word' id='word_1_628' title='bbox 149 4629 239 4692; x_wconf 92' lang='lat' dir='ltr'>enim</span> <span class='ocrx_word' id='word_1_629' title='bbox 261 4638 412 4692; x_wconf 90' lang='lat' dir='ltr'>sanctum</span> <span class='ocrx_word' id='word_1_630' title='bbox 432 4649 491 4692; x_wconf 92' lang='lat' dir='ltr'>nos</span> <span class='ocrx_word' id='word_1_631' title='bbox 510 4627 692 4691; x_wconf 91' lang='lat' dir='ltr'>Dominum</span> <span class='ocrx_word' id='word_1_632' title='bbox 715 4627 852 4693; x_wconf 87' lang='lat' dir='ltr'>dicimus</span> <span class='ocrx_word' id='word_1_633' title='bbox 874 4628 1073 4712; x_wconf 81' lang='lat' dir='ltr'>augelorum,</span> <span class='ocrx_word' id='word_1_634' title='bbox 1098 4638 1131 4693; x_wconf 91' lang='lat' dir='ltr'>et</span> <span class='ocrx_word' id='word_1_635' title='bbox 1182 4628 1310 4705; x_wconf 89' lang='lat' dir='ltr'>codem,</span> <span class='ocrx_word' id='word_1_636' title='bbox 1338 4627 1421 4693; x_wconf 92' lang='lat' dir='ltr'>libro</span> <span class='ocrx_word' id='word_1_637' title='bbox 1441 4634 1471 4708; x_wconf 81' lang='lat'>4,</span> <span class='ocrx_word' id='word_1_638' title='bbox 1491 4648 1560 4711; x_wconf 86' lang='lat' dir='ltr'>cap.</span> <span class='ocrx_word' id='word_1_639' title='bbox 1588 4633 1642 4691; x_wconf 84' lang='lat'>17:</span> <span class='ocrx_word' id='word_1_640' title='bbox 1668 4630 1810 4713; x_wconf 89' lang='lat' dir='ltr'>Propter</span> <span class='ocrx_word' id='word_1_641' title='bbox 1831 4630 1892 4696; x_wconf 92' lang='lat' dir='ltr'>hoc</span> <span class='ocrx_word' id='word_1_642' title='bbox 1914 4629 2028 4696; x_wconf 85' lang='lat' dir='ltr'>Iudaei</span> <span class='ocrx_word' id='word_1_643' title='bbox 2050 4651 2165 4695; x_wconf 85' lang='lat' dir='ltr'>exces-</span> 
     </span>
     <span class='ocr_line' id='line_1_51' title="bbox 151 4711 2165 4800; baseline 0.001 -22"><span class='ocrx_word' id='word_1_644' title='bbox 151 4711 285 4796; x_wconf 85' lang='lat' dir='ltr'>angelos</span> <span class='ocrx_word' id='word_1_645' title='bbox 312 4733 436 4796; x_wconf 85' lang='lat' dir='ltr'>regere,</span> <span class='ocrx_word' id='word_1_646' title='bbox 464 4734 562 4796; x_wconf 87' lang='lat' dir='ltr'>seque</span> <span class='ocrx_word' id='word_1_647' title='bbox 591 4715 698 4796; x_wconf 90' lang='lat' dir='ltr'>ipsum</span> <span class='ocrx_word' id='word_1_648' title='bbox 727 4713 905 4779; x_wconf 88' lang='lat' dir='ltr'>insinuare.</span> <span class='ocrx_word' id='word_1_649' title='bbox 929 4752 972 4761; x_wconf 94' lang='grc'>-</span> <span class='ocrx_word' id='word_1_650' title='bbox 995 4714 1129 4779; x_wconf 86' lang='lat' dir='ltr'>Glorifi-</span> <span class='ocrx_word' id='word_1_651' title='bbox 1182 4724 1296 4779; x_wconf 88' lang='lat' dir='ltr'>serunt</span> <span class='ocrx_word' id='word_1_652' title='bbox 1319 4715 1437 4792; x_wconf 89' lang='lat' dir='ltr'>aDeo,</span> <span class='ocrx_word' id='word_1_653' title='bbox 1461 4713 1600 4778; x_wconf 82' lang='lat' dir='ltr'>verbum</span> <span class='ocrx_word' id='word_1_654' title='bbox 1622 4715 1687 4779; x_wconf 86' lang='lat' dir='ltr'>Dei</span> <span class='ocrx_word' id='word_1_655' title='bbox 1705 4736 1770 4779; x_wconf 92' lang='lat' dir='ltr'>non</span> <span class='ocrx_word' id='word_1_656' title='bbox 1793 4717 1999 4799; x_wconf 88' lang='lat' dir='ltr'>recipientes,</span> <span class='ocrx_word' id='word_1_657' title='bbox 2022 4714 2080 4781; x_wconf 89' lang='lat' dir='ltr'>sed</span> <span class='ocrx_word' id='word_1_658' title='bbox 2102 4737 2165 4800; x_wconf 88' lang='lat' dir='ltr'>pu·</span> 
     </span>
     <span class='ocr_line' id='line_1_52' title="bbox 149 4799 2165 4883; baseline 0 -20"><span class='ocrx_word' id='word_1_659' title='bbox 149 4821 262 4863; x_wconf 86' lang='lat' dir='ltr'>carnus</span> <span class='ocrx_word' id='word_1_660' title='bbox 284 4813 318 4862; x_wconf 90' lang='lat' dir='ltr'>et</span> <span class='ocrx_word' id='word_1_661' title='bbox 340 4819 399 4863; x_wconf 88' lang='lat' dir='ltr'>nos</span> <span class='ocrx_word' id='word_1_662' title='bbox 423 4799 603 4880; x_wconf 89' lang='lat' dir='ltr'>potentiam</span> <span class='ocrx_word' id='word_1_663' title='bbox 626 4807 659 4863; x_wconf 92' lang='lat' dir='ltr'>et</span> <span class='ocrx_word' id='word_1_664' title='bbox 685 4800 878 4882; x_wconf 86' lang='lat' dir='ltr'>sapientiam</span> <span class='ocrx_word' id='word_1_665' title='bbox 906 4801 941 4864; x_wconf 93' lang='lat' dir='ltr'>in</span> <span class='ocrx_word' id='word_1_666' title='bbox 970 4800 1129 4864; x_wconf 86' lang='lat' dir='ltr'>creaturis</span> <span class='ocrx_word' id='word_1_667' title='bbox 1182 4808 1292 4864; x_wconf 88' lang='lat' dir='ltr'>tantos</span> <span class='ocrx_word' id='word_1_668' title='bbox 1313 4821 1374 4883; x_wconf 92' lang='lat' dir='ltr'>per</span> <span class='ocrx_word' id='word_1_669' title='bbox 1395 4801 1549 4880; x_wconf 90' lang='lat' dir='ltr'>seipsum,</span> <span class='ocrx_word' id='word_1_670' title='bbox 1572 4807 1701 4881; x_wconf 91' lang='lat' dir='ltr'>patrem</span> <span class='ocrx_word' id='word_1_671' title='bbox 1724 4802 1795 4865; x_wconf 88' lang='lat' dir='ltr'>sine</span> <span class='ocrx_word' id='word_1_672' title='bbox 1816 4801 1927 4881; x_wconf 82' lang='lat' dir='ltr'>verbo,</span> <span class='ocrx_word' id='word_1_673' title='bbox 1949 4800 2060 4879; x_wconf 88' lang='lat' dir='ltr'>idest,</span> <span class='ocrx_word' id='word_1_674' title='bbox 2091 4802 2165 4866; x_wconf 88' lang='lat' dir='ltr'>sine</span> 
     </span>
     <span class='ocr_line' id='line_1_53' title="bbox 149 4883 2164 4971; baseline -0 -22"><span class='ocrx_word' id='word_1_675' title='bbox 149 4883 224 4962; x_wconf 89' lang='lat' dir='ltr'>Dei,</span> <span class='ocrx_word' id='word_1_676' title='bbox 247 4884 331 4948; x_wconf 88' lang='lat' dir='ltr'>absit</span> <span class='ocrx_word' id='word_1_677' title='bbox 353 4892 473 4962; x_wconf 90' lang='lat' dir='ltr'>autem,</span> <span class='ocrx_word' id='word_1_678' title='bbox 497 4896 536 4948; x_wconf 91' lang='lat' dir='ltr'>ut</span> <span class='ocrx_word' id='word_1_679' title='bbox 558 4885 664 4949; x_wconf 91' lang='lat' dir='ltr'>filium</span> <span class='ocrx_word' id='word_1_680' title='bbox 685 4894 719 4949; x_wconf 91' lang='lat' dir='ltr'>et</span> <span class='ocrx_word' id='word_1_681' title='bbox 741 4886 893 4968; x_wconf 89' lang='lat' dir='ltr'>spiritum</span> <span class='ocrx_word' id='word_1_682' title='bbox 911 4893 1071 4964; x_wconf 87' lang='lat' dir='ltr'>sanctum,</span> <span class='ocrx_word' id='word_1_683' title='bbox 1094 4886 1129 4949; x_wconf 91' lang='lat' dir='ltr'>in</span> <span class='ocrx_word' id='word_1_684' title='bbox 1181 4885 1249 4950; x_wconf 87' lang='lat' dir='ltr'>filio</span> <span class='ocrx_word' id='word_1_685' title='bbox 1278 4906 1372 4968; x_wconf 88' lang='lat' dir='ltr'>posse</span> <span class='ocrx_word' id='word_1_686' title='bbox 1395 4903 1590 4969; x_wconf 84' lang='lat' dir='ltr'>cognoscere</span> <span class='ocrx_word' id='word_1_687' title='bbox 1613 4886 1732 4951; x_wconf 89' lang='lat' dir='ltr'>Deum.</span> <span class='ocrx_word' id='word_1_688' title='bbox 1784 4887 1831 4951; x_wconf 85' lang='lat' dir='ltr'>Et</span> <span class='ocrx_word' id='word_1_689' title='bbox 1851 4887 1936 4951; x_wconf 89' lang='lat' dir='ltr'>libro</span> <span class='ocrx_word' id='word_1_690' title='bbox 1959 4891 1987 4965; x_wconf 91' lang='lat'>3,</span> <span class='ocrx_word' id='word_1_691' title='bbox 2010 4909 2080 4971; x_wconf 88' lang='lat' dir='ltr'>cap.</span> <span class='ocrx_word' id='word_1_692' title='bbox 2104 4890 2164 4950; x_wconf 83' lang='lat'>21:</span> 
     </span>
     <span class='ocr_line' id='line_1_54' title="bbox 149 4969 2164 5056; baseline 0 -21"><span class='ocrx_word' id='word_1_693' title='bbox 149 4972 243 5035; x_wconf 89' lang='lat' dir='ltr'>cuius</span> <span class='ocrx_word' id='word_1_694' title='bbox 261 4969 392 5034; x_wconf 92' lang='lat' dir='ltr'>nomine</span> <span class='ocrx_word' id='word_1_695' title='bbox 414 4970 626 5053; x_wconf 88' lang='lat' dir='ltr'>baptisamur,</span> <span class='ocrx_word' id='word_1_696' title='bbox 649 4972 737 5035; x_wconf 86' lang='lat' dir='ltr'>inter</span> <span class='ocrx_word' id='word_1_697' title='bbox 758 4991 864 5053; x_wconf 89' lang='lat' dir='ltr'>opera,</span> <span class='ocrx_word' id='word_1_698' title='bbox 893 4970 1010 5049; x_wconf 86' lang='lat' dir='ltr'>idest,</span> <span class='ocrx_word' id='word_1_699' title='bbox 1039 4993 1129 5036; x_wconf 90' lang='lat' dir='ltr'>orea-</span> <span class='ocrx_word' id='word_1_700' title='bbox 1181 4972 1323 5055; x_wconf 90' lang='lat' dir='ltr'>Propter</span> <span class='ocrx_word' id='word_1_701' title='bbox 1344 4971 1406 5034; x_wconf 89' lang='lat' dir='ltr'>hoc</span> <span class='ocrx_word' id='word_1_702' title='bbox 1427 4971 1514 5034; x_wconf 91' lang='lat' dir='ltr'>euim</span> <span class='ocrx_word' id='word_1_703' title='bbox 1536 4971 1674 5036; x_wconf 85' lang='lat' dir='ltr'>verbum</span> <span class='ocrx_word' id='word_1_704' title='bbox 1702 4971 1815 5051; x_wconf 90' lang='lat' dir='ltr'>homo,</span> <span class='ocrx_word' id='word_1_705' title='bbox 1844 4981 1878 5038; x_wconf 89' lang='lat' dir='ltr'>et</span> <span class='ocrx_word' id='word_1_706' title='bbox 1905 4973 1962 5056; x_wconf 88' lang='lat' dir='ltr'>qui</span> <span class='ocrx_word' id='word_1_707' title='bbox 1988 4973 2076 5037; x_wconf 91' lang='lat' dir='ltr'>filius</span> <span class='ocrx_word' id='word_1_708' title='bbox 2098 4973 2164 5037; x_wconf 88' lang='lat' dir='ltr'>Dei</span> 
     </span>
     <span class='ocr_line' id='line_1_55' title="bbox 148 5055 2166 5138; baseline 0.001 -19"><span class='ocrx_word' id='word_1_709' title='bbox 148 5066 242 5120; x_wconf 85' lang='lat' dir='ltr'>‘curas</span> <span class='ocrx_word' id='word_1_710' title='bbox 263 5075 435 5138; x_wconf 88' lang='lat' dir='ltr'>ponamus:</span> <span class='ocrx_word' id='word_1_711' title='bbox 459 5056 591 5120; x_wconf 87' lang='lat' dir='ltr'>tametsi</span> <span class='ocrx_word' id='word_1_712' title='bbox 611 5056 752 5122; x_wconf 64' lang='lat' dir='ltr'>scamus</span> <span class='ocrx_word' id='word_1_713' title='bbox 773 5055 940 5122; x_wconf 91' lang='lat' dir='ltr'>hominem</span> <span class='ocrx_word' id='word_1_714' title='bbox 958 5055 1128 5121; x_wconf 82' lang='lat' dir='ltr'>Christum</span> <span class='ocrx_word' id='word_1_715' title='bbox 1180 5065 1239 5135; x_wconf 87' lang='lat' dir='ltr'>est,</span> <span class='ocrx_word' id='word_1_716' title='bbox 1262 5057 1349 5121; x_wconf 87' lang='lat' dir='ltr'>filius</span> <span class='ocrx_word' id='word_1_717' title='bbox 1372 5055 1516 5120; x_wconf 90' lang='lat' dir='ltr'>hominis</span> <span class='ocrx_word' id='word_1_718' title='bbox 1538 5056 1643 5121; x_wconf 84' lang='lat' dir='ltr'>factus</span> <span class='ocrx_word' id='word_1_719' title='bbox 1664 5065 1724 5135; x_wconf 89' lang='lat' dir='ltr'>est,</span> <span class='ocrx_word' id='word_1_720' title='bbox 1745 5059 1942 5122; x_wconf 85' lang='lat' dir='ltr'>commixtus</span> <span class='ocrx_word' id='word_1_721' title='bbox 1963 5058 2065 5123; x_wconf 82' lang='lat' dir='ltr'>verbo</span> <span class='ocrx_word' id='word_1_722' title='bbox 2085 5056 2166 5135; x_wconf 91' lang='lat' dir='ltr'>Dei,</span> 
     </span>
     <span class='ocr_line' id='line_1_56' title="bbox 149 5140 1128 5220; baseline 0.002 -15"><span class='ocrx_word' id='word_1_723' title='bbox 149 5142 244 5205; x_wconf 84' lang='lat' dir='ltr'>iuxta</span> <span class='ocrx_word' id='word_1_724' title='bbox 265 5140 515 5220; x_wconf 89' lang='lat' dir='ltr'>humanitatem,</span> <span class='ocrx_word' id='word_1_725' title='bbox 538 5149 732 5220; x_wconf 90' lang='lat' dir='ltr'>creaturam,</span> <span class='ocrx_word' id='word_1_726' title='bbox 755 5151 790 5205; x_wconf 91' lang='lat' dir='ltr'>et</span> <span class='ocrx_word' id='word_1_727' title='bbox 807 5143 885 5207; x_wconf 88' lang='lat' dir='ltr'>dare</span> <span class='ocrx_word' id='word_1_728' title='bbox 903 5142 1015 5207; x_wconf 85' lang='lat' dir='ltr'>divina</span> <span class='ocrx_word' id='word_1_729' title='bbox 1035 5142 1128 5220; x_wconf 92' lang='lat' dir='ltr'>dona,</span> 
     </span>
    </p>

    <p class='ocr_par' dir='ltr' id='par_1_8' title="bbox 147 5223 1129 5312">
     <span class='ocr_line' id='line_1_57' title="bbox 147 5223 1129 5312; baseline 0 -21"><span class='ocrx_word' id='word_1_730' title='bbox 147 5223 232 5309; x_wconf 88' lang='lat' dir='ltr'>quae</span> <span class='ocrx_word' id='word_1_731' title='bbox 254 5233 424 5292; x_wconf 88' lang='lat' dir='ltr'>creaturae</span> <span class='ocrx_word' id='word_1_732' title='bbox 446 5226 511 5299; x_wconf 88' lang='lat' dir='ltr'>Dei</span> <span class='ocrx_word' id='word_1_733' title='bbox 528 5234 615 5306; x_wconf 90' lang='lat' dir='ltr'>sunt,</span> <span class='ocrx_word' id='word_1_734' title='bbox 637 5235 752 5312; x_wconf 88' lang='lat' dir='ltr'>utpote</span> <span class='ocrx_word' id='word_1_735' title='bbox 773 5227 905 5294; x_wconf 73' lang='grc' dir='ltr'><strong>(ῖίτὶοεε</strong></span> <span class='ocrx_word' id='word_1_736' title='bbox 926 5228 1003 5293; x_wconf 89' lang='lat' dir='ltr'>illae</span> <span class='ocrx_word' id='word_1_737' title='bbox 1025 5229 1129 5312; x_wconf 80' lang='lat' dir='ltr'>agita·</span> 
     </span>
    </p>
   </div>
   <div class='ocr_carea' id='block_1_8' title="bbox 39 5312 2288 5485">
    <p class='ocr_par' dir='ltr' id='par_1_9' title="bbox 39 5312 2288 5485">
     <span class='ocr_line' id='line_1_58' title="bbox 39 5312 2167 5469; baseline 0.009 -95"><span class='ocrx_word' id='word_1_738' title='bbox 39 5312 42 5324; x_wconf 93' lang='lat'>&#39;</span> <span class='ocrx_word' id='word_1_739' title='bbox 150 5314 264 5459; x_wconf 60' lang='lat' dir='ltr'>tionclas,</span> <span class='ocrx_word' id='word_1_740' title='bbox 288 5312 408 5461; x_wconf 60' lang='lat' dir='ltr'>quitbus</span> <span class='ocrx_word' id='word_1_741' title='bbox 429 5312 488 5378; x_wconf 89' lang='lat' dir='ltr'>filii</span> <span class='ocrx_word' id='word_1_742' title='bbox 506 5312 570 5377; x_wconf 90' lang='lat' dir='ltr'>Dei</span> <span class='ocrx_word' id='word_1_743' title='bbox 593 5313 750 5396; x_wconf 89' lang='lat' dir='ltr'>aspiritu</span> <span class='ocrx_word' id='word_1_744' title='bbox 771 5323 884 5379; x_wconf 85' lang='lat' dir='ltr'>sancto</span> <span class='ocrx_word' id='word_1_745' title='bbox 907 5322 940 5380; x_wconf 90' lang='lat' dir='ltr'>et</span> <span class='ocrx_word' id='word_1_746' title='bbox 961 5335 1040 5380; x_wconf 88' lang='lat' dir='ltr'>vero</span> <span class='ocrx_word' id='word_1_747' title='bbox 1057 5315 1129 5379; x_wconf 92' lang='lat' dir='ltr'>Deo</span> <span class='ocrx_word' id='word_1_748' title='bbox 1225 5345 1866 5469; x_wconf 48' lang='lat' dir='ltr'>3;)1,„p,‚ffl,s01‚1w„‚uo,peam</span> <span class='ocrx_word' id='word_1_749' title='bbox 1889 5346 2018 5403; x_wconf 46' lang='lat' dir='ltr'>hm,</span> <span class='ocrx_word' id='word_1_750' title='bbox 2042 5347 2167 5403; x_wconf 50' lang='grc' dir='ltr'>νημαι.</span> 
     </span>
     <span class='ocr_line' id='line_1_59' title="bbox 148 5414 2288 5485; baseline 0.008 -27"><span class='ocrx_word' id='word_1_751' title='bbox 148 5418 361 5463; x_wconf 81' lang='grc' dir='ltr'><strong>τοοεεεοιιο.</strong></span> <span class='ocrx_word' id='word_1_752' title='bbox 1177 5432 1207 5485; x_wconf 78' lang='lat' dir='ltr'>p.</span> <span class='ocrx_word' id='word_1_753' title='bbox 1261 5416 1284 5468; x_wconf 91' lang='lat'>1.</span> <span class='ocrx_word' id='word_1_754' title='bbox 1409 5414 1411 5419; x_wconf 83' lang='lat'>&#39;</span> <span class='ocrx_word' id='word_1_755' title='bbox 2286 5433 2288 5438; x_wconf 73' lang='grc'><em>’</em></span> 
     </span>
    </p>
   </div>
   <div class='ocr_carea' id='block_1_9' title="bbox 0 145 2344 5911">
    <p class='ocr_par' dir='ltr' id='par_1_10' title="bbox 0 145 2344 5911">
     <span class='ocr_line' id='line_1_60' title="bbox 0 145 2344 5911; baseline 0 0"><span class='ocrx_word' id='word_1_756' title='bbox 0 145 2344 5911; x_wconf 95' lang='lat' dir='ltr'> </span> 
     </span>
    </p>
   </div>
  </div>
 </body>
</html>
