4702 5926
951 338 1219 408 Rursusne
1239 335 1475 405 ERRORU'M
2152 337 2219 398 488

415 537 564 593 ALTERA
587 537 737 592 CALVINI
758 538 966 594 auseouslo
1238 545 1314 590 eum
1331 526 1459 591 ratione
1481 525 1666 593 divinitatis
1687 526 1839 608 praedico
1860 524 1967 590 filium
1983 526 2064 592 Dei:
2089 527 2218 592 ratione

1238 610 1465 690 humanitatis,
1480 611 1587 676 filium
1605 611 1757 677 hominis.
1780 610 1943 677 Diversus
1962 619 2073 677 tamen
2090 632 2219 696 respec-

1237 703 1291 761 tus
1309 697 1479 779 utriusque
1497 706 1637 762 naturae
1655 718 1720 762 non
1738 697 1816 761 facit
1833 696 1914 761 duos
1931 696 2015 763 filios
2033 695 2107 762 Dei.
2129 698 2217 762 Nam

291 784 389 869 Quod
410 784 581 852 Christum
603 783 677 849 ideo
698 783 804 848 filium
826 784 891 849 Dei
924 805 996 850 esse
1024 792 1058 849 et
1079 786 1184 850 nomi·
1237 787 1324 847 totus
1351 782 1514 857 Christus,
1547 791 1710 865 quatenus
1731 783 1824 848 Deus
1854 790 1904 847 est
1931 790 1965 847 et
1986 783 2092 862 homo,
2126 783 2218 850 filius

205 872 278 938 nari
300 873 381 950 dico,
405 873 483 956 quia
499 891 607 935 sermo
631 871 693 934 Dei
715 871 758 934 sit
780 891 821 934 ex
843 877 938 953 patre
960 878 1037 935 ante
1059 879 1185 954 tempo·
1236 865 1301 932 Dei
1323 875 1375 932 θεῖ
1397 889 1435 934 ac
1456 868 1609 933 hominis.
1632 867 1719 932 Nam
1740 868 1788 933 ita
1810 867 2045 954 distinguimus
2067 876 2215 950 naturas,

205 960 251 1023 ris
283 958 418 1022 initium
449 957 583 1040 genitus
616 955 671 1037 qui
711 975 843 1020 carnem
879 962 1028 1021 nostram
1059 955 1183 1021 induit:
1237 959 1276 1015 ut
1297 954 1499 1017 retineamus
1520 973 1681 1036 personae
1703 954 1871 1019 unitatem.

153 1100 159 1110 .
203 1043 291 1109 hanc
309 1044 472 1107 rationem
495 1041 632 1123 suscipis
654 1040 924 1125 impugnandam.
1323 1036 1513 1103 Similitudo
1536 1060 1634 1121 qnam
1655 1037 1790 1104 adducis
1811 1041 1928 1104 merito
1960 1042 2087 1105 censeri
2108 1049 2218 1123 potest

290 1130 381 1193 Dum
414 1141 526 1193 autem
559 1126 745 1191 testimonia
777 1127 828 1192 vis
868 1127 1025 1203 refellere,
1067 1126 1185 1208 quibus
1236 1122 1364 1206 gladius
1386 1144 1450 1207 quc
1472 1132 1505 1188 te
1526 1124 1663 1209 iugulas.
1710 1124 1785 1189 Alio
1815 1126 1903 1189 enim
1931 1133 2080 1208 respectu
2110 1129 2217 1208 patris

204 1235 287 1281 usus
308 1216 433 1279 fueram
456 1211 497 1277 ad
519 1210 553 1276 id
575 1210 789 1294 probandum,
812 1213 910 1295 fingis
931 1233 984 1277 me
1006 1233 1048 1276 ex
1069 1211 1184 1278 Eccle-
1236 1210 1301 1272 mei
1323 1229 1397 1273 sum
1419 1208 1506 1275 filius
1527 1231 1626 1293 quam
1648 1210 1771 1274 matris.
1802 1210 1916 1292 Neque
1938 1221 2048 1277 tamen
2074 1213 2109 1276 in
2132 1212 2217 1278 duos

204 1299 335 1366 siastico
353 1300 461 1364 locum
484 1297 665 1381 protulisse,
689 1298 783 1363 cuius
805 1318 973 1379 nunquam
990 1304 1129 1363 venerat
1149 1298 1183 1360 in
1237 1293 1387 1359 homines
1409 1294 1530 1371 diffluo,
1554 1295 1632 1360 licet
1652 1295 1774 1378 duplici
1792 1295 1949 1366 relatione
1966 1297 2017 1362 bis
2035 1299 2096 1361 sim
2115 1298 2216 1363 filius.

204 1393 357 1452 mentem.
403 1384 519 1449 Potius
551 1382 592 1446 ad
625 1390 776 1448 octavum
810 1389 908 1466 caput
929 1383 1185 1448 Proverbiorum
1236 1378 1381 1445 Tametsi
1410 1379 1472 1446 hcc
1496 1380 1603 1445 simile
1635 1382 1860 1465 inpraesenti
1887 1404 1987 1448 causa
2007 1405 2218 1467 nequaqnam

204 1471 344 1555 respexi.
390 1468 588 1551 Quanquam
605 1467 728 1533 nullius
746 1468 807 1533 loci
826 1470 1026 1533 mentionem
1043 1469 1185 1534 feceram
1237 1463 1384 1529 admitto.
1430 1465 1558 1549 Corpus
1595 1468 1681 1531 enim
1714 1488 1734 1531 a
1766 1474 1859 1550 patre
1894 1476 1928 1531 et
1959 1476 2064 1534 matre
2098 1469 2217 1549 habeo,

204 1557 239 1620 ui
261 1578 334 1620 meo
356 1576 520 1638 responso.
564 1555 614 1617 Er
637 1575 655 1617 o
677 1574 720 1617 ne
742 1554 865 1618 frustra
886 1562 918 1618 te
940 1554 1067 1638 fatiges,
1102 1552 1184 1617 mihi
1236 1548 1391 1615 Christus
1414 1559 1524 1616 autem
1546 1572 1567 1615 a
1588 1552 1657 1616 sola
1679 1561 1784 1616 matre
1805 1573 1926 1634 corpus
1947 1552 2071 1619 habuit
2111 1555 2218 1622 Aliud

203 1643 284 1706 satis
307 1650 365 1719 est,
387 1641 415 1705 si
438 1638 596 1704 concedas
610 1575 789 1718 Christum]
813 1648 989 1721 antequam
1011 1639 1109 1704 homo
1125 1641 1183 1703 fie-
1236 1645 1286 1700 est
1304 1722 1310 1734 Α
1329 1657 1427 1718 quam
1470 1656 1598 1720 corpus,
1641 1635 1726 1721 quod
1769 1637 1907 1703 dicimus
1946 1661 1966 1703 a
2004 1641 2076 1705 Deo
2114 1642 2217 1707 fluisse

203 1734 261 1804 ret,
297 1727 399 1790 fuisse
432 1733 601 1790 aeternum
631 1724 695 1788 Dei
728 1729 802 1803 [pag.
818 1729 870 1802 45]
905 1744 1097 1790 sermonem.
1142 1724 1182 1788 Id
1236 1729 1393 1805 gemtum.
1407 1724 1430 1800 ¹)

204 1832 307 1896 negas
328 1813 363 1876 in
385 1812 516 1893 scriptis
537 1811 611 1874 tuis.
657 1808 743 1874 Nam
774 1809 967 1893 imaginaris
1000 1830 1183 1875 sermonem
1321 1806 1418 1872 Nunc
1439 1829 1535 1891 rogas
1557 1817 1596 1872 ut
1617 1817 1649 1871 te
1671 1808 1724 1873 vel
1747 1810 1984 1874 autoritatevel
2008 1811 2134 1876 ratione
2156 1811 2216 1877 do-

205 1904 286 1963 tnnc
308 1898 451 1981 coepisse
474 1917 575 1979 quum
596 1894 689 1960 Deus
715 1897 911 1960 sententiam
933 1916 1027 1960 suam
1051 1895 1091 1960 de
1113 1915 1183 1959 cre·
1236 1912 1336 1969 ceam,
1359 1891 1514 1959 deitatem
1525 1914 1608 1976 quae
1626 1895 1661 1957 in
1674 1893 1807 1959 Christo
1825 1903 1966 1974 estesse,
1989 1896 2105 1961 filium.
2127 1898 2217 1964 Mihi

206 1982 292 2048 ando
314 1981 438 2047 mundo
459 1980 699 2064 pronunciavit.
744 1981 917 2057 Hoevero
945 1981 1045 2045 nimis
1068 1981 1183 2046 absur-
1236 1999 1303 2042 una
1324 1978 1405 2042 haec
1428 1981 1510 2043 ratio
1527 1980 1657 2057 sufficit,
1680 1980 1768 2062 quod
1786 1981 1879 2045 Deus
1897 1981 1938 2045 ab
1956 1983 2049 2047 initio
2066 1983 2216 2050 fidelium

206 2067 283 2133 dum
307 2076 359 2132 est
380 2067 540 2131 delirium.
596 2064 702 2145 Quasi
734 2087 812 2132 vero
845 2075 903 2131 aut
935 2067 1027 2131 Deus
1060 2064 1184 2148 aliquid
1234 2071 1329 2145 pater
1349 2064 1419 2140 fuit,
1443 2085 1480 2128 ac
1502 2065 1665 2130 nominari
1685 2065 1799 2130 voluit
1843 2067 1979 2132 Patrem
2001 2090 2079 2133 vero
2108 2070 2216 2134 homi·

204 2160 285 2219 tunc
318 2174 390 2217 esse
423 2152 565 2234 coeperit
584 2151 669 2233 quod
697 2151 843 2216 nondum
865 2161 952 2217 erat:
986 2160 1043 2216 aut
1075 2172 1183 2217 sermo
1236 2171 1318 2213 num
1340 2170 1412 2215 esse
1434 2172 1527 2234 nego,
1550 2151 1614 2215 nisi
1637 2172 1696 2234 per
1715 2153 1849 2217 unicum
1872 2151 1986 2217 filium.
2019 2153 2102 2220 Inde
2123 2157 2216 2221 enim

204 2239 275 2323 ipse
306 2260 373 2303 non
406 2238 448 2302 sit
481 2256 559 2302 vere
592 2237 694 2301 Deus.
756 2238 862 2320 Atqui
893 2259 1063 2320 nunquam
1096 2237 1183 2302 sanis
1235 2256 1295 2301 nos
1307 2235 1480 2318 adoptione
1490 2235 1560 2312 filii,
1569 2237 1710 2318 quiaille
1724 2246 1851 2323 natura.
1877 2236 1915 2303 Si
1931 2237 1972 2302 ad
1984 2239 2120 2324 vulgare
2131 2240 2216 2307 illud

204 2323 371 2390 mentibus
392 2323 454 2389 hoc
476 2322 674 2406 principium
696 2324 851 2401 excuties,
883 2322 969 2406 qnod
1003 2345 1043 2388 ex
1067 2343 1182 2406 perpe-
1236 2329 1330 2385 tuum
1356 2322 1486 2406 asylum
1508 2322 1671 2405 confugis,
1694 2323 1993 2403 praedestinatione
2015 2325 2094 2390 olim
2111 2328 2215 2394 fuisse

204 2418 263 2474 tua
301 2411 481 2492 scripturae
514 2407 664 2472 doctrina
698 2407 828 2474 abunde
860 2416 1016 2474 testatum
1049 2408 1182 2485 habent,
1236 2406 1350 2484 filium,
1374 2409 1430 2491 qui
1453 2429 1488 2471 re
1510 2409 1582 2490 ipsa
1604 2429 1671 2472 non
1694 2416 1780 2472 erat:
1814 2430 1929 2474 rursus
1951 2412 2085 2494 excipio,
2108 2414 2214 2495 patris

204 2494 386 2571 Christum,
408 2495 465 2578 qui
486 2515 575 2558 nunc
594 2500 644 2558 est
660 2494 753 2559 Deus
775 2495 810 2559 in
827 2515 926 2559 carne
943 2494 1181 2572 manifestatus,
1235 2493 1488 2576 appellationem
1509 2493 1609 2558 fuisse
1630 2500 1707 2558 ante
1728 2495 1908 2560 revelatam
1928 2496 2062 2576 mundo,
2085 2507 2118 2563 et
2139 2519 2214 2564 rea-

204 2602 334 2663 scmper
352 2581 452 2645 fuisse
470 2578 536 2642 Dei
553 2599 738 2643 sermonem
756 2600 776 2643 a
794 2587 887 2663 patre
904 2581 1060 2664 genitum.
1084 2578 1182 2660 Quod
1235 2577 1311 2644 liter
1332 2577 1523 2657 exhibitam,
1553 2600 1651 2662 quam
1674 2599 1782 2644 sermo
1806 2578 1869 2645 Dei
1893 2602 1967 2646 caro
1989 2584 2092 2647 fieret
2137 2586 2214 2652 Hae

205 2665 245 2730 de
269 2664 470 2748 loquutionis
491 2665 738 2746 improprietate
760 2663 883 2744 obiicis,
917 2665 1000 2729 mihi
1032 2686 1099 2730 non
1126 2665 1182 2730 ob·
1234 2664 1370 2747 inquam
1392 2663 1511 2729 fiducia
1528 2664 1638 2730 Deum
1661 2673 1787 2746 patrem
1810 2667 2006 2732 invocarunt
2023 2690 2136 2736 omnes
2153 2693 2214 2754 pa-

204 2758 279 2816 stat.
324 2749 485 2815 Libenter
505 2749 593 2814 enim
615 2749 727 2828 fateor,
762 2750 847 2815 nihil
879 2752 959 2816 satis
985 2758 1100 2816 exacte
1121 2771 1181 2835 pro
1234 2750 1397 2815 triarchae
1419 2759 1453 2816 et
1474 2750 1592 2832 reliqui
1609 2749 1730 2827 fideles,
1754 2751 1840 2834 quod
1859 2751 2050 2835 hypostasin
2060 2753 2090 2838 ²)
2111 2755 2214 2822 habe-

203 2836 253 2900 rei
286 2834 447 2919 dignitate
480 2835 626 2919 linguam
661 2835 840 2900 humanam
875 2856 971 2920 posse
996 2836 1052 2900 hio
1077 2836 1180 2901 effari.
1233 2835 1315 2900 bant
1335 2855 1415 2901 suae
1435 2837 1471 2900 in
1492 2834 1561 2900 filio
1583 2836 1647 2900 Dei
1670 2835 1863 2919 adoptionis.

204 2922 332 2985 Verum
353 2919 447 2985 nobis
468 2920 550 2985 vitio
572 2922 659 2985 verti
681 2943 747 2986 non
769 2921 873 3001 debet,
909 2922 936 2986 si
970 2941 1012 2986 ex
1034 2942 1089 2988 ore
1111 2921 1178 2986 Do-
1320 2922 1527 2987 Autoritates
1548 2922 1739 3004 scripturae,
1774 2924 1892 3005 quibus
1920 2924 1953 2989 id
1981 2926 2112 3007 penitus
2133 2947 2213 2991 con·

203 3007 287 3071 mini
309 3006 465 3088 sapimus.
1233 3008 1399 3082 firmatur,
1439 3007 1520 3072 satis
1548 3007 1736 3090 perspicuas
1772 3029 1843 3074 esse
1877 3009 2000 3076 iudico:
2045 3017 2213 3094 utcunque

295 3093 471 3158 Aeternam
493 3098 605 3156 tamen
623 3090 747 3157 Christi
769 3092 956 3174 genituram
977 3093 1102 3157 refutas
1120 3091 1181 3157 hoc
1233 3091 1292 3156 tibi
1319 3092 1471 3157 infirmae
1493 3091 1678 3156 videantur.
1721 3093 1846 3159 Paulus
1869 3102 2018 3174 testatur,
2040 3095 2212 3163 Christum

171 3184 177 3189 ’
204 3183 407 3260 argumento,
432 3177 518 3260 qnia,
542 3179 569 3240 si
592 3176 670 3259 quid
692 3176 823 3242 realiter
845 3185 917 3241 erat
938 3199 979 3242 ex
994 3177 1065 3242 Deo
1088 3179 1181 3261 geni·
1234 3197 1305 3243 esse
1326 3176 1431 3241 filium
1452 3176 1601 3254 Davidis,
1626 3182 1699 3257 [pag.
1724 3185 1777 3259 47]
1812 3188 1845 3244 θῖ
1877 3201 1919 3244 ex
1938 3180 2070 3248 ludaeis
2092 3181 2212 3250 ducere

203 3270 284 3339 tum,
319 3260 396 3327 inde
428 3262 578 3345 sequitur
605 3261 686 3329 duos
719 3284 790 3327 esse
812 3262 876 3327 Dei
909 3263 1007 3328 filios:
1042 3263 1182 3327 alterum
1233 3263 1405 3347 originem,
1427 3270 1578 3345 respectu
1599 3262 1816 3330 humanitatis
1838 3266 1949 3339 (Rom.
1973 3274 1999 3345 l,
2018 3271 2053 3348 33
2076 3272 2106 3345 9,
2127 3270 2170 3351 5).
2183 3274 2211 3347 Β)

202 3367 406 3430 corporeum,
429 3349 570 3413 alterum
591 3348 827 3431 incorporeum.
872 3346 976 3429 Quasi
999 3369 1078 3414 vero
1099 3348 1182 3412 mihi
1233 3348 1288 3412 le
1311 3346 1450 3413 adverso
1472 3348 1596 3432 colligo,
1632 3349 1759 3415 ratione
1792 3349 1974 3417 divinitatis
2007 3373 2079 3419 esse
2105 3353 2212 3419 filium
2278 3426 2282 3431 ,

202 3455 271 3499 non
294 3433 389 3499 liceat
410 3433 640 3516 antistrephon
662 3435 696 3497 in
719 3442 754 3499 te
775 3441 972 3517 retorquere.
987 3437 1011 3510 ¹)
1048 3433 1181 3500 Sermo·
1233 3435 1307 3499 Dei.
1342 3433 1451 3499 Audio
1472 3433 1551 3516 quid
1571 3444 1608 3499 tu
1630 3442 1756 3500 contra:
1780 3436 1837 3501 sed
1855 3437 1939 3501 nihil
1956 3458 2100 3504 moveor.
2123 3439 2211 3505 Nam

202 3541 280 3584 nem
303 3518 367 3583 Dei
390 3519 502 3583 fateris
525 3518 701 3602 aliquando
730 3521 830 3585 fuisse
852 3520 1090 3603 incorporeum,
1126 3520 1182 3602 qui
1235 3519 1332 3585 sicuti
1356 3541 1375 3584 a
1403 3527 1509 3584 matre
1538 3520 1671 3602 accepit,
1707 3522 1800 3586 cuius
1833 3543 1931 3588 causa
1962 3523 2051 3589 filius
2072 3523 2212 3590 Davidis

202 3624 292 3669 nunc
313 3605 420 3669 faetus
441 3612 492 3670 est
513 3626 597 3671 caro.
643 3604 681 3671 si
703 3607 776 3689 quis
799 3604 975 3672 adversum
996 3615 1030 3671 te
1051 3606 1181 3685 inferat,
1234 3613 1384 3671 vocatum:
1421 3606 1466 3669 ite
1494 3605 1577 3670 mihi
1599 3603 1765 3685 concedes,
1795 3615 1930 3689 epatre
1951 3608 2082 3687 habere,
2118 3611 2213 3676 cuius

204 3689 286 3754 duos
319 3697 352 3754 te
382 3690 489 3756 facere
510 3690 576 3756 Dei
610 3711 786 3770 sermones,
826 3713 935 3757 nonne
971 3691 1086 3757 eadem
1118 3692 1183 3756 erit
1234 3712 1333 3757 causa
1352 3690 1395 3755 sit
1416 3689 1504 3756 filius
1525 3692 1599 3769 Dei,
1632 3690 1729 3774 idque
1756 3693 1796 3756 ab
1824 3692 1970 3758 humana
1996 3701 2118 3761 natura
2138 3717 2212 3762 esse

204 3774 432 3839 ratiocinatio?
489 3776 594 3841 Porro
626 3777 784 3842 clamares
816 3777 876 3841 tibi
907 3779 980 3842 fieri
1014 3777 1181 3841 iniuriam.
1232 3775 1323 3841 aliud
1344 3797 1382 3842 ac
1405 3776 1582 3841 diversum.

204 3859 280 3923 Noli
312 3859 414 3943 igitur
446 3860 506 3925 tibi
538 3861 667 3944 placere
702 3872 770 3926 tam
809 3861 958 3927 futilibus
997 3861 1179 3927 calumniis.
1321 3860 1389 3928 Sed
1417 3863 1457 3927 de
1489 3872 1635 3945 tempore
1657 3864 1825 3945 quaeritur
1852 3865 1938 3947 quod
1969 3866 2212 3932 humanitatem

203 3944 274 4010 Nos
296 3945 384 4009 enim
406 3944 545 4010 eundem
566 3967 636 4011 esse
658 3946 722 4010 Dei
740 3946 844 4011 filium
871 3945 1097 4029 praedicamus
1125 3948 1182 4029 qui
1232 3949 1419 4030 praecessit.
1463 3948 1546 4013 Dico
1574 3948 1706 4032 plenam
1735 3968 1806 4014 esse
1834 3952 2033 4034 scripturam
2063 3953 2213 4017 testimo·

203 4030 244 4095 ab
267 4030 361 4094 initio
382 4030 602 4114 incorporeus,
633 4031 765 4096 tandem
793 4053 927 4114 corpore
948 4034 1088 4098 vestitus
1109 4032 1180 4111 fuit,
1233 4034 1296 4098 niis
1314 4055 1398 4115 quae
1416 4032 1563 4098 divinam
1581 4033 1714 4099 Christo
1732 4035 1908 4100 essentiam
1927 4037 2088 4115 tribuunt,
2107 4059 2213 4120 quum

204 4116 302 4179 etita
323 4135 398 4181 caro
420 4116 533 4180 factus.
1232 4118 1378 4183 nondum
1400 4119 1497 4183 homo
1520 4127 1613 4183 esset.
1646 4119 1760 4202 Neque
1783 4119 1901 4185 desunt
1924 4123 2022 4186 etiem
2045 4123 2214 4205 permulta

289 4202 417 4279 Postea,
454 4200 702 4284 amplificandae
735 4202 919 4267 calumniae
949 4222 1054 4281 causa,
1092 4202 1180 4267 ultra
1233 4225 1314 4286 quae
1336 4206 1371 4268 in
1392 4203 1518 4269 Christi
1545 4225 1685 4287 persona
1708 4203 1828 4271 diserte
1850 4207 2091 4273 humanitatem
2115 4232 2134 4274 a
2158 4209 2210 4274 di·

202 4284 424 4371 progrederis:
459 4309 514 4352 me
541 4294 610 4351 tres
631 4288 737 4352 facere
759 4286 823 4352 Dei
845 4287 938 4365 filios,
961 4288 1039 4370 quia
1060 4297 1181 4353 natura
1232 4290 1371 4354 vinitate
1394 4289 1608 4373 distinguant.
1644 4290 1709 4355 His
1732 4311 1791 4373 ego
1813 4314 1880 4357 non
1899 4301 2022 4358 temere
2039 4316 2111 4359 sum
2132 4316 2213 4360 con-

202 4371 350 4436 humana
371 4373 413 4435 sit
435 4371 517 4436 mihi
539 4372 637 4449 filius,
667 4381 785 4438 natura
807 4373 918 4438 divina
945 4373 990 4438 sit
1017 4373 1113 4453 filius,
1147 4382 1180 4439 et
1233 4383 1344 4440 tentus
1373 4374 1414 4438 ad
1442 4375 1643 4458 probandam
1671 4376 1751 4439 mihi
1783 4386 1951 4442 aeternam
1986 4379 2073 4445 illius
2108 4401 2211 4465 gene-

203 4463 293 4522 totus
314 4456 467 4524 Christus
501 4460 599 4523 etiam
626 4459 723 4523 filine.
768 4460 879 4542 Atque
911 4458 965 4522 hic
997 4460 1180 4542 triumpha·
1233 4461 1404 4525 rationem.
1448 4461 1518 4525 Nec
1540 4462 1636 4525 video
1658 4461 1735 4543 quid
1765 4471 1797 4525 te
1820 4462 1885 4527 illis
1908 4466 2112 4546 acquiescere
2133 4488 2213 4549 pro·

203 4540 334 4607 bundus
357 4543 513 4621 exsultas,
536 4566 589 4609 me
610 4544 796 4629 iugulatum
815 4565 887 4610 esse
908 4546 1039 4628 proprio
1061 4545 1178 4629 gladic.
1233 4545 1354 4623 hibeat,
1383 4542 1454 4608 'nisi
1487 4544 1572 4628 quod
1600 4547 1665 4610 iam
1693 4550 1912 4631 praesumptis
1935 4549 2141 4631 opinionibus
2163 4553 2213 4617 ita

202 4627 276 4711 Ego
293 4648 373 4693 vero
396 4630 575 4711 respondeo
598 4634 672 4708 [pag.
691 4635 745 4709 46]
763 4652 837 4696 cum
857 4633 997 4714 propriis
1015 4652 1180 4697 commen·
1233 4653 1268 4695 es
1289 4631 1480 4707 inebriatus,
1505 4642 1542 4695 ut
1560 4630 1643 4695 nihil
1660 4653 1782 4697 cernas.
1792 4636 1820 4710 ⁴)
1843 4633 2013 4700 Christum
2032 4644 2212 4719 antequam

202 4714 245 4777 tis
274 4723 305 4778 te
334 4714 519 4798 confligere,
548 4737 615 4780 non
647 4737 721 4782 cum
756 4737 830 4781 mea
864 4715 1020 4781 doctrina.
1066 4716 1180 4798 Neque
1232 4716 1331 4780 homo
1350 4719 1443 4782 fieret
1453 4718 1564 4783 Deum
1581 4719 1689 4795 fnisse,
1712 4738 1755 4781 ne
1772 4727 1809 4782 tu
1827 4718 1958 4801 quidem
1976 4742 2086 4805 negas.
2110 4722 2211 4790 Nunc

203 4800 293 4863 enim
314 4799 415 4864 alium
437 4800 537 4865 fuisse
558 4802 622 4865 Dei
643 4802 748 4866 filium
771 4803 908 4879 affirmo,
942 4823 1042 4885 quam
1063 4802 1119 4883 qui
1140 4803 1181 4866 fi-

202 4884 267 4950 lius
288 4894 339 4952 est
361 4886 497 4952 Mariae.
541 4887 627 4952 Nam
647 4888 702 4969 qui
720 4909 827 4953 sermo
845 4888 910 4952 Dei
932 4897 1085 4953 aeternus
1107 4888 1178 4965 fuit,
1301 4902 1330 4966 1)
1351 4903 1403 4957 Car
1426 4921 1456 4958 ce
1480 4921 1531 4973 que
1554 4921 1623 4960 nous
1650 4905 1742 4959 disens
1766 4907 1842 4959 avoir
1860 4908 1918 4961 este
1936 4907 2071 4976 engendre
2089 4909 2122 4963 de
2138 4910 2215 4967 Dieu

1232 4978 1276 5026 est
1293 4971 1354 5024 bien
1372 4980 1448 5027 autre
1467 4976 1549 5028 chose
1567 4989 1619 5042 que
1638 4975 1712 5027 chair
1729 4981 1758 5028 et
1775 4989 1848 5042 sang.

1301 5038 1331 5102 2)
1350 5040 1378 5093 la
1396 5042 1538 5097 substance
1558 5059 1592 5096 ou
1610 5043 1636 5096 le
1655 5042 1811 5097 fondement
1829 5042 1995 5098 substantiel.

1300 5107 1331 5173 3)
1349 5107 1424 5162 Add.
1452 5125 1487 5165 au
1511 5114 1628 5179 premier
1654 5111 1775 5178 chapitre
1804 5128 1856 5166 aux
1880 5110 2009 5167 Romains
2032 5120 2061 5168 et
2083 5128 2118 5168 au
2143 5132 2212 5184 qua·

272 5173 301 5240 1)
320 5174 390 5229 Mais
408 5193 441 5230 en
458 5177 568 5244 parlant
584 5177 653 5230 ainsi
672 5182 701 5230 tu
718 5181 787 5229 mets
806 5192 839 5228 en
856 5177 928 5229 main
946 5175 971 5228 le
989 5174 1088 5229 beston
1103 5177 1179 5230 iton
1231 5176 1346 5231 triesme.
1367 5178 1408 5244 (t)

203 5239 316 5295 adverse
335 5243 422 5310 partie
440 5260 560 5312 pumen
578 5251 650 5299 estre
669 5243 742 5298 batu.
1299 5245 1330 5309 4)
1349 5253 1378 5300 tu
1395 5262 1429 5301 ne
1448 5248 1507 5301 vois
1523 5255 1617 5317 goutte
1636 5263 1669 5301 en
1686 5246 1775 5315 pleine
1794 5248 1887 5302 clerte.

493 666 546 730 De
567 666 675 748 prima
695 667 894 747 quaestione.
