4786 5910
71 309 238 396 'aaa
461 282 475 414 J
664 349 690 413 η
794 278 1438 441 ”·ι>ιιιιιιιιιειιιιιιιοιιε.’
1578 321 1620 361 ⁸
1747 334 1824 431 ι·
2005 274 2009 281 ’
2123 331 2186 397 aso
2289 393 2294 400 .

34 537 39 544 ⁴
68 592 74 599 ‚
106 570 108 575 ,
174 514 330 583 solvendo
352 513 437 580 trodo
460 513 618 598 gordiano
641 515 791 580 nimium·
804 515 945 596 laboret,
967 530 1033 582 uno
1056 517 1155 582 verbo
1206 517 1418 600 peculiariter
1430 516 1499 581 t'ore
1512 515 1691 599 praevidit:
1715 523 1753 580 ιιι
1771 515 1820 580 illi
1840 521 2061 598 cooperantes,
2085 516 2219 601 sancti·
2313 534 2314 537 ’

174 601 356 682 abrumpit:
390 599 543 664 Electum
572 622 643 667 esse
665 622 685 665 a
706 602 778 668 Deo
800 601 974 682 Israelem,
1009 603 1155 668 sednon
1207 623 1268 685 per
1300 621 1372 667 eam
1405 623 1583 666 essemus·
1617 597 1732 686 Elegit
1764 600 1944 667 secundum
1983 602 2189 684 propositum

3 700 7 707 “
37 750 58 762 ,,
114 704 117 707 “
161 706 289 751 omnes
312 705 384 750 εεεε
406 679 590 765 Israelitas,
615 687 693 768 quia
714 694 845 770 patrem
866 709 963 755 suum
986 709 1052 753 uon
1072 689 1155 753 refe·
1209 687 1389 769 voluntatis
1417 701 1509 751 suae:
1544 685 1630 770 quod
1662 694 1713 753 est
1740 695 1774 751 et
1802 693 1874 752 erat
1902 692 1976 766 [pag.
2003 692 2076 765 144]
2100 687 2210 752 eius--

133 802 137 806 ·
174 779 271 850 runt,¹
285 772 343 853 qui
365 792 385 834 a
407 769 548 835 videndo
571 773 820 856 cognominatus
839 781 896 838 est
921 770 1019 840 Unde
1034 774 1154 838 consti·
1189 772 1305 852 modi,
1328 781 1364 836 ut
1387 793 1441 837 eos
1460 772 1606 856 eligeret,
1629 771 1669 838 de
1687 771 1805 855 quibus
1818 772 2022 855 praesciebat
2038 772 2188 837 futurum

175 858 256 933 tuit,
289 878 356 921 nou
390 876 462 920 εεεε
494 863 601 921 ιειειιι
637 857 853 937 electionem,
876 859 940 924 nisi
968 859 1002 925 in
1031 859 1071 923 iis
1099 858 1156 940 qui
1208 856 1293 940 quod
1323 857 1448 923 dictum
1476 865 1534 923 est.
1579 856 1692 942 Elegit
1720 858 1754 921 in
1785 856 1915 922 laudem
1944 857 2068 941 gratiae
2097 878 2187 935 suae,

175 941 288 1007 oeulos
308 943 469 1033 aperiunt.
491 943 610 1025 Atqui,
633 943 738 1008 bonus
758 945 976 1026 perspicaciae
998 944 1157 1027 magister
1209 965 1292 1026 quae
1312 958 1371 1007 nos
1394 945 1591 1008 sanctificat:
1615 950 1654 1006 ut
1672 943 1743 1007 laus
1761 951 1811 1008 est
1828 943 2057 1026 praeceptoris,
2081 942 2187 1009 virtus

174 1028 210 1092 in
231 1027 366 1092 Israelis
389 1027 523 1091 nomine
545 1027 683 1093 ridicule
702 1030 850 1107 caecutit,
874 1029 957 1094 dum·
975 1051 1017 1094 ex
1039 1029 1156 1093 robore
1209 1036 1242 1092 et
1271 1027 1421 1094 doctrina
1449 1027 1609 1111 discipuli.
1655 1028 1760 1109 Quasi
1775 1028 1797 1108 ¹)
1827 1049 1998 1095 veronen
2027 1026 2188 1092 istudsit

174 1112 253 1178 neit
275 1132 424 1177 acumen.
469 1112 603 1176 Interea
630 1135 697 1177 non
725 1114 849 1197 cogitat
869 1115 1026 1198 peculiari
1050 1115 1156 1198 gratia
1209 1111 1273 1176 Dei
1300 1112 1520 1196 propositum,
1549 1111 1635 1195 quod
1663 1113 1741 1177 alibi
1771 1117 1804 1190 (2
1827 1114 1911 1177 Tim.
1939 1119 1971 1192 l,
1997 1122 2013 1176 t!
2060 1113 2186 1177 Paulus
2282 1119 2288 1128 ”

174 1199 299 1263 factum
322 1217 394 1265 esse
417 1193 578 1263 divinitus
599 1198 766 1279 Israelem,
790 1201 847 1283 qui
870 1200 904 1264 in
927 1208 1020 1265 utero
1042 1201 1157 1264 matris
1209 1198 1361 1264 omnibus
1404 1199 1559 1264 humanis
1605 1198 1757 1280 operibus
1800 1199 1943 1282 opponit
2040 1199 2110 1262 uasi
2149 1198 2186 1260 in

173 1285 241 1347 iarn
254 1327 260 1338 ·
274 1282 398 1349 electus
432 1284 554 1346 tuerat:
596 1305 656 1349 nec
689 1284 769 1349 'alios
808 1284 949 1349 videndo
980 1284 1053 1350 Deo
1086 1305 1157 1349 εεεε
1209 1283 1646 1373 nomineBeneplacitinon
1670 1285 1855 1366 expressior
1876 1285 1920 1349 sit
1941 1283 2091 1349 hocloco
2110 1303 2186 1366 gra·

157 1368 319 1447 idoneos,
342 1367 567 1450 nisi-quorum
590 1377 718 1434 mentes
741 1368 921 1456 illuminat:
951 1370 1024 1436 luce
1047 1378 1156 1434 autem
1209 1370 1274 1433 tiae
1304 1369 1564 1454 commendatio..
1598 1367 1703 1449 Quasi
1732 1390 1799 1433 non
1830 1368 1957 1434 dicatur
1978 1368 2186 1451 proposuisse

175 1454 313 1537 spiritus
335 1454 387 1516 sui
411 1451 549 1535 dignari,
573 1454 738 1536 quossibi
760 1456 908 1534 infilius,
932 1476 1035 1538 quum
1048 1455 1157 1521 adhue
1208 1456 1301 1520 Deus
1323 1457 1356 1519 in
1387 1477 1421 1521 se
1448 1456 1519 1538 ipso
1547 1454 1788 1536 beneplacitum
1811 1476 1924 1531 suum,
1953 1455 2030 1536 quia
2053 1470 2186 1519 causam

175 1540 263 1605 caeci
286 1545 405 1617 essent,
427 1537 605 1621 adoptavit.
639 1541 770 1618 Postea,
793 1543 886 1624 quasi
906 1542 1047 1625 elapsus,
1070 1541 1171 1605 ultra‘
1209 1541 1243 1604 in
1266 1541 1361 1605 nobis
1384 1540 1511 1605 nullam
1535 1541 1704 1623 reperiens
1728 1539 1790 1604 sibi
1812 1540 1883 1622 ipse
1905 1537 1947 1604 ad
1968 1559 2029 1604 nos
2051 1557 2186 1604 servan-

62 1696 69 1708 ‚
130 1699 132 1703 ¹
175 1629 281 1689 metas
304 1631 444 1706 vagatur
466 1633 500 1687 ot
520 1624 635 1689 saltat:
665 1626 923 1692 Misericordiam
946 1627 1010 1693 Dei
1027 1627 1158 1695 nemini
1194 1625 1273 1703 dos,
1290 1647 1388 1692 eausa
1409 1628 1478 1690 fuit.
1514 1624 1618 1707 Quasi
1640 1626 1764 1690 frustra
1780 1632 1893 1706 totum
1915 1624 2031 1690 salutis
2054 1631 2186 1687 nostrae

175 1710 304 1788 deesse,
327 1708 460 1791 quando
478 1706 592 1774 omnes
611 1711 683 1776 vult
701 1712 809 1777 salvos
828 1712 914 1790 fieri,
938 1711 1067 1794 quando
1091 1719 1157 1777 stat
1209 1712 1360 1777 effectum
1390 1733 1409 1776 a
1437 1711 1566 1777 decreto
1588 1710 1645 1774 illo
1673 1719 1706 1776 et
1727 1710 1894 1795 proposito
1923 1717 1956 1775 ct
1979 1709 2186 1792 beneplacito
2230 1784 2234 1792 Ι

176 1805 210 1861 ει
237 1794 351 1878 pulsat
380 1792 421 1859 ad
444 1793 551 1860 cordis
573 1798 677 1860 nostri
700 1798 836 1876 ostium,
860 1798 995 1881 cupiens
1017 1796 1155 1880 ingredi.
1208 1796 1352 1879 pendere
1374 1796 1547 1881 quinquies
1570 1802 1707 1878 repetat.
1752 1794 1856 1876 Quasi
1879 1817 1943 1859 non
1966 1795 2086 1860 diserte
2109 1814 2186 1876 pro·
2245 1858 2248 1863 2

176 1881 303 1963 Itaque,
328 1888 405 1944 ante
426 1880 543 1945 mundi
565 1881 764 1947 creationem
786 1884 915 1961 eleetos,
942 1904 962 1946 a
983 1883 1101 1965 quibus
1122 1903 1157 1946 εε
1210 1882 1357 1960 nunciet,
1374 1884 1461 1964 'quia
1484 1882 1576 1947 electi
1605 1902 1752 1961 cramus,
1786 1903 1845 1946 nos
1871 1882 1912 1945 iu·
1930 1880 2064 1945 Christo
2086 1880 2186 1945 fuisse

176 1973 346 2048 receptum
364 1965 406 2029 iri
423 1966 601 2048 praevidit:
625 1970 791 2032 neminem
810 1973 888 2034 vero
903 1968 1068 2046 indurare,
1092 1968 1157 2032 nisi
1209 1965 1406 2031 benedictos.
1436 1966 1539 2048 Quasi
1561 1988 1627 2031 non
1650 1968 1952 2043 sanctificationem,
1975 1977 2008 2029 et
2029 1964 2186 2048 quidquid

176 2050 366 2116 tolerantia:
397 2050 540 2133 qualiter
560 2060 671 2134 patres
694 2053 833 2131 nimium
862 2054 974 2120 faciles
1001 2053 1156 2119 dicuntur
1209 2060 1258 2117 est
1279 2051 1439 2117 bonorum
1461 2074 1611 2136 operum,
1640 2073 1681 2121 ex
1710 2051 1868 2135 electione
1896 2062 2053 2133 tanquam
2084 2070 2185 2132 aquas

176 2135 384 2220 indulgentia
412 2156 472 2200 sua
497 2136 583 2200 filios
610 2135 755 2220 perdere.
802 2137 907 2220 Quasi
935 2160 1014 2205 vero
1035 2138 1155 2203 talibus
1209 2159 1251 2201 ex
1272 2138 1361 2203 fonte
1384 2137 1519 2202 derivet.
1566 2136 1669 2218 Quasi
1692 2157 1758 2200 neu
1787 2135 1892 2200 eidem
1924 2137 2048 2219 gratiam
2071 2153 2186 2216 accep·

23 2295 28 2304 ‚
176 2223 304 2307 naeniis
333 2220 466 2307 eludere
499 2233 688 2307 promptum
722 2225 781 2303 sit,
813 2246 901 2307 quae,
928 2225 1054 2290 Paulus
1087 2232 1154 2288 tam
1208 2230 1281 2287 tum
1309 2223 1406 2301 ferat,
1440 2223 1528 2306 quod
1548 2223 1613 2289 Dei
1643 2223 1838 2305 figmentum
1867 2221 1995 2298 sumus,
2031 2219 2072 2284 ad
2100 2219 2186 2284 bona

62 2314 65 2321 '
173 2306 300 2372 ‘diserte
332 2309 368 2370 in
399 2309 601 2372 contrariam
634 2317 763 2391 partem
797 2308 953 2375 affirmat:
995 2317 1028 2373 et
1060 2308 1155 2391 quasi
1208 2329 1307 2390 opera
1322 2307 1457 2387 conditi,
1480 2329 1563 2391 quae
1583 2309 1804 2391 praepararit.
1850 2305 1953 2386 Quasi
1976 2311 2043 2381 nou
2066 2327 2086 2369 a
2106 2304 2184 2368 reli·
2273 2372 2277 2381 ,

175 2392 372 2465 lectoribus„
385 2391 470 2456 nihil
504 2393 679 2478 significet,
694 2395 719 2478 ¹)
759 2417 800 2459 ex
833 2395 960 2462 duobus
994 2393 1153 2479 gemellis,
1208 2395 1280 2475 quis
1301 2415 1360 2481 nos
1382 2394 1563 2474 discernat,
1584 2402 1621 2458 ut
1641 2395 1787 2477 gratuito
1810 2392 1878 2457 solo
1901 2392 1964 2456 Dei
1986 2392 2099 2456 favore
2122 2410 2183 2454 nes

23 2507 27 2515 ·
77 2557 83 2567 ἡ
170 2475 403 2560 'quumadhuc
417 2480 457 2541 in
474 2487 569 2542 utero
588 2487 666 2544 sunt
682 2480 811 2559 inclusi,
832 2486 906 2560 [pag.
922 2485 995 2559 143]
1012 2480 1154 2545 alterum
1207 2478 1367 2545 excellere
1389 2480 1540 2546 sciamu's.
1584 2479 1640 2543 En
1667 2480 1801 2562 quam2)
1828 2486 1904 2560 apte
1921 2496 2067 2559 'operum
2090 2497 2184 2558 prae-

175 2563 269 2648 eligi,
304 2563 444 2628 alterurn
474 2564 580 2644 refici,
614 2565 706 2637 nullo
735 2587 871 2648 operum
894 2572 1062 2649 respectu,
1096 2564 1155 2633 sed
1206 2564 1379 2630 scientiam
1408 2587 1487 2632 cum
1519 2564 1660 2630 Paulino
1700 2570 1794 2628 textu
1834 2562 1992 2628 conciliet.
2047 2560 2184 2642 Quanto

84 2710 88 2718 .
161 2654 268 2714 mero'
294 2646 359 2713 Dei
387 2650 536 2714 vocantis
563 2650 781 2733 beneplacito:
814 2673 880 2717 non
908 2673 978 2718 esse
1002 2649 1152 2730 volentis,
1206 2651 1308 2715 satius
1335 2651 1456 2729 fuerat,
1490 2650 1582 2717 illam
1608 2647 1801 2734 admirantis
1828 2669 2002 2731 personam
2031 2647 2183 2725 retinere,
2286 2682 2289 2688 ,

175 2753 288 2816 neque
309 2735 491 2814 currentis,
526 2734 583 2799 sed
609 2737 796 2803 miserentis
817 2736 897 2816 Dei,
931 2738 988 2821 qui
1021 2735 1155 2801 indurat
1205 2756 1302 2818 quam
1325 2735 1490 2802 semel-ad
1511 2742 1715 2801 momentum
1743 2734 1909 2816 suscipere
1930 2741 2076 2811 coactus,
2096 2740 2184 2821 'mox

175 2839 270 2901 quem
293 2818 395 2897 vult,⁸
410 2826 443 2884 ει
464 2820 688 2886 misericordia
715 2844 812 2906 quem
836 2823 908 2888 vult
929 2822 1152 2905 prosequitur:
1206 2819 1247 2885 ad
1269 2822 1426 2903 superbas
1449 2821 1688 2904 speculationes
1710 2820 1929 2897 transvolans,
1953 2819 2097 2902 deponit.
2138 2817 2185 2881 Et

73 2916 76 2923 '
174 2902 285 2970 Deum
313 2903 687 2988 ostenderepotentiam
711 2930 806 2973 suam
835 2909 868 2972 in
891 2909 980 2973 vasis
1002 2909 1085 2985 irae,
1115 2913 1154 2970 ut
1205 2905 1285 2972 haec
1317 2906 1464 2990 quidem,
1499 2928 1582 3057 {aas
1613 2907 1748 2971 uberius
1780 2927 1879 2988 supra
1906 2904 2061 2983 tractavi,
2096 2922 2184 2967 nune

174 2991 210 3054 in
242 2991 331 3055 vasis
364 2991 608 3056 misericordiae
642 3003 737 3058 notas
776 2995 875 3060 faciat
914 2994 1040 3077 gratiae
1073 3012 1153 3057 suae
1204 2993 1325 3057 cursim
1348 2999 1478 3061 tantum
1522 2992 1615 3058 olibo.
1954 3059 1956 3063 .

176 3075 321 3141 divitias:
363 3074 546 3146 seeundum
620 3078 758 3144 atuitam
792 3079 983 3147 electionem
1016 3079 1151 3157 servari,
1290 3083 1364 3157 [pag.
1392 3084 1462 3156 145]
1487 3080 1712 3163 Augustinum
1735 3085 1905 3160 postquam
1928 3076 2046 3140 acriter
2068 3073 2183 3158 flagel-

94 3240 100 3248 ο
175 3158 332 3245 quidquid
355 3161 560 3228 inIsraeles
596 3185 674 3229 vum
694 3173 756 3230 est:
781 3172 879 3248 atque
896 3167 943 3229 ita
960 3164 1153 3249 electionem
1205 3162 1295 3242 lavit,
1317 3174 1356 3229 nt
1377 3166 1432 3246 qui
1454 3165 1490 3228 in
1508 3164 1570 3229 hac
1583 3163 1803 3246 disputatione
1816 3164 1941 3244 impetu
1958 3161 2067 3244 magis
2084 3179 2183 3241 quam

175 3245 321 3311 obtinere
344 3247 455 3331 (Rom.
482 3252 537 3325 ll,
560 3247 612 3327 7),
647 3256 681 3314 et
714 3272 796 3333 quae
823 3251 928 3316 fusius
956 3271 1015 3315 suo
1038 3249 1152 3314 ordine
1204 3249 1375 3316 moderata
1402 3251 1531 3314 ratione
1559 3246 1700 3328 feratur,
1731 3250 1787 3330 qui
1814 3248 1880 3320 huc
1908 3245 1986 3311 illuc
2007 3246 2181 3328 impingat,
2276 3307 2282 3317 ,

136 3403 140 3411 ,
174 3353 276 3416 supra
303 3334 523 3415 exposuimus.
575 3333 674 3399 Certe
701 3337 801 3400 etiam
828 3337 857 3400 si
884 3336 1038 3419 centuplo
1066 3341 1153 3400 essct
1225 3334 1260 3398 ui
1304 3336 1425 3400 roserat
1446 3357 1529 3418 quae
1547 3335 1654 3400 aliena
1672 3332 1826 3399 videntur
1842 3332 1907 3397 Dei
1925 3328 2181 3394 bonitate:‘eius

174 3417 320 3495 acutior,
352 3418 455 3484 nullis
488 3426 601 3484 tamen
632 3421 766 3487 cavillis·
794 3423 928 3500 efficiet,
967 3421 1048 3504 quin
1082 3427 1150 3484 tam
1204 3356 1321 3484 deinde
1354 3420 1513 3505 suffragio
1545 3440 1643 3502 quam
1684 3438 1799 3502 parum
1839 3413 2023 3481 verecunde
2057 3420 2178 3512 utatur,
2212 3435 2217 3445 ·
2258 3430 2261 3436 ·

174 3518 332 3567 sonorum
359 3504 457 3568 Pauli
486 3504 661 3569 clamorem
690 3506 744 3571 vel
772 3506 934 3573 surdastri
963 3504 1149 3572 exaudiant.
1203 3505 1310 3571 tribus
1346 3505 1455 3583 verbis
1496 3504 1677 3570 ostendam.
1725 3502 1943 3584 Diligentiam
1962 3505 2082 3564 'sanctr
2116 3520 2180 3562 vrri

175 3584 273 3668 Quod
312 3591 427 3667 vero²)
470 3590 611 3655 multam
648 3592 825 3658 verborum
864 3592 1050 3678 congeriem
1090 3591 1151 3656 hoe
1203 3588 1324 3668 laudat,
1347 3589 1434 3672 quod
1455 3590 1491 3653 in
1513 3588 1597 3654 libro
1619 3589 1660 3652 ad
1679 3586 1934 3673 simplicianum
1950 3583 2180 3651 Mediolanen-

173 3671 306 3739 eumulo
340 3675 511 3756 terminat,
546 3696 612 3740 non
646 3697 774 3742 creasse
800 3676 911 3743 Deum
944 3696 1027 3762 quos
1054 3697 1149 3760 prae-
1203 3696 1273 3741 sem
1301 3676 1492 3758 episcopum
1524 3672 1638 3740 sedulo
1665 3673 1889 3757 quaestionem
1916 3672 2001 3736 hanc
2030 3669 2178 3737 ventilet.

173 3757 304 3835 viderat
332 3760 487 3844 reprobos
513 3762 597 3827 fore:
632 3762 689 3827 sed
722 3763 877 3846 reprobos
906 3762 1041 3829 scivisse
1068 3780 1150 3846 quos
1202 3761 1366 3843 Anapus
1401 3760 1576 3844 aliquando
1608 3758 1805 3844 inspexerit,
1844 3757 1968 3822 nescio:
2008 3776 2110 3839 quum
2136 3775 2179 3845 ex

173 3851 355 3910 creaverat:
392 3844 529 3928 perinde
560 3856 610 3912 est
649 3869 687 3914 ae
715 3849 743 3914 si
776 3848 846 3914 luto
880 3847 1023 3913 illineret
1054 3846 1149 3931 figuli
1202 3845 1296 3911 libris
1318 3846 1445 3911 duobus
1468 3846 1618 3912 libellum
1639 3867 1742 3910 unum
1764 3845 1871 3910 faeiat.
1907 3841 2034 3908 Mirum
2056 3848 2177 3920 tamen,
2205 3849 2235 3867 ’·

174 3930 284 3995 oculos
306 3936 487 4010 et‘manus,
510 3952 552 3997 ne
570 3953 634 4015 qua
655 3933 726 3998 eius
744 3934 850 3999 forma
871 3934 964 3999 nobis
982 3939 1148 4017 appareat.
1202 3954 1262 3998 cur
1284 3931 1406 3997 librum
1427 3932 1540 4010 illum,
1576 3952 1674 4015 quem
1707 3952 1742 3995 sc
1766 3929 1976 4014 Augustinus
2004 3927 2099 3991 initio
2127 3926 2179 3990 sui

174 4013 338 4080 Similiter
359 4037 461 4099 quum
484 4038 525 4082 ex
547 4018 654 4100 primo
676 4019 718 4084 ad
739 4019 901 4103 Ephesios
921 4020 1028 4102 capite
1050 4038 1150 4101 expe·
1202 4017 1409 4101 episcopatus
1431 4019 1600 4101 scripsisse
1622 4024 1865 4092 commemorat,
1888 4015 1993 4094 bouus
2015 4014 2077 4078 iste
2099 4009 2179 4076 <lex-
2217 4081 2221 4085 ,

159 4099 242 4165 dire
265 4120 302 4165 se
324 4101 454 4181 nititur,
480 4104 527 4167 ita
546 4102 749 4170 ludibundus
771 4105 901 4188 proiicit
922 4124 998 4171 suas
1021 4104 1148 4187 ampul·
1202 4112 1317 4186 terque
1334 4104 1496 4186 interpres
1515 4126 1557 4169 ex
1575 4103 1726 4168 omnibus
1745 4096 1888 4166 maxime
1901 4095 2068 4183 delegerit.
2091 4097 2179 4161 Nam
2340 4170 2343 4176 ,

173 4183 237 4264 Ιιιε,
271 4207 309 4252 ac
338 4187 365 4251 si
391 4187 483 4252 inani
507 4209 565 4254 suo
589 4191 728 4274 strepitu
755 4191 898 4258 Paulum
925 4189 1149 4257 obmutescere
1202 4190 1265 4254 etsi
1287 4188 1382 4254 illum
1404 4189 1540 4274 Pelagio
1562 4197 1658 4255 autor
1679 4189 1830 4271 opponit,
1858 4207 1925 4250 non
1948 4194 2060 4249 tamen
2082 4181 2179 4247 dissi·
2240 4221 2242 4225 -
2277 4256 2281 4262 ι

174 4279 312 4366 cogeret.
356 4271 471 4358 Elegit
490 4295 550 4338 nos
572 4271 665 4340 Deus
685 4277 722 4341 in
744 4274 893 4357 Christo,
923 4277 1002 4359 quia
1022 4275 1148 4359 gratiae
1201 4273 1323 4355 mulat,
1354 4283 1477 4357 quanto
1499 4276 1630 4358 plonius
1649 4282 1763 4357 postea
1791 4270 1979 4336 et’solidius
2001 4266 2041 4333 de
2063 4266 2179 4358 eadem
2263 4323 2265 4327 .
2301 4324 2304 4327 ,
2388 4287 2391 4296 ·

173 4377 266 4436 ειιεε,
295 4378 379 4440 quae
401 4359 522 4442 alioqui
545 4362 697 4427 omnibns
718 4363 866 4445 exposita
888 4369 954 4442 est,
984 4360 1148 4444 praevidit
1201 4381 1237 4424 re
1260 4359 1499 4441 disseruerit.⁸)
1529 4362 1631 4426 *Haeo
1654 4357 1849 4424 eiusverba
1869 4365 1960 4422 sunt:
1989 4352 2064 4419 Illic
2086 4374 2106 4417 a
2125 4375 2179 4417 me
2272 4400 2275 4404 ι

171 4441 279 4510 locum
301 4442 337 4523 in
359 4442 455 4509 nobis
475 4445 553 4508 fore:
584 4445 696 4531 Elegit
714 4466 755 4511 ex
773 4448 943 4513 omnibus:
967 4447 1043 4530 quia
1060 4445 1148 4529 quod
1201 4453 1333 4511 ostensa
1354 4456 1405 4511 est
1432 4445 1688 4529 praedestinatio
1715 4451 1918 4510 sanctorum:
1947 4461 2046 4523 quarn
2066 4446 2190 4523 postea¹

170 4528 206 4592 in
239 4547 414 4594 commune
452 4530 656 4613 propositum
686 4539 757 4597 erat
789 4533 957 4612 omnibus,
997 4539 1147 4598 nostrum
1201 4529 1391 4615 diligentius
1414 4538 1449 4596 et
1470 4533 1653 4614 operosius,
1674 4550 1776 4620 quum
1801 4527 1960 4593 adversus
1981 4525 2179 4609 Pelagianos

169 4754 236 4809 [εἰει
252 4752 338 4807 Israel
357 4752 390 4807 de
409 4769 490 4822 grace
508 4755 641 4822 speciale:
660 4770 731 4823 pour
748 4769 779 4808 ce
797 4769 849 4823 que
867 4751 943 4807 desia
960 4752 979 4806 il
997 4752 1071 4807 auoit
1088 4753 1148 4807 este

169 4823 233 4877 cleu
251 4837 287 4875 au
304 4827 399 4876 ventre
415 4821 452 4876 de
471 4838 503 4876 aa
515 4837 597 4877 mare.
633 4823 685 4878 Sur
703 4818 762 4877 'cela
779 4822 799 4876 il
817 4820 930 4891 s’esgaie
948 4821 1038 4876 disant
1055 4821 1148 4890 quola
1270 4819 1300 4887 1)
1319 4819 1343 4874 Il
1366 4818 1466 4875 babille
1494 4821 1562 4873 ainsi
1589 4833 1655 4872 avec
1682 4831 1736 4870 une
1763 4817 1866 4893 audace
1892 4819 1917 4871 ie
1944 4832 1977 4871 ne
2004 4831 2051 4884 say
2079 4811 2177 4880 quelle,

169 4889 344 4949 misericorde
355 4889 396 4943 'de
414 4890 486 4945 Dieu
503 4905 537 4944 ne
556 4889 651 4946 detaut
668 4893 685 4946 a
701 4891 749 4945 nul
766 4890 812 4959 qui
829 4891 883 4946 soit
900 4895 947 4944 ea.
1201 4904 1303 4943 comme
1323 4889 1345 4943 si
1363 4895 1409 4943 cte.
2048 4943 2054 4954 ,

240 4956 269 5024 1)
289 4973 393 5029 comme
412 4960 435 5012 si
452 4957 574 5027 parteis
592 4959 738 5028 badinages
756 4956 1147 5038 ilpouvoitbanderlesyeux
1215 5028 1220 5036 ἡ
1268 4952 1299 5039 ⁹3)
1317 4957 1371 5011 En*
1385 4973 1500 5050 quam-
1573 4992 1586 5035 ·.
1605 4953 1710 5009 delibo:
1746 4952 1832 5075 Vogla
1859 4953 1996 5020 doneques
2023 4952 2073 5034 les·
2090 4945 2178 5006 belles

169 5027 203 5083 do
222 5032 284 5080 tout
300 5027 326 5080 le
344 5026 442 5080 monde
461 5027 601 5082 tellement
623 5025 704 5096 qu'on
721 5041 756 5080 ne
773 5032 827 5082 vrst
843 5026 906 5095 plus
923 5032 1069 5097 goutteen
1086 5031 1148 5079 tout
1201 5025 1334 5080 solutions
1352 5039 1492 5094 quameue
1510 5022 1621 5090 Pighius
1639 5038 1709 5091 pour
1726 5038 1769 5076 me
1807 5020 2177 5093 esnuerdostesmorgnages
2202 5043 2206 5051 ·

168 5095 195 5150 le
213 5101 289 5149 texte
308 5095 342 5149 de
361 5094 388 5148 S.
406 5095 483 5150 Paul.
518 5095 588 5150 Mais
607 5104 681 5154 ceste
698 5094 822 5149 doctrine
847 5102 891 5151 εει
913 5108 965 5162 par
983 5101 1046 5163 trop
1060 5093 1147 5148 claim
1200 5093 1234 5148 do
1252 5092 1421 5149 l’Escriture.
1459 5090 1543 5147 antt.
1563 5106 1614 5145 om.
2125 5148 2127 5153 ,
2173 5147 2178 5156 ,

168 5179 240 5234 pour
257 5178 291 5218 en
310 5161 422 5217 divertir
438 5163 478 5218 les
492 5162 614 5219 lecteurs
633 5165 655 5217 si
673 5165 810 5218 aisement
954 5189 958 5195 ·
1268 5161 1298 5229 3)
1318 5160 1392 5216 Libr.
1410 5161 1426 5214 1
1444 5160 1478 5217 de
1496 5159 1660 5229 praedestin.
1680 5165 1835 5213 sanctorum
1847 5161 1910 5226 ‘cap
1921 5155 1947 5211 4.
1971 5156 2013 5214 De
2025 5156 2097 5212 bono
2116 5172 2177 5226 per·
2208 5170 2211 5177 ·

239 5230 269 5299 2)
289 5228 368 5300 Quod
386 5247 451 5287 vero
471 5273 477 5285 .
498 5275 504 5286 .
523 5271 552 5285 ..
574 5274 580 5284 .
598 5238 732 5320 appareat
750 5231 826 5286 adest
843 5245 861 5283 a
876 5229 985 5299 pudiea
1200 5246 1286 5286 sever.
1305 5246 1362 5299 cap
1382 5228 1423 5286 20.
1526 5297 1531 5305 .
