4792 5910
249 325 314 390 295
1045 319 1112 385 1)ss
1134 314 1356 383 immi
1374 314 1461 382 nm
2189 313 2254 375 296

254 498 2256 594 endsntpaemtoe:h0mimsoeeutuine‚eieunrthmd2hmnmpue,setmbh

259 597 418 673 loentum
456 614 558 678 quum
588 592 919 677 primumeenditns
945 601 1013 669 est,
1051 606 1090 654 nt
1116 583 1508 674 magnerensium:
1535 583 2255 650 nibilantminhenineodeiitaedam·

258 678 405 747 eudendo
437 679 500 745 siti
533 679 604 763 ipse
635 679 730 743 exitii
762 700 862 744 musa
900 678 1014 743 fuerit:
1057 686 1091 741 et
1122 681 1360 761 tarnen3net‚
1392 670 1925 735 nisisiiistitiasmalienum
1968 670 2255 736 Attexitetillud

260 761 708 831 admirabiliileieunsilio
747 761 1157 838 itatuimeerdimtum,
1195 755 1399 849 11121’21111:
1446 753 1559 820 Deum
1597 756 1753 821 dansirse
1790 758 1900 821 munia
1936 755 1998 820 sub
2034 767 2180 838 peeeate,
2217 763 2254 821 ut

256 850 443 916 voluntaria
468 848 552 916 haee
578 850 676 915 ruina
701 848 1000 933 bumanogeneri,
1027 845 1234 912 etommbus
1258 862 1261 913 ε’
1285 841 1780 923 omnimnmismeaturfflom
1804 841 2163 923 immisisse)
2204 843 2255 907 Ae

255 935 351 1002 Adae
381 935 536 1019 materh,
574 933 772 1000 humilitatis
805 935 944 999 materia
971 935 1064 998 leret.
1118 925 2167 1035 NequeisiPanlusilliedeborninmnnumerodisputaret:
2190 948 2255 992 nou

256 1018 1234 1102 enim,ai1)e⁰itavisumestexpedire,ideenonpro-
1258 1046 1262 1116 p
1285 1019 1396 1075 autem
1428 1013 1539 1096 potius
1570 1012 1754 1094 simplicem
1784 1014 1911 1096 gratiae
1941 1012 2254 1078 sommenditionem

256 1106 330 1190 pria
368 1104 537 1170 voluntate
576 1125 613 1169 se
650 1105 862 1188 praeeipitem
901 1103 1008 1181 dedit,
1051 1103 1107 1185 qui
1144 1111 1262 1182 sema,
1372 1097 2254 1181 retergieesomnesquiadsalutemperreniunt

262 1187 789 1274 naturaalioquipraeditns,et
815 1187 1262 1271 adDeiimaginemior·J
1318 1181 1380 1245 ihil
1410 1192 1500 1246 eerte
1530 1181 1579 1246 illi
1607 1185 1719 1247 minus
1745 1183 2047 1266 propusitumsuit,
2094 1184 2255 1249 uamDei

260 1284 472 1342 mutauerat.
516 1275 794 1358 iterumrepete:
833 1273 1102 1351 Noumelatet,
1130 1266 1546 1386 quan-imiserieordiam
1584 1267 1627 1332 ad
1658 1290 1773 1333 omnes
1809 1267 1998 1334 extendere:
2126 1276 2255 1333 tantum

259 1371 332 1426 tum
360 1359 574 1427 absurditatis
603 1368 638 1425 et
664 1360 905 1444 repugnantiae
936 1357 1019 1425 base
1044 1355 1133 1441 apud
1158 1377 1234 1439 pro-
1258 1389 1262 1474 ¹
1284 1372 1417 1417 omnem
1444 1373 1555 1418 earnis
1580 1352 1809 1436 glonafionem
1837 1364 2046 1437 prosternere
2071 1353 2191 1419 voluit:
2218 1361 2254 1418 ut

258 1445 823 1530 ianoebominespraeseierant
868 1439 1429 1550 Sedpromillempseiamus
1460 1438 1629 1502 neminem
1661 1440 1731 1502 tore
1763 1438 1908 1518 mlvmn,
1942 1441 2006 1504 nisi
2039 1459 2137 1522 quem
2166 1460 2254 1504 mara

258 1534 315 1610 8⁰]
337 1531 476 1597 testibm
497 1552 565 1596 una
582 1530 781 1597 eouseientia
797 1531 949 1596 snffieers
970 1530 1065 1595 nobis
1082 1527 1194 1593 debet:
1207 1528 1233 1609 ¹)
1285 1524 1393 1605 gratia
1431 1520 1526 1587 Deus
1564 1525 1758 1588 servaverit
1813 1525 1869 1589 En
1900 1526 2019 1608 quibus
2054 1525 2254 1609 argumentis

280 1638 357 1682 uam
374 1617 404 1681 si
421 1615 585 1695 audimus,
602 1637 724 1700 negare
741 1624 829 1681 eerte
892 1614 992 1694 debit,
1008 1615 1080 1678 iure
1097 1613 1234 1697 pen'isse
1286 1607 1396 1671 nullos
1416 1628 1496 1690 prae
1518 1606 1592 1672 aliis
1613 1607 1773 1674 divinitus
1794 1609 1836 1674 ad
1858 1610 1996 1676 sulutem
2017 1610 2117 1675 fuisse
2137 1610 2265 1684 destas

257 1640 440 1780 bominem
463 1703 519 1785 qui
540 1699 702 1767 Satanan
725 1722 823 1785 quam
844 1638 956 1767 ppm
976 1708 1095 1785 sponte
1116 1697 1235 1763 maluit
1286 1691 1508 1789 demonstret,
1543 1695 1622 1776 quin
1648 1697 1685 1758 in
1709 1696 1850 1779 singulis
1873 1697 2018 1779 eapitnni
2051 1695 2155 1761 titulis
2180 1695 2255 1780 plus

253 1786 355 1871 sequi.
1286 1798 1387 1860 quam
1409 1786 1522 1862 inepta
1542 1800 1603 1861 pro
1624 1777 1774 1844 Euclidis
1790 1782 1888 1845 simia
1908 1803 1944 1846 se
1965 1779 2121 1846 venditat
2135 1781 2159 1862 ¹)

344 1871 442 1943 Nune
460 1870 641 1937 audiendae
658 1870 861 1956 suntPighii
877 1871 1097 1953 probationes,
1115 1868 1235 1951 quibua
1372 1863 1521 1928 'l'ertiuin
1542 1865 1660 1943 finem,
1689 1867 1745 1948 qui
1773 1867 1855 1930 aafia
1878 1866 1965 1933 elare
1987 1875 2022 1930 et
2041 1864 2160 1931 diserte
2180 1871 2254 1945 [pag.

258 1954 431 2023 oawndere
457 1965 610 2035 eonatur,
649 1955 877 2022 indifferenter
907 1954 1060 2021 omnibus
1092 1954 1234 2018 salutem
1287 1953 1342 2027 821
1363 1948 1420 2012 illo
1437 1946 1625 2014 &emonis
1645 1950 1716 2016 loeo
1738 1952 1942 2034 exprimitur,
1959 1951 2044 2035 quod
2067 1958 2200 2034 propter
2220 1973 2254 2016 se

258 2042 359 2107 {uisae
381 2043 603 2107 wmtitutam.
648 2041 785 2107 Mentiri
814 2041 934 2124 alioqui
962 2041 1117 2125 spiritum
1145 2038 1234 2117 dicit,
1258 2012 1263 2142 1
1287 2032 1382 2098 Deus
1401 2034 1512 2098 omnia
1534 2036 1668 2114 crearit,
1690 2037 1790 2100 etiam
1812 2038 1949 2120 impium
1971 2035 2012 2101 ad
2030 2037 2116 2101 diem
2133 2036 2254 2101 malum

257 2128 313 2210 qui
341 2126 552 2210 pronunciat,
577 2125 688 2192 Deum
722 2127 869 2191 omnium
901 2147 973 2192 esse
1001 2134 1138 2208 patrem
1180 2124 1235 2189 De
1286 2118 1616 2201 (Prov.16,4)‚bae
1637 2123 1765 2186 muana
1787 2123 1971 2206 impugnat:
1994 2121 2090 2202 Quod
2108 2122 2254 2188 siDenm

256 2211 409 2295 coniugio
428 2210 497 2278 illie
519 2219 639 2278 traetat
659 2209 843 2277 Mahehius
865 2216 910 2293 (2,
937 2212 1001 2293 ll),
1021 2210 1114 2275 euius
1135 2208 1235 2274 fidem
1286 2204 1471 2287 respexisse
1510 2203 1665 2285 diuinus,
1702 2206 1783 2290 quid
1821 2209 1938 2291 cuique
1974 2209 2121 2272 futurum
2161 2215 2253 2287 esset,

255 2294 402 2396 plerique
446 2296 559 2362 mariti
606 2305 686 2362 tune
732 2296 902 2375 fallebant,
946 2298 1002 2380 qui
1046 2295 1235 2379 polygamia
1286 2287 1387 2353 simul
1407 2309 1543 2354 neeesse
1564 2291 1628 2354 erit
1654 2291 1752 2356 fateri
1773 2290 2000 2358 discretionem
2027 2295 2114 2358 inter
2138 2292 2254 2358 eleetos

257 2380 392 2447 indueta
417 2379 616 2447 staudabint
642 2382 766 2465 primas
790 2403 920 2447 uxorea
965 2382 1033 2447 Pes
1061 2379 1104 2445 ad
1124 2380 1234 2445 Deum
1286 2394 1325 2439 ae
1346 2375 1503 2457 reprobos
1524 2377 1668 2459 priorem
1690 2378 1790 2443 fuisse
1807 2378 1950 2443 hominis
1967 2378 2072 2460 lapsu,
2094 2380 2129 2442 in
2145 2385 2254 2442 mente

255 2464 331 2532 fidei
361 2466 544 2551 eoniugalis
570 2466 755 2551 praesidem
786 2488 825 2533 ae
853 2465 1020 2532 vindicem
1052 2467 1234 2548 revocate
1286 2457 1408 2523 divina
1437 2459 1535 2525 Unde
1558 2470 1722 2544 sequetur,
1740 2485 1808 2528 non
1829 2463 1980 2528 damnari
2000 2462 2161 2546 reprobes,
2179 2464 2255 2546 quia

252 2550 401 2617 Videant
421 2574 511 2617 nune
532 2551 680 2630 ieeteres,
702 2550 809 2636 qualis
827 2553 863 2617 in
881 2553 1044 2635 seriptura
1060 2549 1234 2616 uisenda
1285 2543 1407 2627 perditi
1428 2546 1552 2609 fuerint
1572 2547 1608 2611 in
1629 2547 1748 2628 Adam,
1769 2548 1827 2614 sed
1846 2551 1923 2632 quia
1938 2556 2015 2614 anta
2024 2548 2152 2631 lapsum
2162 2546 2254 2612 Adae

253 2637 298 2703 sit
319 2637 360 2702 Pi
385 2636 432 2701 bii
454 2636 580 2720 religio.
626 2633 767 2702 Subiieit
794 2658 837 2702 ex
865 2637 1014 2702 Psalmo:
1085 2634 1233 2701 Suarem
1284 2631 1351 2693 iam
1377 2631 1477 2695 exitio
1506 2630 1616 2696 devoti
1643 2641 1748 2698 arant
1790 2634 1859 2700 Rea
1903 2633 2001 2714 ndeo,
2027 2632 2109 2698 nihil
2129 2634 2253 2697 ιιιὶιιιιιι

254 2742 326 2788 esse
389 2723 538 2788 ominum
566 2722 740 2788 neironis.
784 2721 883 2789 Unde
910 2721 1027 2788 eonelu
1052 2721 1092 2801 ἰ,
1119 2742 1234 2785 omnes
1284 2735 1372 2794 esse,
1406 2716 1435 2780 si
1467 2724 1535 2780 tam
1568 2716 1828 2785 indiae‘riminate
1874 2731 1912 2785 ιιι
1938 2721 2009 2784 eius
2036 2717 2143 2784 verbis
2163 2719 2252 2800 utar)

254 2807 326 2875 sine
365 2810 560 2891 exceptione
601 2805 644 2872 ad
688 2808 791 2872 ritem
834 2814 1003 2873 aeternam
1042 2803 1231 2871 destinates
1284 2800 1397 2864 omnis
1416 2801 1534 2865 miseet
1553 2802 1696 2886 Pighius
1717 2805 1753 2869 in
1775 2805 1838 2870 Dei
1859 2804 1999 2884 iudiciis,
2021 2803 2149 2888 quando
2168 2804 2276 2869 inter.

254 2890 351 2975 Quod
374 2893 401 2959 ai
424 2912 541 2958 verum
560 2900 621 2971 est,
643 2892 778 2958 eanibus
796 2893 896 2958 etiam
913 2902 947 2958 et
963 2892 1064 2957 asinii
1082 2899 1233 2974 apertum
1285 2906 1401 2951 musas
1422 2887 1624 2970 propinquas
1645 2898 1680 2955 et
1701 2898 1843 2957 remotas
1862 2911 1931 2956 non
1953 2890 2116 2957 disseruit
2158 2889 2253 2954 Post-

254 2984 345 3045 estr
412 2998 468 3043 uni
491 2976 666 3043 eoelorum
711 2977 828 3061 Neque
849 2978 939 3043 enim
959 2975 1025 3041 Dei
1052 2977 1230 3042 bonitatem
1283 2991 1383 3053 quam
1404 2970 1470 3037 hue
1487 2972 2042 3059 illueeireumspexorinthomines,
2064 2995 2128 3058 quo
2144 2981 2254 3039 tamen

254 3083 338 3147 quae
445 3062 554 3128 inibus
580 3064 715 3147 propria
741 3063 800 3142 sit,
833 3062 901 3129 illie
928 3061 1136 3129 commendat
1156 3082 1232 3145 pro-
1283 3057 1437 3121 interitus
1476 3059 1529 3122 sui
1567 3059 1699 3143 eulpam
1723 3063 1939 3141 manutenet,
1978 3083 2044 3126 non
2070 3059 2252 3125 invenient:

253 3147 369 3232 pheta:
392 3146 450 3215 aad
473 3147 586 3213 omnia
605 3147 670 3213 Dei
687 3168 787 3230 opera
808 3147 1064 3232 eomprehendit
1106 3146 1232 3228 Quidni
1283 3141 1360 3224 quia
1381 3143 1534 3224 proxima
1554 3144 1591 3208 in
1607 3144 1689 3228 ipsis
1706 3167 1805 3211 eausa
1821 3147 1951 3214 residet
1976 3147 2063 3212 Nam
2081 3143 2254 3211 sialiunde

253 3241 366 3299 tamen
388 3255 448 3318 pro
469 3232 626 3299 fratribus
648 3233 716 3298 auia
738 3233 879 3316 Pighius
897 3231 1084 3332 depugnet?
1112 3229 1232 3316 Sequi·
1283 3226 1447 3292 inflietum
1469 3227 1531 3292 sibi
1552 3230 1674 3297 vulnus
1695 3241 1885 3315 querantur,
1907 3233 2044 3297 interior
2061 3231 2159 3295 animi
2175 3251 2254 3294 san·

254 3326 310 3384 tur
331 3320 430 3384 tertia
451 3317 615 3401 probatio:
639 3316 738 3398 Quod
760 3340 829 3383 non
850 3320 894 3386 sit
914 3318 1080 3384 distinetio
1099 3317 1231 3401 gentilis
1283 3332 1339 3377 sus
1361 3313 1555 3380 eonatrietus
1576 3316 1710 3395 tenebit,
1731 3339 1773 3383 ex
1795 3318 1981 3383 voluntaria
1997 3317 2095 3400 primi
2111 3313 2254 3380 hominis

253 3424 291 3470 ae
318 3402 451 3481 Iudaei,
482 3410 566 3469 testa
591 3403 698 3469 Paulo
727 3403 838 3486 (Rom.
866 3408 918 3484 10,
951 3405 1013 3486 12),
1058 3403 1131 3487 Ego
1153 3424 1231 3470 varo
1283 3395 1466 3463 defentione
1487 3407 1639 3466 exortum
1663 3403 1765 3468 fuisse
1790 3404 1922 3469 malum
1967 3401 2045 3469 Seio
2072 3422 2138 3466 non
2158 3421 2256 3484 possa

254 3488 316 3555 hoe
344 3488 486 3555 libenter
513 3487 708 3572 amplecter,
737 3489 833 3555 modo
860 3488 1001 3555 addatur
1022 3489 1122 3554 etiam
1144 3487 1231 3571 quod
1283 3484 1392 3548 earnis
1418 3485 1621 3566 proterviam
1642 3490 1819 3572 oompesei,
1847 3490 1926 3573 quin
1954 3488 2008 3554 hie
2028 3487 2176 3573 protinus
2198 3486 2256 3550 ob·

253 3571 340 3671 idem
363 3573 489 3639 Paulus
511 3572 618 3640 docet:
642 3573 786 3641 Voeataa
806 3576 843 3639 in
860 3574 1024 3675 evangelii
1042 3575 1230 3640 societatem
1283 3569 1459 3667 strepat22)
1503 3567 1542 3636 Si
1575 3571 1669 3638 Adae
1700 3595 1814 3640 easum
1845 3574 2023 3658 praescivit
2054 3573 2158 3649 Deus,
2194 3591 2257 3636 nee

254 3657 355 3722 luisse
399 3667 502 3737 entes,
546 3659 602 3724 nia
624 3667 757 3725 aeterno
778 3658 844 3725 Dei
865 3660 1001 3728 oonsilio
1023 3658 1121 3724 adid
1143 3658 1231 3724 ordi·
1283 3653 1466 3719 remedium
1499 3654 1656 3723 adhibere
1672 3660 1807 3739 uoluit,
1846 3681 1907 3725 nos
1939 3681 1981 3724 ex
2013 3666 2144 3723 aeterno
2182 3657 2257 3721 eius

255 3748 352 3841 natue
370 3680 505 3840 iterant
525 3680 638 3825 illem.
652 3749 714 3843 ‚¹9¹
737 3745 804 3828 26).
849 3745 939 3811 citat
959 3754 993 3811 et
1012 3744 1094 3810 illud
1116 3745 1230 3811 Ecule-
1282 3737 1414 3804 decreto
1457 3742 1543 3806 erite
1564 3743 1716 3810 innoxios
1737 3767 1771 3810 m
1817 3746 1858 3824 ‘s,
1888 3765 1987 3829 quam
2007 3745 2110 3809 iustas
2129 3742 2257 3840 peeoati

255 3834 394 3893 siastiei:
419 3833 493 3907 [pap
517 3833 572 3906 81]
616 3827 711 3894 Nihil
739 3829 849 3895 Deum
876 3829 983 3896 odisse
1010 3850 1231 3913 eorumquae
1281 3845 1405 3908 poenas
1465 3848 1509 3891 re.
1554 3825 1698 3908 Verum,
1726 3838 1765 3895 ut
1808 3852 1901 3895 emus
1922 3828 2005 3894 nihil
2026 3828 2092 3894 tale
2112 3828 2213 3892 fuisse
2234 3847 2258 3891 a

253 3910 388 4060 ξοοὶιβζ
425 3912 481 4010 Aa·
498 3912 528 3977 si
549 3933 616 3977 non
638 3913 759 3996 ubique
788 3913 986 3994 diceremus,
1014 3915 1099 3981 nihil
1118 3914 1231 3980 Deum
1281 3910 1363 4009 ⁰5⁰.
1391 3912 1596 4010 praevisum,
1637 3914 1752 3981 eadem
1790 3915 2005 3981 nihilominus
2044 3913 2083 3979 de
2121 3917 2258 3995 pseeato

254 4017 290 4062 in
314 4016 357 4060 no
380 4017 408 4061 ia
431 3995 536 4062 eduae
559 3995 645 4079 quod
667 4018 765 4063 suum
787 4007 846 4077 est,
869 3999 927 4066 sed
944 3999 1138 4084 degenerem
1156 4008 1230 4065 tan·
1282 3996 1435 4079 originali
1462 3998 1667 4080 querimonia
1692 4002 1848 4067 manebit
1892 3998 2043 4066 Obiieiet‘
2064 3998 2153 4063 enim
2181 3995 2259 4062 Deo

254 4093 325 4147 tum
349 4089 512 4159 naturam,
536 4102 619 4165 quae
640 4083 760 4148 merito
780 4085 905 4167 primae
927 4084 1101 4151 ereationis
1123 4083 1231 4149 defer·
1281 4081 1447 4163 impietas:
1474 4081 1544 4147 Our
1565 4105 1633 4149 non
1655 4086 1718 4153 sibi
1738 4087 1904 4170 privatim,
1927 4092 1965 4150 ut
1985 4084 2075 4151 solus
2096 4082 2258 4148 damnum

254 4167 352 4232 mitae
374 4175 537 4233 censetur.
583 4162 777 4248 Caeterum,
804 4170 840 4234 iu
861 4169 923 4237 boe
940 4168 1074 4237 sardine
1095 4171 1231 4234 minime
1282 4168 1435 4247 sentiret,
1462 4170 1612 4251 peeeavit
1641 4176 1715 4250 [pag.
1738 4176 1793 4250 83]
1819 4169 1949 4236 Adam?
1994 4169 2065 4235 Our
2090 4190 2164 4247 nos,
2199 4169 2259 4251 qni

149 4264 156 4275 '
255 4260 406 4318 versatur
434 4250 673 4336 reprobationis
701 4253 862 4336 quaestio:
907 4256 962 4320 An
990 4253 1112 4337 aliquid
1134 4276 1231 4320 suum
1282 4251 1367 4316 nibil
1394 4254 1503 4318 meriti
1531 4276 1679 4336 eramus,
1706 4258 1742 4321 in
1763 4255 1908 4323 eiusdem
1937 4255 2038 4322 eladis
2065 4254 2258 4320 soeietatem

105 5073 108 5079 ”
247 5070 322 5125 leura
342 5072 369 5124 t'o
406 5078 435 5126 at
450 5071 589 5127 huminltt
606 5071 659 5126 l’un
678 5074 695 5128 b
712 5071 815 5128 l'autre.

254 4335 361 4404 oderit
388 4338 488 4403 Deus.
539 4337 614 4403 Etsi
646 4339 734 4403 enini
766 4352 843 4405 anta
882 4339 1094 4406 defectionem
1127 4339 1230 4420 Adae,
1280 4336 1445 4403 involvit?
1489 4338 1571 4419 Iino,
1594 4362 1658 4424 quo
1679 4344 1751 4407 iure
1772 4343 1898 4408 alienae
1920 4341 2036 4424 eulpae
2056 4360 2198 4422 poenam
2218 4337 2258 4402 in

252 4421 332 4506 quid
353 4423 499 4488 laetania
519 4423 720 4503 essetDeus,
742 4424 887 4492 oeeultas
908 4425 949 4491 ob
971 4446 1088 4492 eaesae
1107 4432 1231 4492 statue·
1282 4443 1341 4487 uos
1379 4423 1473 4488 Deua
1512 4426 1662 4493 traiecit?
1708 4427 1776 4493 Sed
1815 4429 1903 4493 enim
1931 4426 1988 4492 ubi
2026 4424 2134 4492 omnia
2168 4422 2260 4489 dieta

254 4516 322 4585 rat,
353 4506 435 4572 nibil
464 4518 575 4574 umen
603 4508 643 4574 ab
672 4529 711 4574 eo
740 4509 889 4576 damnari
919 4511 983 4576 nisi
1003 4519 1174 4595 peeeatum
1195 4512 1230 4576 in
1281 4507 1418 4588 fuerint,
1446 4509 1594 4594 singulos
1616 4513 1754 4577 interior
1774 4512 1880 4580 eordis
1907 4532 2024 4578 sensus
2046 4528 2164 4594 urgere
2187 4529 2259 4574 non

253 4593 419 4676 scriptura
450 4592 600 4678 legimus.
645 4593 699 4659 Ita
729 4602 847 4676 restat,
881 4605 919 4661 ut
949 4597 1052 4663 iustas
1079 4596 1232 4662 babuerit
1282 4592 1419 4674 desinet,
1442 4596 1496 4678 qui
1515 4597 1692 4676 neminem,
1715 4598 1771 4664 vel
1787 4619 1822 4664 se
1841 4597 1958 4677 iudiee,
1980 4596 2105 4679 patitur
2116 4594 2257 4659 absolvi.

288 4734 346 4741 ,,,
388 4732 453 4741 m.
1280 4679 1350 4744 Nae
1372 4699 1451 4746 vero
1474 4683 1732 4748 eontroversiam
1754 4683 1794 4749 de
1813 4703 1852 4747 eo
1869 4683 2040 4767 quisquam
2057 4680 2143 4746 fauit
2166 4679 2259 4744 Nam

318 4798 348 4865 1)
370 4798 433 4867 quoi
460 4796 523 4867 qu’il
546 4798 645 4877 babilla
669 4816 704 4853 ou
728 4799 833 4869 abbaye
851 4839 965 4856 .....
999 4799 1037 4856 0r
1054 4816 1106 4869 que
1124 4801 1228 4857 ehaeuu
1279 4785 1391 4865 ‘lump’
1404 4764 1446 4831 ⁰b
1457 4768 1555 4832 ”nim
1569 4767 1711 4833 hminis
1722 4775 1902 4853 limium»
1920 4767 2083 4867 lnffiillufn
2098 4765 2258 4831 munibus

249 4875 325 4922 antra
346 4881 380 4924 eu
397 4882 429 4921 so
467 4874 496 4921 et
513 4865 579 4935 qu’il
597 4876 707 4922 eaeoute
727 4883 758 4923 sa
776 4870 933 4925 eousdenca
950 4869 1043 4950 parler
1061 4906 1170 4923 .....
1279 4851 1380 4916 sueni
1406 4850 1529 4918 lethale
1551 4853 1687 4920 vulnus:
1722 4863 1848 4922 reatum
1869 4855 1935 4920 Dei
1960 4851 2117 4918 iudicium
2137 4870 2261 4917 omnes

316 4933 347 5000 2)
369 4934 416 4989 Aa
438 4972 445 4990 .
469 4932 540 5004 po'ur
566 4936 655 4990 miaux
678 4944 814 5017 monstret
837 4936 986 5019 l’eriormite
1007 4936 1041 4992 de
1064 4937 1124 4991 leur
1139 4937 1227 5018 peche
1281 4944 1473 5021 agnoscunt.
1518 4937 1556 5005 Si
1589 4939 1674 5005 nihil
1713 4941 1834 5020 obstat,
1875 4937 2048 5023 quominus
2080 4944 2114 5003 ot
2146 4937 2260 5021 prima

250 5038 439 5057 ........
459 5011 487 5058 at
509 5011 641 5072 pourtaiit
665 5005 804 5061 anoeudeit
824 5005 903 5081 qu'ils
935 5011 1063 5064 usassent
1092 5004 1125 5060 ds
1152 5006 1227 5061 mail·
2080 5052 2084 5057 .

317 5136 347 5205 8)
397 5139 512 5209 emwtd
528 5140 629 5195 alludit
645 5140 684 5194 ad
702 5140 747 5194 Pa.
766 5139 810 5212 at,
828 5140 864 5197 9?
1348 5142 1377 5205 1)
1395 5138 1474 5196 Haeo
1490 5143 1591 5198 obsuto
1607 5159 1625 5198 a
1640 5144 1746 5215 pullt‘eo.
1899 5148 1905 5157 '
1969 5162 1976 5168 ·
2096 5207 2102 5222 ⁸
2142 5208 2147 5220 Ι

316 5203 348 5269 4)
367 5205 470 5263 Eeetet
487 5207 538 5264 boe
556 5207 623 5279 Sap.
641 5208 683 5279 11,
700 5207 743 5265 at.
1349 5210 1381 5277 2)
1399 5209 1472 5264 aad.
1491 5228 1593 5267 comme
1611 5227 1642 5268 ee
1660 5213 1818 5282 blaspheme
1836 5216 1880 5266 eat
1896 5226 1946 5279 par
1963 5216 2025 5276 trop
2044 5208 2188 5264 ordume
