4762 5918
982 336 1350 407 PROLEGOMENA.
2086 346 2178 414 ΧΠ

157 535 283 611 simus,
315 530 370 597 hie
403 552 423 597 e
450 552 487 596 re
515 531 585 595 fors
607 529 703 595 duxit
723 530 752 596 si
780 537 812 594 et
841 528 927 613 plebi
961 533 994 593 et
1025 527 1235 611 magistratui
1268 527 1449 594 doctrinam
1484 551 1577 596 suam
1600 529 1732 598 deloco
1754 530 1811 597 iilo
1834 503 2044 600 conmoverso
2066 533 2176 600 denno

157 646 292 730 copiose
314 652 348 709 et
369 639 511 708 dilucide
531 649 736 724 proponeret.
779 641 890 724 Atque
913 640 975 706 hoc
996 638 1127 723 quidem
1150 639 1227 705 fecit
1243 640 1363 722 scripto
1382 641 1541 725 singulari
1558 665 1671 710 mense
1687 644 1845 709 Ianuario
1867 646 2016 727 proxime
2034 659 2176 729 sequen·

162 758 207 823 tis
241 756 319 821 anni
352 754 483 820 senatui
515 753 624 818 oblato
657 750 698 817 de
730 773 795 836 quo
823 753 910 816 iufra
936 750 1097 817 dicamus:
1136 748 1220 815 illud
1242 771 1319 817 vero
1341 754 1585 836 mnprepaliene,
1627 774 1725 838 quam
1751 756 1926 833 vocabant,
1955 756 2007 821 die
2029 757 2173 823 Veneris

165 873 214 934 18.
237 865 431 932 Decembris
456 864 584 944 habita,
616 864 728 945 paucis
761 863 877 929 diebus
908 873 986 928 autc
1019 863 1120 928 latam
1152 861 1296 951 iudicum
1324 864 1532 929 sententiam.
1577 864 1630 930 De
1657 865 1720 931 hac
1747 867 2001 950 congregatione
2029 869 2176 952 primum

157 982 280 1048 afferre
301 978 393 1045 lubet
413 997 496 1060 quae
518 975 676 1060 leguntur
696 976 732 1040 in
753 976 837 1060 ipsis
857 975 1152 1042 ecclesiasticorum
1170 982 1317 1041 actorum
1334 977 1576 1042 commentariis
1596 977 1805 1061 (Registre
1828 977 1874 1043 de
1895 977 2177 1046 laVenerabla

162 1090 430 1174 (lompagnie)
454 1088 567 1153 Vol.I.
590 1086 644 1151 fol.
672 1092 745 1152 181:
786 1087 832 1152 Le
852 1087 1000 1153 oeadredi
1022 1092 1073 1151 11.
1095 1088 1165 1151 iour
1186 1086 1223 1151 de
1244 1085 1396 1153 decembre
1416 1086 1467 1168 fut
1487 1087 1598 1152 moisi
1615 1109 1679 1169 pur
1701 1089 1745 1153 les
1766 1090 1928 1156 ministres
1949 1111 2008 1171 que
2029 1091 2172 1157 d’cutont

157 1224 222 1287 que
244 1204 278 1269 la
298 1221 370 1269 cene
392 1200 575 1282 opproeboit
595 1219 628 1263 ce
647 1200 741 1264 sared
762 1199 821 1263 bon
842 1199 881 1263 de
902 1198 1053 1263 renedier
1073 1199 1095 1261 (1
1116 1217 1147 1262 ee
1168 1197 1283 1264 trouble
1304 1199 1360 1280 qui
1381 1199 1546 1265 obedesti
1565 1198 1645 1280 fciet
1661 1221 1728 1281 por
1750 1199 1814 1266 Me.
1838 1200 2003 1267 Hieresme
2024 1204 2090 1284 ofin
2112 1223 2171 1285 que

161 1316 213 1382 s'il
234 1336 255 1397 y
276 1335 314 1379 en
335 1313 421 1378 coeit
442 1313 498 1393 qni
518 1311 640 1393 tanseat
660 1310 787 1392 infectae
808 1310 846 1375 de
866 1330 923 1375 son
944 1330 1053 1375 emeur
1074 1312 1168 1393 qn’on
1187 1316 1395 1393 pponroeust
1419 1315 1448 1375 et
1474 1331 1532 1392 qne
1560 1311 1589 1376 le
1609 1317 1779 1378 coercerent
1798 1333 1836 1377 ne
1863 1313 1932 1395 sust
1952 1314 2045 1394 point
2060 1314 2172 1395 pollui

151 1449 226 1510 ,por
245 1447 315 1492 ene.
357 1424 445 1489 Pour
466 1422 604 1504 rescire
623 1422 674 1504 fut
694 1421 798 1487 resolu
819 1441 878 1503 que
898 1422 927 1487 le
948 1422 1095 1488 vendredi
1116 1427 1252 1506 snpucnt
1272 1424 1366 1488 snoit
1381 1423 1518 1505 propesc'
1538 1444 1576 1488 en
1597 1423 1631 1488 lu
1651 1426 1868 1508 conprepution
1889 1425 1927 1490 dc
1947 1431 2023 1491 ceste
2043 1427 2174 1493 νιαίίανα

161 1544 190 1605 et
210 1558 270 1620 que
282 1535 326 1602 M
341 1533 454 1601 Οαῑνίνν
475 1534 508 1600 lc
530 1533 712 1614 desduireit,
728 1534 808 1614 puis
829 1554 889 1615 quc
908 1533 1026 1599 ebceun
1049 1534 1104 1600 des
1123 1534 1284 1599 ministres
1303 1555 1341 1598 en
1362 1554 1418 1600 son
1439 1535 1529 1600 ordre
1550 1535 1752 1600 αῶίανείανοίί
1773 1558 1812 1601 cn
1833 1536 1919 1616 brief
1935 1557 1968 1603 ce
1985 1558 2045 1619 que
2064 1543 2168 1604 nostre

162 1649 318 1734 Seipueur
338 1648 394 1730 lup
415 1647 521 1711 curoit
542 1646 643 1712 donne
659 1667 744 1728 pour
765 1646 796 1710 lc
818 1629 1034 1733 confirmation
1049 1645 1093 1710 'de
1114 1644 1147 1710 la
1168 1645 1315 1712 doctrine.
1365 1646 1410 1711 Le
1431 1646 1577 1712 vendredi
1598 1652 1733 1730 mpocnt
1749 1649 1804 1730 qui
1830 1649 1919 1714 estoit
1944 1650 1972 1715 te
2004 1654 2055 1714 18.
2077 1650 2169 1715 dudit

159 1763 242 1828 mas
260 1760 312 1842 fut
332 1759 419 1825 ainsi
439 1758 526 1840 sciet,
549 1762 579 1822 et
599 1761 667 1822 tous
688 1758 734 1822 les
750 1758 917 1837 ministres,
939 1762 1007 1822 bant
1027 1757 1117 1824 ceule
1137 1759 1176 1824 de
1196 1757 1230 1822 la
1251 1757 1324 1824 ville
1345 1777 1458 1823 comae
1479 1758 1533 1823 das
1549 1757 1686 1842 dmmps,
1710 1760 1776 1825 fun
1786 1780 1879 1841 apres
1891 1761 2002 1825 loebe
2023 1762 2172 1827 dulcire-

152 1877 229 1938 rent
250 1872 319 1937 leur
340 1876 476 1936 seuenee
496 1869 640 1935 toucbmd
661 1875 739 1933 ceste
759 1869 896 1934 mdiere.
929 1867 1056 1934 Eadem
1078 1869 1146 1934 foro
1168 1867 1369 1934 Oolladouus
1391 1869 1491 1935 habet
1507 1871 1543 1934 in
1566 1869 1646 1935 Vita
1663 1870 1796 1936 Oalvini
1819 1870 1884 1947 (ed
1908 1871 2075 1937 Vranlrliu
2093 1893 2170 1957 pag.

161 1988 234 2068 88):
281 1982 459 2064 Gepeudem
478 1986 562 2048 entre
588 1985 694 2046 autres
721 1999 845 2062 mouens
865 1984 958 2061 qu’on
985 1981 1083 2045 suioit
1103 1981 1141 2046 de
1161 1982 1274 2046 reunir
1293 1986 1359 2047 tout
1377 2001 1415 2045 en
1436 2001 1481 2045 un
1502 1981 1603 2046 sainct
1624 1982 1733 2048 accord
1751 1982 1788 2047 de
1809 1983 1843 2048 le
1866 1983 1943 2067 Foy,
1959 2004 2077 2075 pouree
2106 2005 2166 2067 que

159 2095 225 2161 fors
246 2095 279 2159 lc
304 2092 383 2162 Cena
403 2094 441 2159 de
462 2092 629 2159 Decembre
650 2090 836 2174 apamien,
858 2092 883 2156 il
902 2092 952 2174 fut
973 2093 1082 2159 moisi
1096 2113 1164 2175 per
1184 2092 1218 2157 lc
1240 2094 1420 2177 eompcpnie
1440 2093 1494 2157 des
1516 2091 1694 2173 ddinistrea
1716 2115 1775 2175 que
1796 2095 1825 2160 le
1845 2095 1994 2161 vendredi
2017 2099 2070 2160 18.
2094 2097 2168 2162 iour

155 2207 253 2273 dudit
268 2208 350 2271 nrois
374 2203 486 2271 Calain
507 2204 676 2269 deducit
696 2208 760 2270 tout
779 2203 808 2268 le
828 2204 970 2268 discours
991 2204 1029 2269 de
1050 2225 1082 2269 ce
1107 2206 1215 2286 poinct
1236 2205 1274 2269 de
1301 2205 1334 2269 la
1357 2204 1609 2271 Predestinotion
1635 2225 1674 2270 en
1700 2205 1734 2272 lc
1759 2204 1983 2290 Conprepoticn
2009 2207 2161 2290 pullique

159 2324 189 2384 et
216 2321 364 2400 qu’cpres
390 2317 445 2400 luy
466 2323 535 2382 tous
560 2316 605 2381 les
621 2320 727 2380 autres
749 2314 929 2395 Ministres,
956 2320 1023 2381 tent
1044 2316 1081 2380 de
1102 2317 1136 2380 lc
1157 2317 1229 2382 eitle
1250 2337 1309 2400 qne
1329 2318 1384 2382 des
1409 2316 1549 2399 cbomps,
1578 2317 1719 2399 diroyeut
1745 2335 1777 2381 ce
1800 2335 1859 2398 que
1880 2317 1968 2383 Dies
1994 2319 2063 2383 leur
2084 2320 2169 2384 cecil

158 2431 262 2495 donne
276 2451 363 2512 pour
377 2433 532 2510 protester
551 2430 590 2494 de
615 2428 684 2494 leur
705 2433 923 2493 museutemeut
949 2449 1058 2510 cepres
1078 2449 1116 2494 en
1136 2433 1196 2494 cest
1217 2428 1334 2494 article
1379 2427 1419 2494 Oe
1435 2429 1491 2510 qui
1511 2428 1562 2510 fut
1580 2428 1650 2510 scit.
1696 2427 1741 2494 Et
1768 2448 1898 2494 mesmes
1927 2435 2015 2495 outre
2035 2431 2079 2495 les
2103 2427 2170 2496 Mi-

157 2543 275 2607 nistros
300 2563 322 2624 y
349 2546 399 2606 nc
426 2560 531 2606 meere
557 2540 704 2622 quelques
727 2560 804 2623 qens
829 2540 867 2606 de
895 2539 964 2605 bien
992 2546 1020 2605 et
1046 2541 1084 2606 de
1110 2540 1218 2606 saveir
1243 2541 1298 2623 qui
1326 2540 1514 2606 declararet
1533 2560 1605 2605 cccc
1623 2540 1745 2623 pronde
1766 2541 1940 2623 edifieclion
1962 2561 1994 2607 ee
2016 2542 2109 2626 qu’ils
2131 2563 2170 2608 ca

152 2658 328 2735 moyoyem
383 2653 487 2718 L'ccte
507 2654 547 2719 de
568 2653 602 2718 lc
622 2653 686 2718 dite
709 2651 931 2736 Conprmetion
959 2673 980 2715 α
1001 2653 1062 2717 esti
1082 2653 1230 2734 imprimi
1250 2653 1363 2735 depuis
1385 2653 1418 2717 ld
1438 2651 1478 2718 oi
1499 2652 1532 2718 lc
1553 2651 1640 2717 cbose
1662 2671 1694 2717 se
1712 2657 1789 2736 peut
1810 2654 1887 2718 coir.

315 2790 482 2874 impressa
503 2790 636 2874 quidem
658 2789 844 2856 baccheia
864 2791 965 2856 fuisse
986 2790 1050 2854 Vir
1070 2790 1222 2875 egregius
1244 2788 1337 2869 dicit,
1365 2811 1490 2855 annum
1514 2809 1593 2856 vero
1620 2810 1687 2855 non
1706 2788 1837 2855 indicat
1882 2789 1952 2856 Nos
1974 2812 2060 2856 anno
2085 2795 2166 2856 1562

156 2901 377 2986 antiquiorem
399 2901 574 2967 editionem
598 2923 704 2984 neque
732 2900 873 2968 vidimus
897 2924 1003 2985 neque
1030 2923 1167 2986 usquam
1190 2901 1357 2967 laudatam
1380 2902 1572 2986 reperimus.
1617 2900 1686 2967 Sed
1709 2901 1795 2968 hane
1817 2923 1946 2985 quoque
1968 2901 2025 2967 diu
2047 2903 2173 2969 frustra

155 3014 391 3098 quaesivimus.
426 3014 605 3079 Exstitisse
626 3021 757 3078 tantum
779 3015 998 3097 comperimus
1020 3036 1062 3080 ex
1079 3015 1268 3100 apographo
1289 3013 1375 3097 quod
1396 3013 1565 3097 evulgavit
1586 3011 1709 3079 Caesar
1730 3013 1855 3090 Maian,
1890 3014 1931 3078 V.
1951 3013 1993 3078 D.
2013 3014 2060 3079 M.
2083 3015 2172 3098 apud

154 3126 383 3205 Gensvcnses,
407 3147 435 3191 a.
463 3128 553 3203 1835,
577 3146 678 3208 quum
700 3146 794 3192 sacra
815 3126 997 3193 saecularia
1018 3110 1174 3193 ecclcsiae
1196 3126 1392 3211 genevensis
1418 3126 1614 3191 reformatae
1635 3125 1896 3203 celebrarentur,
1924 3125 2164 3191 faustissimam

157 3238 361 3303 occasionem
392 3259 428 3302 se
452 3248 587 3304 nactum
616 3258 688 3302 esse
709 3247 809 3316 ratus,
833 3246 872 3302 ut
893 3239 963 3321 ipse
986 3239 1112 3315 innuit,
1141 3259 1206 3322 qua
1227 3239 1347 3322 dogma
1368 3238 1590 3304 calvinianam
1612 3238 1798 3303 labentibus
1820 3239 1918 3303 annis
1939 3258 1982 3301 ex
2006 3237 2178 3303 hominum

156 3350 317 3414 memoria
338 3369 442 3432 paene
463 3347 637 3427 sublatum,
659 3350 725 3413 imo
748 3370 767 3414 a
788 3350 902 3415 multis
913 3350 1161 3435 impugnatum,
1184 3349 1397 3434 popularibus
1419 3350 1526 3414 denuo
1548 3348 1800 3416 commendaret
1835 3349 1897 3414 Ille
1920 3356 2015 3415 vetus
2037 3349 2171 3432 aliquod

156 3461 329 3545 exemplar
347 3484 375 3527 a.
403 3466 483 3527 1562
505 3463 712 3547 impressum,
736 3462 819 3547 quod
842 3460 1037 3545 possidebat,
1059 3461 1253 3547 typothetae
1271 3461 1380 3526 denuc
1400 3459 1631 3541 recudendum,
1655 3468 1688 3527 ot
1706 3462 1752 3527 sic
1769 3459 1982 3545 probabiliter
2000 3459 2175 3525 destruan-

156 3573 240 3637 dum
263 3573 408 3638 tradidit.
453 3574 550 3655 Quod
574 3596 611 3640 eo
633 3575 740 3658 magis
767 3572 944 3639 dolendum
973 3582 1038 3650 est,
1066 3573 1153 3656 quod
1174 3573 1315 3636 alterum
1338 3571 1494 3638 Generao
1517 3573 1654 3655 reperiri
1676 3595 1742 3637 nou
1764 3572 1886 3655 potuit,
1913 3572 2066 3655 quamvis
2089 3570 2165 3636 dili·

158 3684 352 3768 gentissime
380 3687 502 3752 nostris
530 3686 627 3753 rebus
654 3685 859 3769 prospecturi
890 3695 924 3751 et
955 3686 1060 3768 ipsius
1088 3684 1223 3750 editoris
1250 3684 1347 3762 filius,
1369 3685 1406 3748 (l.
1431 3684 1544 3749 Maian
1565 3685 1691 3761 iunior,
1718 3693 1753 3748 et
1775 3684 1839 3748 Vir
1860 3683 1948 3748 Olar.
1972 3681 2166 3766 Stephanus

155 3797 306 3878 Gbastel,
335 3798 518 3884 theologiae
545 3799 709 3881 professor
736 3803 770 3863 et
794 3796 870 3862 olim
898 3796 1113 3863 bibliothecae
1139 3796 1288 3879 publicae
1321 3796 1518 3878 praefectus,
1548 3795 1613 3861 tale
1640 3796 1770 3880 aliquod
1792 3795 1945 3880 detegere
1968 3794 2167 3861 studuerint

154 3907 290 3988 Quibus
312 3909 527 3976 nihilominus
557 3930 617 3993 pro
639 3910 708 3977 suis
735 3910 823 3975 curis
850 3909 886 3974 in
915 3916 1065 3974 nostrum
1093 3907 1299 3974 commodum
1321 3906 1479 3990 impensis
1508 3908 1636 3991 pubhce
1659 3908 1784 3974 debitas
1807 3917 1919 3994 grates
1939 3908 2076 3991 agimus.
2122 3907 2166 3973 In

154 4020 346 4086 Malaniano
368 4029 479 4087 antem
501 4021 689 4107 apographo
713 4021 887 4104 quominus
909 4014 1169 4099 subsisteremus,
1192 4020 1288 4101 plura
1309 4041 1370 4085 nos
1392 4022 1589 4099 retinebant,
1611 4022 1756 4085 maxime
1777 4019 1864 4104 quod
1886 4040 2071 4086 sermonem
2093 4019 2166 4104 gal·

146 4133 256 4197 'licum
278 4131 439 4198 referebat
461 4155 481 4199 a
502 4135 578 4200 stilo
601 4133 785 4199 calviniauo
808 4153 914 4215 quarn,
929 4131 1174 4210 alienissimum,
1197 4131 1321 4198 scilieet
1341 4132 1382 4197 ab
1404 4130 1529 4198 editore
1550 4133 1599 4198 ita
1617 4139 1782 4198 mutatum
1799 4140 1839 4197 ut
1858 4131 2010 4197 hodierni
2032 4131 2171 4197 lectores

152 4244 268 4308 minus
290 4243 375 4310 docti
397 4245 498 4310 nuliis
519 4244 574 4310 vel
596 4245 729 4329 linguae
756 4244 810 4310 vel
831 4245 1018 4327 scriptionis
1046 4244 1237 4327 antiquioris
1263 4243 1519 4327 proprietatibus
1545 4242 1695 4328 impediti
1724 4244 1960 4309 detinerentur.
2009 4243 2066 4308 lix
2094 4242 2159 4308 hac

151 4354 217 4418 tali
238 4355 465 4437 perplexitate,
488 4378 571 4439 quae
593 4377 736 4438 eousque
758 4377 818 4421 nos
840 4358 1032 4421 morabatur
1049 4363 1091 4420 nt
1111 4354 1312 4439 aliquamdiu
1330 4354 1460 4439 prolum
1482 4355 1577 4420 otiari
1599 4355 1712 4421 iubere
1728 4356 1794 4438 ipsi
1804 4375 2007 4440 cogeremur,
2028 4353 2167 4428 tandem

152 4487 216 4530 nos
237 4465 408 4548 expedivit
428 4468 492 4532 Vir
513 4468 655 4552 optimus
675 4468 702 4532 Ι.
726 4468 899 4533 Homerus
920 4468 1123 4546 Turicsnsis,
1152 4467 1246 4534 cuius
1268 4477 1301 4532 et
1327 4466 1476 4533 doctrina
1497 4475 1531 4531 et
1551 4467 1588 4531 in
1609 4467 1723 4534 officiis
1749 4466 1956 4551 praestandis
1982 4466 2166 4533 liberalitas

148 4576 305 4659 plurimis
327 4576 394 4643 iam
417 4578 619 4645 documentis
641 4579 734 4645 nobis
756 4587 923 4662 comperta
944 4589 1002 4644 est.
1047 4578 1114 4660 Qui
1136 4600 1178 4645 ex
1200 4578 1361 4644 ditissima
1388 4577 1586 4645 bibliotheca
1607 4579 1721 4659 civica,
1744 4579 1838 4645 cuius
1859 4598 1940 4647 cura
1960 4579 1992 4644 ei
2023 4579 2161 4645 deman·

149 4687 235 4752 data
255 4698 312 4768 est,
336 4692 470 4756 unicum
492 4692 578 4773 quod
600 4713 771 4775 superesse
793 4689 926 4757 videtur
947 4691 1115 4775 exemplar
1136 4689 1283 4756 eiusdem
1306 4690 1458 4756 editionis
1479 4692 1557 4755 anni
1583 4694 1664 4755 1562
1694 4691 1874 4774 depromsit
1894 4690 2062 4775 nobisque,
2086 4710 2162 4754 nes-

148 4801 204 4867 cio
225 4821 287 4883 quo
308 4823 387 4868 casu
409 4811 507 4868 antea
527 4805 716 4887 neglectum
739 4813 772 4869 et
793 4805 1071 4886 praetermissum,
1094 4804 1245 4886 protinus
1261 4801 1406 4868 tradidit.
1440 4801 1517 4884 Quo
1534 4802 1681 4887 inspecto
1692 4803 1872 4887 seduloque
1888 4824 1966 4869 cnm
1977 4799 2168 4886 apographo

148 4912 232 4976 anni
264 4917 345 4977 1835
368 4913 492 4994 collato,
517 4911 594 4981 sane
617 4924 688 4980 erat
709 4915 795 4999 quod
817 4915 911 4980 nobis
934 4915 1177 4999 gratularemur
1199 4915 1240 4981 de
1259 4914 1422 4980 industria
1438 4915 1475 4979 in
1497 4913 1555 4979 illo
1579 4915 1754 4998 antiquiori
1766 4913 1945 4997 exemplari
1963 4911 2163 4995 reperiunda

147 5023 314 5090 collocata.
349 5025 465 5091 Talem
486 5027 644 5092 nimirum
666 5027 754 5093 inter
775 5034 953 5109 utrumque
975 5027 1227 5110 discrepantiam
1249 5026 1454 5092 intercedere
1475 5028 1688 5110 cognovimus
1706 5034 1745 5092 nt
1767 5026 1955 5092 authentico
1976 5029 2071 5088 textu
2099 5023 2158 5089 da-

138 5135 258 5201 stituti
277 5158 343 5202 non
366 5139 431 5203 nisi
444 5140 595 5205 mutilum
618 5145 652 5204 st
674 5138 854 5204 deformem
875 5138 934 5204 tibi
951 5139 1069 5205 offerre
1086 5139 1314 5222 potuissemus.
1347 5139 1388 5205 In
1409 5139 1612 5222 praefatione
1634 5158 1701 5203 non
1720 5158 1826 5222 pauca
1844 5137 1978 5202 omnino
1992 5143 2170 5220 ,expuncta

1919 5265 1959 5320 οἱ
