4604 5896
87 252 150 314 697
777 241 1042 311 EPIS'POLAE
1064 242 1129 309 AD
1152 237 1411 312 OALVINUM.
2037 255 2100 317 698

86 437 151 521 zue
171 435 318 519 dualoqi,
345 455 407 499 non
427 450 557 499 manens
579 430 615 496 in
635 431 777 496 mundus
796 430 866 495 eius
881 430 1067 512 praeceptis,
1119 427 1247 494 illorum
1268 434 1358 495 erard
1377 449 1496 510 semper
1517 433 1745 515 expavefactae.
1791 435 1860 501 Nos
1881 436 1911 501 si
1932 458 2101 518 peccanius

86 528 190 589 etoos
211 521 286 586 estis
307 520 364 585 sub
387 519 450 601 lepe
471 517 623 599 decalopi:
645 516 720 581 estis
737 516 836 598 iqitur
852 535 957 580 annes
973 515 1067 580 male·
1119 534 1180 578 nac
1201 534 1275 578 moa
1297 515 1340 580 ad
1361 522 1489 580 mortem
1506 518 1734 597 maledicimur,
1756 524 1792 584 ut
1806 520 1865 584 illi.
1913 521 1988 586 Non
2004 545 2101 605 prae-

86 608 172 674 dicti.
216 605 354 671 Atreo
379 603 632 671 Crustuminae
651 601 709 666 sub
732 601 893 666 maledieto
912 605 992 677 snut,
1015 619 1068 665 nec
1119 604 1166 663 sto
1189 598 1256 663 illis
1278 620 1350 665 eras
1363 605 1386 678 ¹)
1413 602 1595 682 remedium,
1627 610 1663 668 ut
1688 605 1790 669 nobis:
1822 605 1876 671 sed
1903 628 1925 670 a
1951 627 2101 686 pecorum

86 692 145 758 sub
167 693 230 774 leqc
252 691 317 757 illa.
364 690 434 754 Nos
454 710 515 754 non
537 687 726 754 accessimus
752 687 795 751 ad
822 690 955 750 montem
975 685 1068 750 illum
1119 684 1272 765 sanquine
1293 685 1501 764 expiationem
1522 708 1670 768 quaerere
1691 688 1884 773 coqebantur,
1915 712 2036 773 semper
2063 697 2101 760 in

86 778 280 843 trcrnmdum
304 782 378 855 [pag.
398 779 484 854 641],
516 775 551 838 in
583 793 643 855 quo
674 773 752 837 data
784 776 828 837 est
854 770 991 853 dmahqi
1017 770 1068 835 lea
1119 773 1243 833 terrore.
1296 769 1362 834 Nec
1393 791 1468 836 vera
1499 776 1572 837 tuuc
1604 774 1671 838 illis
1703 780 1772 839 erat
1803 777 1949 857 expiatio,
1984 779 2100 859 quia2)

87 863 179 940 (Heb.
204 866 271 941 12),
298 862 333 926 id
354 865 412 940 est,
434 880 492 925 nos
516 879 576 922 non
604 858 779 938 accepimus
805 857 901 939 lepem
922 855 1068 938 decaloqi.
1120 872 1239 934 seraper
1260 854 1353 918 Adae
1374 856 1548 922 maledictio
1570 859 1741 939 infernalis
1757 866 1902 940 marceret,
1925 883 1946 926 a
1963 884 2027 944 qua
2043 885 2102 931 nos

87 947 138 1013 De
154 948 219 1030 leqe
236 945 372 1029 demloqi
393 946 532 1026 loqmtur
551 943 677 1009 Paulus
693 943 807 1019 ducas,
830 961 899 1005 eam
920 960 983 1004 non
1004 959 1069 1004 esse
1121 938 1271 1007 adventas
1296 938 1419 1006 Christi
1451 941 1605 1008 liberavit.
1649 944 1750 1009 Nobis
1781 966 1856 1010 uera
1887 953 1931 1011 est
1963 951 2084 1028 eapim'

86 1033 177 1098 uobis
204 1032 301 1097 iustis
311 1031 457 1113 positam
485 1034 530 1106 (1.
556 1027 687 1094 Timoth.
712 1033 757 1105 1).
810 1025 862 1092 De
883 1046 920 1091 ea
945 1026 1001 1105 ait,
1027 1025 1069 1090 le·
1120 1027 1326 1102 etpraesens,
1349 1025 1544 1106 sipetamus
1565 1051 1586 1093 a
1608 1027 1736 1113 Christo
1757 1032 1882 1110 remitti,
1910 1034 1941 1097 si
1961 1035 2101 1114 conlitea-

85 1138 156 1203 pem
172 1122 303 1200 propter
330 1115 594 1198 transqressiones
627 1114 670 1178 ad
702 1118 821 1193 tempus
854 1130 919 1175 esse
950 1111 1067 1188 datam
1120 1127 1194 1178 mur
1226 1113 1356 1188 peccata
1389 1116 1505 1190 nostra,
1544 1119 1580 1177 ut
1609 1116 1655 1178 ait
1684 1114 1829 1181 Ioannes.
1891 1115 1962 1183 Imo
2000 1120 2100 1185 aliud.

86 1204 180 1268 donec
200 1203 316 1267 veniret
340 1198 491 1270 Christus
511 1199 634 1276 (Galat.
652 1202 699 1276 2).
733 1197 895 1277 Illamque
910 1196 1069 1294 paedaqa
1122 1192 1281 1289 Quamdiu
1302 1193 1339 1258 ia
1360 1214 1435 1291 ocra
1448 1199 1672 1293 propitiatoris
1690 1200 1753 1280 side
1774 1200 1983 1300 consistimus,
2014 1207 2099 1271 oeni·

84 1305 366 1438 tddtttt
380 1284 547 1436 {dhtl
565 1283 687 1447 ‘dudi‘
712 1280 1068 1450 tll'utdlttj
1120 1277 1189 1427 ‘lt
1205 1278 2100 1459 hluddht.path..amicust

87 1459 123 1523 in
145 1457 275 1523 decretis
295 1458 401 1535 sitam,
424 1455 584 1536 abroparit
608 1452 757 1522 Christus
779 1451 909 1532 (Ephes.
931 1455 979 1529 2),
1001 1452 1069 1516 sine
1116 1449 1210 1529 tidem
1231 1469 1337 1512 orcam
1366 1470 1388 1514 a
1408 1456 1532 1516 maduo
1554 1474 1616 1517 non
1638 1454 1710 1520 bene
1736 1457 1930 1522 disccmrens:
1963 1461 1999 1525 id
2019 1461 2100 1540 quod

88 1544 160 1627 depe,
195 1543 311 1622 absque
342 1543 413 1624 leqe,
446 1539 573 1604 sublata
600 1539 671 1622 leqe,
705 1543 733 1603 et
765 1538 891 1602 iustitia
916 1535 982 1601 Dei
1007 1556 1069 1617 per
1119 1532 1210 1597 hodic
1230 1535 1359 1615 passim
1384 1536 1535 1601 uidemus.
1592 1537 1686 1606 Illud
1701 1561 1800 1622 porro
1824 1564 1932 1608 auum
1953 1550 2012 1609 est:
2042 1566 2100 1610 nos

90 1626 255 1696 Christum
286 1627 490 1707 manifestata
524 1624 629 1701 (Rom
656 1628 701 1698 3).
755 1622 884 1703 Absque
914 1621 978 1704 leqe
1009 1621 1067 1685 nlla
1119 1637 1182 1681 uon
1196 1638 1291 1697 posse
1313 1619 1356 1682 ad
1377 1626 1504 1685 mortem
1521 1642 1658 1704 pedore,
1681 1627 1746 1691 nisi
1764 1628 1799 1692 in
1815 1627 1903 1693 nobis
1920 1632 2100 1714 eastinqua-

86 1713 232 1797 dccaloqi,
258 1731 438 1794 perquam
459 1715 527 1775 erat
548 1710 678 1792 copositio
705 1709 834 1790 peccati,
867 1710 902 1769 ut
932 1707 978 1771 ibi
1010 1706 1066 1786 ait,
1118 1708 1172 1766 tur
1192 1703 1280 1783 fides.
1324 1704 1412 1767 Nam
1432 1726 1509 1771 vera
1523 1707 1648 1775 Christi
1664 1711 1838 1790 tidesstare
1851 1734 1912 1778 non
1921 1719 2022 1795 potest
2031 1717 2121 1782 sine·

87 1796 327 1881 chiroqraphum
355 1797 446 1861 nobis
472 1796 666 1861 contrarium
686 1814 748 1874 per
775 1794 893 1858 decreta
919 1789 1067 1858 Christus
1118 1788 1251 1885 iustitia.
1297 1787 1403 1853 Stante
1423 1791 1488 1871 hiri
1509 1791 1574 1858 Dei
1593 1794 1662 1875 fide,
1684 1817 1803 1878 quoquo
1820 1799 1912 1864 modo
1927 1819 2099 1881 peccemus,

88 1883 199 1948 delevit
221 1880 355 1959 (Coloss.
374 1881 424 2030 th
449 1878 689 1963 Chiroqraphus
710 1878 928 1944 mandatorum
949 1876 1068 1941 dicitur
1118 1872 1282 1968 omialcter
1302 1878 1424 1939 tantum
1439 1897 1614 1958 peccamus,
1642 1900 1696 1945 nec
1721 1882 1799 1945 iusti
1824 1904 1889 1948 esse
1916 1886 2099 1951 desinimus.

87 1967 250 2049 decalopus
270 1968 368 2049 diqito
426 1966 621 2045 eiscriptus.
669 1961 905 2047 Chiroqraphus
926 1966 978 2041 est,
1005 1980 1066 2043 quo
1120 1956 1258 2023 Faciunt
1279 1964 1385 2024 nostra
1399 1967 1537 2042 pomata,
1565 1984 1655 2044 quem
1677 1966 1775 2042 alioss)
1809 1969 1872 2032 dici
1894 1971 2043 2035 minorem
2064 1974 2099 2037 in

86 2053 205 2132 scripto
224 2051 397 2135 obliqamur
417 2051 461 2115 ad
481 2050 606 2131 aliquid
624 2048 811 2130 faciendum,
841 2047 1068 2113 etcontrarius
1118 2062 1214 2138 raquo
1236 2044 1399 2125 coelorum,
1428 2047 1484 2111 sed
1511 2069 1672 2130 nunquam
1704 2057 1779 2116 sunt
1799 2054 1842 2116 ad
1862 2060 1996 2133 mortem,
2023 2078 2099 2137 per-

86 2144 132 2202 est
169 2138 266 2213 nobis,
306 2135 430 2218 quando
465 2137 724 2219 transpredimur.
788 2134 868 2197 Tota
906 2152 975 2214 erqo
1014 2131 1066 2195 lea
1118 2131 1243 2192 sistente
1262 2128 1332 2208 fido,
1367 2133 1491 2196 tametsi
1523 2134 1566 2197 ad
1591 2136 1702 2199 mortis
1728 2137 1815 2201 uiam
1836 2139 1955 2204 sensim
1975 2140 2098 2206 ducant.

85 2223 205 2304 scripta
241 2221 374 2286 Iudaeis
417 2226 485 2286 erat
524 2219 751 2303 chiropraphus
788 2237 872 2282 nunc
916 2215 1065 2282 sublatus.
1119 2211 1312 2309 Enernplmn
1339 2213 1431 2281 habes
1457 2220 1492 2281 iu
1524 2219 1672 2300 ephesino
1704 2223 1839 2303 ecclesia,
1855 2303 1857 2306 .
1874 2244 1955 2304 quae
1988 2245 2098 2292 coenae

92 2307 238 2373 Vctustas
259 2307 367 2371 literae
388 2311 454 2370 erat
476 2306 638 2388 decaloqus
659 2307 735 2385 ipse,
770 2322 851 2367 nunc
885 2321 918 2367 eo
946 2300 1066 2367 sublato
1118 2303 1278 2362 cordulam
1299 2299 1484 2382 reliquerat,
1507 2324 1568 2369 uon
1587 2305 1680 2386 fidem
1702 2307 1814 2392 (Apoc.
1833 2308 1880 2392 2).
1925 2309 1994 2375 Hoc
2010 2311 2098 2377 uobis

84 2397 129 2458 est
156 2392 279 2457 3333333
300 2393 434 2473 spiritus
455 2391 561 2467 (Rau.
589 2395 660 2454 7ct
680 2394 715 2454 2.
746 2387 813 2454 Cor.
838 2392 882 2464 3).
928 2386 983 2451 Ea
1009 2386 1067 2450 hac
1118 2388 1163 2448 cst
1187 2381 1308 2480 Christi
1333 2388 1554 2467 propitiatoris
1580 2391 1696 2456 donum
1728 2393 1978 2475 incomparabile.
2024 2395 2098 2478 Ipse

84 2482 188 2543 333333
221 2477 297 2560 lepis
327 2476 499 2541 uacuare
530 2476 672 2556 sequitur
703 2493 777 2538 moa
810 2471 910 2538 Pauli
941 2471 1065 2537 obiectio
1118 2472 1163 2532 est
1183 2469 1272 2533 uobis
1292 2490 1401 2535 verum
1416 2476 1688 2557 propitiatorium,
1710 2498 1765 2543 seu
1787 2480 2017 2561 coopertorium,
2040 2502 2098 2547 nos

84 2563 189 2640 (Rern.
215 2567 264 2639 6)·
309 2561 441 2627 Peccare
461 2562 561 2644 iqitar
586 2560 641 2642 fas
662 2564 721 2639 est,
754 2559 831 2640 quia
863 2578 924 2622 non
956 2576 1066 2622 armus
1117 2554 1153 2617 ia
1175 2554 1316 2618 omnihcs
1331 2562 1505 2640 protepens,
1523 2567 1761 2644 propterquam
1777 2585 1834 2628 nos
1851 2564 1939 2645 beati,
1963 2587 2095 2647 qaorum

84 2647 141 2713 sub
165 2647 251 2731 leqe?
300 2645 417 2714 Contra
438 2645 618 2728 decatoqum
640 2645 747 2709 omnia
765 2644 870 2726 facere
888 2643 965 2722 lieet,
987 2642 1065 2724 quia
1116 2643 1286 2736 tectaumt
1301 2647 1438 2721 peccata.
1484 2644 1560 2727 Ipse
1574 2654 1704 2727 peccata
1737 2654 1844 2714 nostra
1873 2671 1951 2714 suae
1971 2653 2096 2716 miseri

84 2733 248 2816 dmaloqus
269 2752 332 2797 noa
349 2731 489 2812 amplius
511 2730 615 2815 liqut?
660 2730 860 2795 Permittitur
887 2729 954 2793 iam
975 2727 1065 2793 nobis
1116 2721 1243 2788 cordiae
1259 2727 1483 2806 propitiatorio
1502 2731 1582 2814 tepit,
1604 2753 1642 2796 ne
1659 2733 1748 2799 nobis
1765 2735 1963 2815 imputentur,
1986 2758 2096 2818 quam-

83 2818 225 2897 scortari,
247 2817 364 2900 furari,
387 2818 522 2894 mentiri,
544 2815 704 2883 occidere?
727 2813 830 2879 Absit.
874 2812 946 2879 Ima
967 2811 1064 2877 multo
1116 2809 1173 2873 diu
1194 2810 1267 2873 viva
1285 2810 1348 2890 ride
1369 2813 1400 2876 ci
1420 2815 1583 2881 credimus.
1627 2817 1682 2882 Ea
1713 2817 1771 2884 hac
1797 2821 1866 2885 sota
1890 2820 1953 2901 fide
1973 2827 2097 2903 poterat
2162 2840 2165 2845 ·

82 2904 196 2981 minus,
217 2903 248 2968 si
269 2903 400 2983 rependi
420 2922 539 2967 sumas.
586 2900 729 2982 Spiritus
749 2901 796 2965 ita
823 2900 906 2964 docet
932 2898 1065 2978 eosqui
1117 2897 1588 2991 [pig-643Jquisiusti1icari,
1621 2903 1716 2968 etiam
1737 2905 1888 2988 ipnorans
1909 2906 2004 2991 leqem
2025 2906 2096 2971 Mo-

82 2990 211 3055 suntin
237 2985 374 3054 Christo.
418 2987 516 3054 Docet
536 3006 592 3051 nos
621 2987 755 3067 spiritus
780 2983 912 3064 Christi,
944 2985 1065 3048 obuiam
1115 2999 1170 3044 scs.
1207 2977 1288 3044 Sunt
1309 2984 1366 3063 qui
1387 2983 1524 3070 decaloqi
1545 2988 1610 3052 oim
1627 2990 1788 3071 sustinent,
1809 2993 1946 3058 moralia
1963 2993 2097 3059 dieentes

83 3093 207 3154 sempor
227 3073 275 3137 ire
296 3072 441 3152 operibus
462 3072 578 3150 carnis,
608 3092 688 3154 quae
716 3076 790 3135 sunt
818 3090 911 3153 opera
927 3070 1064 3151 peccati:
1116 3083 1181 3129 esse
1201 3064 1281 3149 depes
1302 3072 1435 3135 naturae
1449 3078 1631 3154 perpetuas.
1679 3075 1799 3156 Qubus
1820 3077 1901 3142 illud
1918 3078 2096 3144 obiicimus:

77 3163 247 3241 postquam
264 3179 285 3224 a
296 3162 422 3238 peccato
439 3157 648 3222 transivimus
664 3156 882 3236 adiustitiam
899 3160 1064 3221 etacarne
1120 3149 1208 3231 Quod
1241 3171 1280 3215 ca
1311 3158 1431 3250 natura
1456 3164 1646 3239 perpetuum
1679 3165 1731 3240 est,
1771 3181 1833 3226 non
1860 3167 1905 3226 est
1932 3183 1971 3226 ea
1992 3162 2095 3244 Mose,

82 3245 290 3309 transivimus
317 3244 361 3307 ad
381 3243 538 3324 spiritum.
584 3242 672 3337 Haec
698 3247 742 3307 cst
771 3241 869 3307 Pauli
894 3240 1062 3324 responsio,
1115 3254 1213 3317 quum
1231 3236 1330 3318 licerit
1351 3245 1422 3304 ante
1444 3241 1560 3309 Mosen.
1607 3242 1646 3308 Si
1665 3243 1740 3310 haee
1767 3251 1900 3311 natmae
1921 3247 2096 3313 dictamina

77 3330 261 3411 propositae
277 3327 451 3410 quaestioni
468 3327 636 3392 admodum
647 3347 792 3408 masona,
810 3332 949 3392 nostram
972 3326 1063 3392 liber·
1114 3320 1213 3418 duas,
1246 3342 1307 3387 aaa
1340 3324 1433 3390 dabis
1464 3329 1511 3392 eis
1543 3329 1608 3394 aim
1640 3329 1719 3413 lepis
1745 3330 1966 3411 maledicentis,
1998 3353 2096 3414 quma

85 3419 176 3478 tatem
193 3414 361 3503 praeclare
382 3414 499 3492 docens,
522 3418 550 3477 et
570 3433 626 3478 nos
646 3433 781 3492 monam,
804 3433 843 3477 ne
864 3433 933 3478 earn
953 3413 1063 3478 demus
1115 3409 1489 3505 monomachiam
1521 3415 1605 3493 talis,
1637 3416 1704 3479 nisi
1723 3435 1786 3496 per
1819 3415 1923 3498 lepern,
1954 3437 2009 3484 nee
2041 3418 2095 3482 ira

85 3499 121 3563 in
143 3500 328 3565 occasionem
348 3501 463 3564 carnis.
509 3498 595 3564 Nota
623 3499 723 3565 Pauli
751 3499 852 3572 locum
882 3500 925 3564 ad
957 3498 1061 3563 Galat.
1116 3491 1201 3572 tabes,
1222 3511 1288 3556 3333
1304 3514 1364 3576 per
1385 3495 1487 3580 teqem.
1540 3498 1672 3564 Subhita
1704 3520 1776 3582 erpo
1808 3506 1853 3566 est
1887 3501 1946 3582 lea,
1978 3508 2006 3566 et
2038 3521 2095 3567 nos

85 3588 172 3650 ban
193 3585 294 3649 simus
320 3584 445 3650 liberati
466 3604 488 3649 a
510 3586 583 3667 iupa
603 3584 680 3668 lepis
708 3584 845 3668 decaloqi
865 3583 1063 3664 posterioris,
1115 3596 1177 3642 uon
1199 3597 1311 3644 333333
1331 3580 1389 3644 sub
1411 3583 1482 3666 leqe,
1521 3602 1575 3648 nec
1607 3584 1665 3648 sub
1699 3586 1768 3650 eius
1795 3587 1857 3651 ira.
1919 3587 1990 3651 Len
2011 3589 2095 3652 enim

82 3669 114 3735 si
134 3689 247 3734 sumus
267 3669 393 3748 1333331)
424 3691 445 3735 a
471 3672 544 3753 iuqo
577 3670 655 3754 lepis
677 3669 828 3735 Abrahae
842 3669 975 3750 prioris.
1020 3667 1063 3732 Ia
1114 3661 1200 3726 iram
1221 3669 1376 3747 operatur.
1420 3666 1476 3731 Ea
1497 3666 1574 3752 lepis
1595 3670 1648 3735 ira
1667 3670 1732 3751 tuit
1753 3671 1908 3751 paradisi
1929 3672 1964 3737 in
1985 3671 2094 3738 Adam
2142 3712 2144 3717 ι
2239 3657 2242 3673 “

81 3775 208 3820 summa
230 3753 357 3821 Paulus
378 3756 433 3835 ait,
465 3776 523 3821 nos
554 3774 619 3820 non
651 3774 717 3820 esse
745 3755 802 3820 sub
824 3754 896 3837 leqe,
929 3754 984 3819 sed
1005 3752 1062 3817 sub
1107 3748 1258 3845 perditio,
1292 3748 1537 3818 etIudaeorum
1559 3755 1705 3836 perditio.
1754 3756 1841 3835 Quae
1873 3760 1978 3823 omnia
2010 3778 2094 3824 nanc

79 3842 196 3924 qratia.
244 3839 414 3907 Contraria
436 3839 510 3905 haec
530 3840 668 3905 membra
689 3844 772 3904 sunt.
820 3840 883 3920 Qui
899 3844 989 3904 erant
1004 3839 1062 3903 sub
1116 3853 1184 3898 snae
1206 3833 1268 3917 leae
1289 3837 1424 3902 restituit
1448 3835 1597 3904 Christus
1623 3840 1730 3917 (Rom.
1752 3846 1783 3921 3,
1809 3847 1880 3908 let
1902 3848 1946 3921 8).
2000 3843 2094 3908 Iniu-

80 3925 236 4010 depensa
258 3931 349 3990 mant
369 3925 427 3990 sub
446 3926 563 4009 qratia.
611 3925 674 4006 Qui
694 3930 768 3990 sunt
788 3925 852 3989 sub·
863 3925 979 4008 qratia,
1000 3943 1062 3988 non
1113 3919 1199 3983 riam
1226 3921 1401 4017 maaiamm
1427 3943 1482 3989 oos
1513 3924 1623 4006 facitis
1646 3925 1758 4006 Paulo,
1791 3928 1896 4010 ipsius
1925 3930 2094 3995 autoritate

80 4017 153 4078 mont
174 4012 233 4077 sub
254 4012 325 4094 leqe.
385 4010 521 4076 Obiicies
551 4014 595 4089 tu,
612 4011 859 4109 Ι3333333333.
879 4014 953 4107 342]
987 4029 1062 4108 esse,
1113 4009 1220 4068 conica
1241 4024 1352 4104 '1⁹⁵²‘st
1369 4006 1535 4074 abutentes.
1578 4009 1635 4108 dd
1657 4010 1752 4110 dapem
1773 4011 1877 4078 Masis
1905 4013 2093 4080 servandam

82 4097 505 4264 inhabitabit.
519 4096 825 4264 ‘idibem
838 4094 1061 4246 did-dewi:
1113 4088 1410 4273 tldtdld
1426 4094 2093 4265 tlh.t⁴l.tth”.⁶”glut.td.ttttht

82 4267 176 4330 struit
206 4272 243 4332 ut
275 4267 375 4348 filios:
404 4287 467 4332 aon
498 4271 617 4348 torquet
650 4271 685 4330 ut
712 4285 824 4331 servos.
886 4264 994 4331 Saaeu
1014 4265 1063 4332 lea
1116 4258 1197 4358 Non¹
1210 4261 1394 4345 intelquitrs,
1420 4264 1560 4331 Paulam
1581 4265 1626 4331 ibi
1637 4267 1735 4348 prius
1753 4269 1907 4332 sustinere
1921 4288 2094 4348 personam

82 4349 189 4433 riqida
210 4356 262 4415 est.
308 4350 453 4435 Spiritus
471 4354 611 4419 amciter
631 4352 713 4416 docet
729 4355 758 4416 et
774 4351 859 4415 uires
875 4350 938 4430 dat,
960 4352 1061 4428 oita2)
1114 4344 1636 4429 ethnici,deinde1ndaei‚dcinde
1656 4350 1844 4422 Christiani.
1884 4351 1962 4435 Epo,
1980 4352 2093 4434 inquit,

70 4453 139 4516 nos
160 4436 272 4516 adiuti,
308 4443 336 4502 et
363 4439 494 4504 methora
520 4438 607 4517 docti,
641 4437 737 4502 mutto
766 4436 873 4501 minus
887 4455 1060 4518 peccamus.
1112 4431 1252 4497 vivebam
1269 4433 1337 4499 shrc
1354 4434 1424 4519 teqe,
1438 4437 1468 4521 ⁴)
1496 4443 1524 4501 et
1540 4437 1817 4520 mncupiscentiam
1834 4438 2006 4503 tresdebam
2027 4457 2094 4504 esse

86 4519 174 4602 Quod
208 4522 239 4586 si
271 4524 513 4603 peccaveramus,
546 4523 641 4606 facile
681 4522 854 4588 renudium
884 4521 1060 4587 habeamus.
1107 4522 1276 4596 pometum
1296 4519 1420 4601 Postea,
1430 4521 1567 4587 ueniente
1577 4521 1712 4605 dmaloqi
1724 4523 1916 4605 depereunte
1920 4528 2092 4604 peccatum,

82 4603 220 4670 Eximio
253 4610 325 4671 arnt
356 4605 431 4671 haec
462 4607 638 4675 liberatoris
667 4608 757 4674 dona.
808 4605 942 4673 Prodest
973 4607 1063 4673 nobis
1113 4607 1214 4686 clepo
1233 4610 1375 4672 mortuus
1394 4626 1475 4670 sum.
1518 4606 1566 4671 At
1585 4626 1668 4672 nanc
1683 4627 1745 4688 per
1764 4605 1924 4674 Christum
1942 4609 2094 4674 liberatas

81 4689 160 4756 haec
180 4712 242 4774 per
265 4689 431 4757 Christum
463 4691 602 4757 liberatio
630 4713 652 4758 a
680 4695 753 4777 iupa
781 4693 843 4774 illo,
877 4698 906 4758 et
936 4693 1061 4759 vinculo
1112 4707 1185 4753 sum
1207 4710 1229 4754 a
1250 4690 1323 4776 leqe.
1368 4690 1494 4758 Paulus
1516 4711 1587 4776 erqo
1609 4712 1670 4758 non
1697 4698 1742 4758 est
1775 4693 1834 4759 sub
1867 4694 1938 4778 lepc‚
1970 4699 2006 4759 ut
2038 4714 2093 4759 aas

80 4777 319 4857 maledictionis,
342 4796 381 4842 ne
402 4777 602 4843 conscientiae
619 4784 744 4844 nostrae
760 4780 807 4844 ita
823 4783 1008 4859 terreamm,
1025 4783 1062 4844 ut
1311 4827 1315 4834 1

1182 4928 1213 5065 13
1230 4935 1297 5010 erut.

151 5066 181 5132 1)
200 5064 318 5146 liberati.
730 5031 732 5035 Ι
1181 4996 1213 5127 b)
1230 5013 1337 5121 bbanbics
1353 5070 1406 5120 ea.-
1424 5065 1538 5121 alterum
1555 5065 1651 5122 altaro.

150 5133 181 5200 2)
200 5140 231 5188 ut
246 5140 293 5188 aa.
1183 5134 1214 5203 4)
1232 5132 1463 5204 sedquoniam.
