4800 5902
163 314 228 378 293
925 304 1410 376 PRAEDESPINATIONE.
2115 313 2180 380 294

183 519 241 564 rae
270 517 306 562 se
326 496 453 573 ferunt,
480 494 671 559 summatim
692 490 858 577 colligam,
888 498 926 557 ut
947 491 1138 576 intelligant
1189 492 1261 569 fiet,
1294 513 1378 576 quac
1410 495 1524 562 salutis
1553 495 1721 561 humanae
1749 517 1919 562 summum
1947 503 1982 563 et
2014 497 2171 566 ultimum

79 656 81 660 f
162 521 309 662 lectores,
327 579 432 645 nihilo
449 578 639 644 melioribus
657 579 758 643 armis
769 580 968 643 instructum
978 597 1136 662 pugnare,
1188 579 1289 643 finem
1321 586 1473 645 statuunt
1503 581 1567 645 Dei
1599 580 1764 665 gloriam?
1818 582 1911 667 Ergo
1943 583 2005 648 hoc
2038 585 2169 650 axioma

75 665 78 681 '
182 665 407 734 uam'iustam
427 661 535 731 ciendi
553 663 638 728 tenti
654 664 843 729 certaminis
861 682 994 730 cansam
1010 661 1135 727 habuit.
1189 662 1411 730 retinendum:
1442 663 1499 732 Sic
1510 666 1583 731 Deo
1604 665 1706 732 fuisse
1728 687 1826 734 curae
1848 669 1990 733 salutem
2008 676 2167 750 nostram,

162 691 299 821 datum
319 750 521 835 quaestionis
541 749 578 813 in
600 769 638 813 eo
661 754 734 829 [pag.
748 753 802 828 76]
827 747 913 815 verti
935 747 1029 813 dicit:
1044 750 1067 830 ¹)
1095 747 1137 813 In
1190 757 1228 814 nt
1249 749 1301 813 sui
1318 770 1385 814 non
1405 750 1534 830 oblitus,
1552 750 1691 834 gloriam
1709 773 1804 818 snam
1821 752 2008 841 primoloco
2022 753 2169 835 haberet,

161 859 262 924 quem
281 839 383 903 finem
404 834 555 901 conditus
576 834 677 898 fuerit
697 833 803 900 homo.
832 833 882 900 Ac
902 834 1056 917 primum,
1077 853 1138 917 pro
1191 833 1334 917 adeoque
1355 843 1461 901 totum
1482 834 1645 901 mundum
1665 835 1727 902 hoc
1745 839 1811 903 fine
1823 838 2016 918 condidisse,
2039 846 2077 904 ut
2097 838 2168 924 glo·

160 944 284 1009 magno
316 919 457 987 absurdo
490 919 605 996 habet,
645 918 674 984 ei
701 917 880 1002 quidquam
919 941 961 984 cx
993 918 1138 983 hominis
1190 919 1259 984 riae
1285 939 1364 983 suae
1393 921 1561 986 theatrum
1588 921 1682 986 foret.
1727 922 1802 987 Non
1831 921 1918 1006 quod
1947 923 2001 989 vel
2034 945 2068 989 sc
2096 925 2168 1007 ipso

162 1010 328 1078 merione
354 1005 396 1071 ad
418 1006 528 1071 Deum
553 1001 662 1069 redire
682 1003 911 1088 intelligimus:
946 1004 1024 1087 quia
1045 1003 1138 1069 Deus
1190 1010 1364 1070 contentus
1391 1025 1458 1071 non
1485 1007 1543 1087 sit,
1576 1005 1629 1072 vel
1658 1006 1837 1090 quidquam
1865 1008 1999 1073 aliunde
2020 1009 2169 1075 mutuari

162 1117 198 1163 se
230 1114 296 1159 unc
323 1098 514 1168 contentus,
547 1088 671 1154 nullius
701 1086 837 1172 indiget
881 1089 954 1172 Ego
977 1098 1072 1164 vero,
1101 1096 1139 1152 ιιι
1190 1109 1272 1171 opus
1294 1088 1428 1156 habeat:
1447 1089 1506 1156 sed
1527 1091 1604 1173 quia
1625 1091 1686 1157 hoc
1705 1091 1831 1158 honore
1849 1091 2004 1177 dignatus
2022 1102 2074 1158 est
2090 1116 2168 1161 suae

161 1181 273 1247 Deum
311 1179 418 1243 tamor
461 1174 553 1240 nullo
592 1180 730 1239 externo
774 1172 973 1240 adminiculo
1016 1173 1138 1239 habere
1190 1182 1373 1254 creaturas,
1400 1184 1439 1240 ut
1464 1162 1531 1242 illis
1557 1175 1706 1260 insignes
1736 1178 1860 1261 gloriae
1888 1200 1967 1245 suae
1989 1187 2085 1244 notas
2106 1181 2170 1245 im·
2286 1254 2287 1257 Ἴ

163 1285 261 1348 opus,
284 1264 330 1327 ita
351 1261 469 1328 inscito
487 1280 529 1325 cx
546 1280 585 1324 ec
604 1257 715 1342 colligi
733 1257 813 1338 dico,
836 1259 967 1323 nullum
982 1257 1138 1325 habuisse
1190 1259 1348 1341 primeret
1369 1258 1507 1346 (Ephes.
1533 1263 1561 1338 1,
1585 1260 1630 1345 6).

163 1356 348 1433 respectum
365 1347 427 1423 eui,
450 1351 488 1410 ut
507 1344 660 1409 homines
677 1345 713 1407 in
731 1344 871 1427 gloriam
888 1364 983 1409 suam
1000 1350 1136 1409 crearet.
1233 1402 1237 1410 ,
1276 1345 1457 1430 Postquam
1478 1352 1546 1411 tam
1568 1345 1685 1412 dextre
1702 1366 1840 1413 exorsus
1858 1354 1909 1412 est
1922 1348 2073 1432 Pighius,
2092 1354 2168 1430 [pag.

78 1503 84 1509 ,
162 1434 252 1518 Quid
274 1434 363 1499 enim
384 1430 446 1498 sibi
468 1429 542 1497 vult
563 1429 644 1494 illud
667 1427 852 1494 Solomonis
874 1428 988 1515 (Prov.
1015 1433 1064 1507 lt,
1087 1429 1137 1509 4):
1191 1434 1244 1508 78]
1277 1429 1425 1496 alterum
1454 1433 1555 1496 finem
1592 1431 1737 1498 subiicit:
1777 1431 1877 1515 Quod
1898 1434 1991 1498 Deus
2019 1434 2060 1499 ad
2086 1456 2165 1501 suae

163 1520 288 1588 Omnia
318 1524 455 1601 propter
486 1537 521 1580 se
551 1515 661 1597 ipsum
692 1522 845 1596 operatus
872 1523 922 1579 est
948 1512 1136 1579 Dominus?
1190 1512 1347 1581 bonitatis
1375 1524 1532 1581 naturam
1559 1518 1752 1600 respiciens,
1785 1518 1857 1584 eius
1880 1520 2035 1600 capacem
2060 1520 2167 1586 iecore

162 1604 257 1672 Nihil
279 1624 358 1687 ergo
379 1599 512 1667 absurdi
533 1608 593 1677 est,
615 1600 644 1665 si
661 1596 842 1666 dixerimus
862 1599 983 1678 Deum,
1006 1599 1138 1664 tametsi
1190 1599 1332 1665 voluerit
1362 1601 1555 1667 rationalem
1581 1610 1780 1669 creaturam:
1822 1603 1910 1686 quod
1943 1605 2014 1669 sine
2041 1604 2168 1670 arbitrii

162 1690 286 1757 nullius
313 1697 479 1772 egentem,
510 1685 683 1750 hominum
709 1691 821 1775 tamen
847 1705 952 1770 genus
979 1683 1016 1748 in
1044 1705 1139 1750 suam
1189 1684 1341 1750 libertate
1369 1687 1441 1752 fieri
1487 1686 1609 1751 otuisse
1632 1696 1739 1772 negat.
1785 1688 1860 1755 Hoc
1878 1689 2042 1767 confesso,
2073 1711 2168 1756 ruere

163 1776 304 1861 gloriam
335 1793 472 1839 creasse.
526 1772 574 1837 Ac
605 1771 722 1836 merito
754 1769 809 1835 hic
840 1770 1032 1852 potissimus
1061 1770 1138 1834 finis
1190 1770 1370 1835 arbitratur
1391 1707 1485 1854 qnod
1500 1770 1615 1838 doceo:
1639 1793 1681 1836 er
1703 1779 1838 1838 aeterno
1856 1773 1921 1837 Dei
1944 1772 2075 1841 decreto
2093 1797 2169 1841 con·

163 1861 290 1928 censeri
322 1858 427 1924 debet
479 1854 555 1936 Quo
590 1856 696 1939 magis
730 1853 907 1920 ridiculum
942 1861 993 1922 est
1025 1854 1138 1939 Pighii
1190 1856 1345 1920 stitutum
1365 1857 1467 1922 inisse
1489 1857 1577 1921 inter
1599 1856 1718 1923 electos
1733 1865 1775 1929 ,et
1803 1860 1959 1942 reprobos
1981 1859 2168 1942 discrimen,

163 1946 339 2029 sophisma,
361 1943 417 2025 qui
435 1942 546 2007 Deum
568 1940 659 2006 nullo
681 1940 805 2024 gloriae
827 1961 906 2006 suae
927 1948 1080 2023 respectu
1102 1939 1138 2003 in
1189 1940 1265 2022 quia
1287 1940 1412 2008 scilicet
1432 1940 1545 2021 homo,
1563 1942 1693 2008 futurae
1715 1963 1794 2008 suae
1815 1943 2014 2010 conditionis
2036 1946 2173 2024 arbiter,

163 2031 308 2096 hominis
330 2028 494 2094 creatione
516 2034 642 2090 motum
664 2026 764 2091 fuisse
781 2024 915 2110 colligit,
939 2026 1016 2108 quia
1038 2025 1083 2091 sit
1102 2025 1137 2088 in
1190 2032 1363 2109 utramque
1395 2026 1561 2092 fortunam
1593 2027 1630 2091 in
1662 2049 1765 2092 manu
1797 2027 1957 2094 habuerit
2009 2030 2170 2095 Monendi

163 2137 199 2183 se
226 2115 489 2200 perfectissimus.
532 2110 600 2177 Sed
630 2131 749 2193 operae
776 2112 918 2194 pretium
940 2118 993 2175 est
1013 2109 1136 2189 audire,
1189 2108 1321 2193 quidem
1342 2110 1396 2178 hic
1418 2111 1455 2175 in
1476 2111 1592 2194 primis
1614 2112 1832 2195 hortandique
1854 2121 1936 2178 sunt
1954 2112 2109 2194 lectores,
2132 2121 2171 2180 ιιι

163 2199 323 2285 quomodo
343 2219 380 2265 se
401 2219 445 2263 ex
465 2195 523 2261 illo
545 2195 732 2262 Solomonis
753 2195 825 2261 loco
845 2195 1014 2277 expediat:
1043 2194 1137 2260 Dens
1189 2216 1254 2278 quo
1275 2192 1368 2264 decet
1389 2196 1514 2262 honore
1535 2198 1682 2261 fictorem
1705 2205 1739 2262 et
1760 2198 1910 2280 opificem
1937 2218 2036 2262 suum
2058 2198 2170 2264 Deum

162 2293 297 2370 propter
319 2284 386 2351 sei
410 2304 485 2350 sum
506 2279 653 2348 condidit
673 2281 792 2346 omnia
821 2279 899 2347 Non
920 2282 998 2364 quia
1015 2280 1137 2363 gloriae
1188 2288 1438 2364 prosequentes,
1468 2279 1510 2345 ad
1539 2280 1812 2347 considerandum
1839 2283 1910 2349 eins
1937 2282 2110 2350 consilinm
2131 2285 2168 2349 in

162 2392 241 2439 suae
274 2370 309 2435 id
340 2392 376 2435 re
389 2374 492 2447 erret,
525 2366 584 2437 sed
616 2375 749 2449 propter
779 2386 859 2432 suae
886 2365 1042 2431 bonitatis
1074 2366 1137 2430 im·
1190 2365 1355 2431 creatione
1393 2366 1532 2431 humani
1566 2367 1698 2450 generis
1736 2389 1804 2433 non
1846 2375 2018 2450 protervos
2057 2368 2168 2435 oculos
2255 2448 2258 2451 ¹

161 2456 380 2524 mensitatem.
424 2455 475 2520 Ac
495 2473 538 2518 ne
558 2452 702 2535 pondere
728 2458 839 2518 careat
864 2449 954 2517 istud
976 2471 1138 2518 commen·
1189 2450 1353 2535 ingerant,
1376 2451 1434 2517 sed
1451 2452 1560 2534 ipsum
1577 2458 1777 2531 reverenter,
1800 2452 1916 2531 sobrie,
1940 2459 1974 2517 et
1990 2474 2073 2536 puro
2090 2453 2168 2520 fidei

162 2552 247 2608 tum:
270 2547 372 2626 negat
391 2539 475 2622 ullos
491 2539 688 2620 interpretes
706 2557 836 2604 mecum
853 2537 985 2616 sentire,
1008 2545 1139 2620 praeter
1190 2535 1283 2603 oculo
1301 2537 1490 2619 suspiciant
1537 2535 1614 2604 Scio
1636 2536 1677 2602 de
1699 2544 1832 2602 aeterna
1853 2537 1920 2604 Dci
1940 2538 2168 2622 praedestina·

162 2649 292 2712 paucos,
315 2632 354 2691 ut
374 2625 444 2708 ipso
466 2624 567 2707 ait,²)
589 2621 798 2707 detestabiles
820 2622 1009 2688 haereticos.
1049 2619 1139 2701 Quid
1190 2622 1280 2687 tione
1312 2622 1450 2688 verbum
1482 2622 1555 2688 fieri
1593 2622 1650 2689 vix
1681 2641 1793 2704 posse,
1827 2623 1909 2706 quin
1940 2644 2020 2688 mox
2046 2644 2170 2707 pravae

164 2733 243 2797 ergo
283 2707 471 2778 refellendis
510 2715 580 2773 tam
612 2708 760 2774 futilibus
790 2709 888 2792 nugis
922 2705 1138 2790 immorort⁸)
1190 2707 1315 2773 multae
1342 2706 1568 2790 absurdaeqne
1595 2707 1761 2773 mentibus
1792 2709 2047 2792 imaginationes
2075 2710 2168 2775 obre·

123 2858 126 2863 ,
163 2796 328 2864 Hebraico
354 2818 421 2864 vox
439 2794 756 2878 LAMMAANEHU',⁴)
781 2814 848 2876 qua
868 2793 975 2858 utitur
996 2791 1140 2871 Solomo,
1190 2801 1280 2875 pant
1324 2793 1442 2877 Itaque
1463 2792 1673 2876 reperiuntur
1695 2793 1833 2858 modesti
1854 2793 1989 2877 quidam
2009 2794 2169 2875 homines,

163 2882 362 2949 tantundem
383 2880 488 2959 valet,
523 2900 561 2944 ao
593 2879 621 2944 si
648 2879 724 2963 quis
749 2878 885 2946 diceret:
930 2876 985 2944 Ad
1006 2898 1139 2945 causam
1190 2880 1248 2962 qui
1264 2899 1474 2961 suppressam
1492 2879 1564 2943 eius
1581 2881 1785 2944 mentionem
1798 2887 1965 2962 cuperent,
1983 2879 2170 2947 nelascivis

162 2970 221 3034 sni.
277 2968 388 3034 Homo
419 2963 608 3032 semilatina
646 2965 841 3048 garrulitate
875 2964 1011 3030 inflatus
1044 2963 1139 3028 nohis
1190 2964 1333 3048 ingeniis
1364 2985 1436 3031 sese
1466 2963 1627 3033 efferendi
1661 2965 1801 3030 materia
1832 2967 2041 3048 praebeatur.
2095 2966 2169 3051 Ego

162 3054 299 3136 exponit
320 3059 394 3134 [pag.
414 3055 469 3130 77]
492 3047 570 3133 quid
591 3049 754 3133 significet
774 3049 969 3116 adverbium
986 3049 1137 3132 Propter.
1190 3071 1283 3129 vero,
1308 3057 1345 3115 nt
1366 3050 1550 3116 libentera
1591 3048 1656 3114 ntis
1678 3050 1972 3134 speculationibus,
2001 3049 2089 3134 quod
2133 3071 2171 3116 er

162 3137 316 3221 Quodsi
342 3143 473 3222 guttam
504 3132 642 3200 haberet
668 3155 768 3201 sanae
795 3135 929 3214 mentis,
963 3140 1138 3202 contextus
1189 3134 1270 3201 alios
1297 3134 1391 3214 licet,
1420 3156 1460 3201 su
1484 3155 1556 3200 erse
1580 3156 1631 3200 eo:
1665 3135 1713 3199 ita
1741 3137 1923 3219 ingenuam
1949 3136 2019 3202 veri
2042 3073 2168 3202 conlds-

151 3225 232 3309 ¹ipse
262 3223 350 3290 clare
377 3222 596 3299 demonstrat,
621 3240 690 3285 non
710 3220 811 3286 fuisse
837 3235 964 3288 creatos
992 3222 1029 3285 in
1050 3218 1138 3285 diem
1189 3220 1314 3286 sionem
1336 3221 1432 3287 subte
1464 3241 1580 3305 ugare,
1607 3242 1650 3285 ne
1667 3219 1845 3304 impiorum
1867 3222 1981 3286 sannis
2002 3221 2046 3285 sit
2068 3242 2169 3304 expo-

162 3309 257 3376 exitii
277 3309 410 3392 impios,
437 3306 504 3372 nisi
525 3304 603 3389 quia
622 3306 716 3371 Deus
738 3306 889 3372 suumin
910 3306 977 3371 illis
998 3304 1137 3390 gloriam
1189 3307 1266 3386 sita,
1294 3307 1345 3372 fae
1373 3326 1446 3371 esse
1474 3326 1541 3372 non
1569 3304 1720 3370 arbitror.
1765 3305 1835 3371 Nec
1862 3326 1941 3372 vero
1972 3306 2167 3370 autminus

161 3394 330 3460 illustrare
356 3393 477 3459 voluit:
517 3389 793 3474 quomadmodum
833 3391 911 3458 alibi
943 3391 1138 3475 pronunciat
1189 3412 1290 3475 quam
1317 3391 1406 3455 aliud
1432 3389 1562 3474 quidvis
1589 3390 1732 3472 pretiosa
1759 3396 1811 3455 est
1835 3390 1907 3461 Dec
1939 3411 2000 3456 sua
2030 3390 2167 3456 toritas:

162 3478 456 3545 Pharaonem'hac
479 3476 520 3542 de
541 3497 640 3543 causa
659 3476 761 3543 fuisse
783 3498 803 3543 a
823 3498 859 3544 sc
882 3477 1075 3555 excitatum,
1100 3484 1138 3541 ut
1189 3483 1247 3542 aut
1274 3483 1386 3542 nosha
1413 3474 1671 3540 dissimulatione
1693 3476 1821 3559 protegi
1850 3475 1924 3540 vult
1951 3494 2047 3540 suam
2072 3475 2168 3540 iusti-
2250 3501 2253 3505 >

163 3583 286 3629 nomen
308 3583 403 3629 suum
424 3564 460 3628 iu
482 3562 634 3647 gentibus
656 3562 855 3646 patefaceret
876 3561 996 3645 (Excd.
1016 3566 1045 3640 9,
1073 3560 1135 3645 16).
1188 3562 1285 3640 ιιιιιιι,
1319 3562 1415 3627 sicuti
1435 3581 1497 3625 neo
1519 3559 1579 3625 tali
1601 3560 1784 3641 patrocinio
1797 3561 1821 3639 ¹)
1853 3558 1989 3644 indiget
2035 3559 2168 3625 Verum

163 3647 326 3732 Porro,³)
358 3656 397 3713 ut
426 3657 496 3713 tam
528 3646 654 3714 insulso
686 3649 789 3714 errori
821 3648 962 3713 colorem
992 3645 1136 3725 inducat,
1191 3645 1543 3729 [pag.79]hocfnsius
1565 3645 1766 3727 paulopost
1800 3643 1898 3710 Nunc
1917 3654 1953 3710 ut
1970 3644 2012 3709 de
2029 3664 2065 3709 re
2083 3666 2169 3728 quae

163 3734 387 3800 testimonium
418 3732 545 3818 Moysis
580 3731 727 3799 adducit:
771 3732 878 3811 Nunc,
911 3731 1025 3811 Israel,
1059 3730 1138 3815 quid
1190 3733 1309 3816 agitur,
1332 3731 1477 3799 breviter
1498 3727 1725 3813 respondeam:
1754 3727 1925 3796 contendit
1946 3729 2098 3814 Pighius,
2121 3732 2169 3797 ita

161 3820 268 3904 poscit
300 3820 359 3886 abs
390 3825 421 3885 te
453 3817 618 3884 Dominus
647 3819 741 3884 Deus
767 3825 856 3898 tuus,
891 3818 956 3884 nisi
984 3815 1137 3882 utillum
1189 3817 1335 3900 praecise
1356 3815 1398 3882 ad
1420 3815 1560 3882 salntem
1584 3822 1711 3881 creatos
1738 3835 1810 3881 esse
1832 3815 1998 3894 homines,
2032 3822 2071 3881 ut
2093 3816 2169 3882 nul·

163 3926 253 3972 ames
283 3911 317 3970 et
341 3903 451 3971 colas?
496 3903 571 3987 Dgo
597 3925 675 3971 vero
704 3904 872 3970 neminem
898 3926 941 3970 ex
960 3902 1137 3969 lectoribus
1189 3901 1260 3967 lum
1276 3902 1341 3969 Dei
1363 3901 1537 3968 consilium
1553 3898 1594 3964 de
1616 3901 1778 3966 contrario
1799 3909 1921 3968 eventu
1942 3903 2168 3985 praecesserit

161 3990 230 4056 iore
252 3991 335 4057 adeo
355 3991 483 4056 fatuum
505 3987 646 4069 confido,
670 3990 726 4073 qui
748 4010 814 4054 non
836 3988 948 4055 rideat
969 3986 1137 4053 hominem
1191 3985 1296 4068 Quasi
1322 4007 1402 4055 vero
1424 3985 1588 4052 Dominus
1616 3992 1693 4051 ante
1718 3986 1863 4071 primum
1891 3986 2061 4053 hominem
2090 4006 2168 4053 con·

161 4081 272 4142 mente
294 4076 462 4158 privatum
481 4075 551 4140 siue
568 4073 694 4158 pudore
711 4074 883 4141 blaterare.
917 4071 1008 4156 Quid
1025 4072 1136 4138 enim?
1191 4071 1311 4153 ditum,
1340 4072 1447 4156 qualis
1474 4071 1575 4137 totins
1604 4072 1735 4156 generis
1760 4073 1872 4137 futura
1898 4079 1986 4139 esset
2014 4071 2167 4153 conditio,

163 4163 309 4245 anquis
336 4161 604 4243 nostraepotiue
629 4160 784 4227 utilitatis
806 4180 905 4227 causa
948 4180 1025 4225 uam
1047 4179 1138 4239 suae,
1191 4180 1259 4225 non
1280 4158 1490 4243 praeviderit
1536 4156 1640 4238 Quasi
1663 4158 1764 4223 etiam
1786 4172 1853 4223 non
1875 4157 2044 4236 statuerit,
2071 4156 2168 4241 quid·

162 4265 184 4309 a
203 4245 298 4312 nobis
325 4247 388 4313 coli
415 4245 490 4313 vult
515 4244 624 4324 Deus,
655 4245 730 4310 ideo
759 4246 888 4330 sepulta
916 4181 1039 4330 gloriae
1060 4264 1139 4310 snae
1192 4265 1271 4310 nam
1292 4245 1365 4312 fieri
1385 4243 1494 4310 vellet
1522 4243 1641 4322 Home,
1662 4250 1702 4307 ut
1722 4244 1831 4327 imago
1848 4243 1912 4308 Dei
1929 4243 2022 4323 foret,
2045 4249 2078 4308 ot
2094 4242 2169 4310 luce
2233 4277 2235 4284 ·

162 4351 252 4410 cura,
274 4352 334 4398 nos
356 4338 488 4397 tantum
509 4330 665 4416 respicit?
704 4333 751 4396 Et
773 4330 851 4415 quid
873 4338 922 4397 tot
942 4331 1140 4397 testimoniis
1191 4331 1328 4396 rationis
1367 4336 1401 4397 et
1439 4335 1577 4395 naturae
1615 4328 1814 4395 rectitudine
1851 4335 1989 4393 ornatus
2027 4328 2092 4393 luit
2127 4329 2168 4395 ab

1191 4415 1295 4482 initio.
1317 4416 1409 4500 Ergo
1420 4415 1523 4494 Deus,
1545 4412 1641 4497 quasi
1658 4415 1852 4494 caecutiens,
1875 4420 2033 4479 eventum
2051 4413 2171 4481 dubius

651 4568 658 4577 ,
1191 4521 1437 4585 suspensusque
1463 4498 1675 4582 exspectarit
1720 4498 1819 4564 Tales
1847 4505 1927 4564 sunt
1948 4499 2063 4584 Pighii
2090 4519 2168 4566 con·

234 4584 249 4639 1
280 4586 375 4668 Istc
393 4585 496 4656 0⁸12?-
1191 4607 1208 4651 s
1249 4586 1389 4651 uentiae.
1433 4583 1602 4651 Audacter
1641 4583 1729 4648 enim
1768 4583 1845 4647 inde
1878 4584 2016 4669 colligit,
2057 4585 2169 4650 Deum

232 4652 250 4707 2
279 4655 339 4710 ιώ·
358 4653 374 4709 ⁷
394 4670 452 4725 οιΡ·
470 4654 496 4710 2·
1190 4671 1226 4735 in
1249 4671 1367 4737 iscrete
1406 4677 1440 4736 et
1470 4669 1732 4735 indiscriminate
1764 4667 1965 4752 disposuisse
1993 4670 2168 4734 universos

231 4721 263 4859 {3
279 4724 537 4847 &lengessgnffiss
557 4722 1136 4860 &dcfflffie'fflju'fllfflffi'
1190 4755 1237 4821 ita
1259 4754 1426 4836 creandos,
1449 4761 1487 4820 ut
1508 4774 1586 4822 suae
1605 4753 1762 4819 bonitatis
1780 4775 1818 4820 ac
1831 4751 2045 4819 beatitudinis
2056 4760 2168 4820 essem

166 4857 324 4914 Ostorius.-
345 4859 594 4915 JAMAAVVIHV.
631 4859 743 4915 curu.-
763 4860 803 4915 Le
826 4867 883 4916 not
905 4859 972 4916 dont
993 4876 1042 4916 use
1059 4859 1136 4914 Salo-
1187 4841 1412 4926 participes.²)
1456 4840 1575 4925 Atqui,
1603 4837 1696 4903 nullo
1717 4840 1849 4924 negotio
1870 4846 2046 4922 utrumque
2067 4837 2169 4905 simul

42 4958 45 4963 >
163 4943 239 4989 mon:
259 4930 276 4985 t
293 4944 376 4985 cause
395 4929 428 4984 de
447 4945 506 5000 sop,
523 4936 645 4999 empcrte
663 4944 699 4984 un
716 4935 777 4984 tout
787 4935 865 4984 autre
880 4944 951 4984 sens.
973 4928 1011 4983 Et
1025 4928 1058 4983 de
1071 4928 1137 4984 taict

165 5010 196 5051 ce
214 4998 261 5064 qni
279 4996 392 5053 s'ensuit
408 5014 490 5069 apres
508 4998 534 5054 le
552 5005 671 5053 monstro
684 5012 771 5065 assez,
789 4995 856 5053 c’est
872 5013 925 5066 que
942 4997 983 5054 les
993 4997 1135 5052 meschone

163 5068 210 5119 M
230 5066 419 5200 lulalllrrodl'l.
439 5174 445 5188 .
465 5175 472 5189 .
490 5134 609 5204 respicit.
642 5132 720 5189 Haec
736 5133 830 5189 meato
847 5133 949 5189 ombec
966 5132 997 5189 in
1014 5134 1137 5189 υσνειοιιι
1259 5130 1288 5199 1)
1307 5131 1419 5187 defense
1438 5147 1474 5185 ou
1491 5145 1599 5186 excuse.
1706 5196 1713 5208 ι
1731 5196 1739 5210 ·
2010 5196 2016 5209 .

159 5200 271 5272 mico
1258 5199 1290 5269 a)
1308 5198 1391 5256 Tales
1409 5203 1472 5255 sunt
1491 5237 1624 5254 ......
1642 5202 1800 5266 pmuopes,
1818 5196 1894 5252 abest
1908 5195 2053 5335 Ῑαθίσιιιιο.
