4786 5910
218 316 289 380 333
1026 305 1442 379 miserentium
1633 346 1635 351 ·
2094 258 2262 376 ¹324.

187 456 190 460 ¹
225 449 462 587 (11111313).
492 464 622 578 Porro,
636 501 694 564 lne
721 498 874 581 suspensi
896 497 1107 576 haesitarent,
1141 499 1208 562 iem
1305 486 1307 489 ’
1347 465 1444 576 Quod
1477 504 1587 559 autem
1620 495 1712 577 impii
1742 495 1806 560 Dei
1846 494 2003 560 iudicium
2037 497 2112 562 alio⁴
2133 460 2243 563 colore
2280 569 2284 574 ,

225 594 304 652 ante
325 605 456 650 omnem
478 582 545 650 illis
567 584 806 650 dubitationem
834 590 1016 649 exemerat:
1046 580 1114 663 Qui
1136 603 1208 648 coe·
1260 580 1429 665 sugillant,
1462 580 1540 663 quia
1559 581 1682 645 frustra
1714 581 1861 645 iustitiae
1896 590 1930 645 et
1964 584 2131 648 sanctitati
2169 592 2242 650 stu·
2333 592 2335 594 ’

226 672 339 755 pitin
371 669 466 736 vebia
493 690 577 752 opus
597 670 731 749 bonum,
765 689 871 751 usqne
903 669 939 732 in
972 668 1059 735 diem
1081 667 1209 734 christi
1261 665 1362 731 deant
1396 666 1535 749 reprobi,
1571 686 1652 749 quos
1686 665 1819 730 tandem
1860 667 1970 748 perire
2010 678 2143 735 necesse
2180 678 2241 750 est,

224 756 375 840 perficiet
397 755 535 841 (Philip.
560 756 589 834 1,
611 755 656 838 6).
693 755 872 839 Nusquam·
888 775 966 838 crgo
988 752 1029 818 ad
1052 751 1209 836 precandi
1261 751 1427 817 calumnia
1447 750 1529 816 haee
1550 761 1588 816 ut
1608 772 1651 815 ex
1672 770 1784 818 313333
1805 752 1937 817 inscitia
1958 753 2114 834 nascitur,
2147 755 2242 822 brevi

227 862 343 909 euram
364 846 399 906 et
419 837 566 906 studium
591 860 652 905 nos
674 840 811 923 spiritns
832 840 897 905 Dei
919 839 1081 918 hortatur,
1113 839 1208 922 quasi
1261 857 1418 919 responso
1451 856 1471 899 a
1499 855 1553 901 me
1585 835 1734 902 discussa
1763 837 1921 918 fuerat:¹)
1955 839 2083 925 nullum
2116 841 2244 908 scilicet

228 926 329 992 dubio
348 926 385 990 in
403 932 492 992 statu
509 927 727 992 fluctuaretur
743 925 834 991 salus
850 931 973 1004 nostru,
995 944 1078 1006 quae
1095 922 1208 989 inDei
1261 923 1345 987 bene
1373 921 1495 1006 agendi
1520 920 1667 987 studium
1699 924 1807 987 inesse
1840 923 2037 1003 hominibus,
2066 930 2141 1005 [pag.
2168 934 2242 1007 133]

226 1033 331 1081 mauu
351 1012 415 1077 sita
436 1018 499 1076 est:
520 1031 694 1094 nusquam
715 1004 810 1076 nobis
839 1011 992 1075 timorem
1015 1010 1130 1088 iniicit,
1152 1009 1209 1091 qui
1261 1005 1348 1089 quod
1376 1028 1443 1071 non
1471 1027 1513 1072 ex
1540 1006 1698 1072 electione
1726 1008 1878 1090 prodeat:
1906 1008 2060 1092 reprobos
2082 1032 2171 1091 vero,
2202 1024 2243 1079 nt
2349 1073 2357 1085 ,

226 1096 384 1164 fiduciam
404 1096 441 1162 in
463 1097 606 1180 gratuito
629 1095 695 1162 Dei
722 1116 832 1161 amore
853 1094 1026 1160 fundatam
1047 1095 1207 1159 excutiat:
1261 1099 1342 1157 sunt
1362 1111 1442 1158 vasa
1463 1092 1500 1156 in
1521 1092 1756 1157 contumeliam
1777 1093 1927 1170 formata,
1954 1098 2178 1178 provocandae
2203 1101 2243 1164 in

227 1183 287 1249 sed
313 1189 350 1248 ut
369 1181 491 1248 talibus
518 1179 661 1247 stimulis
684 1187 757 1260 [pag.
780 1186 856 1262 131]
889 1179 1066 1265 pungendo
1100 1179 1209 1247 caruis
1261 1197 1297 1243 se
1318 1179 1383 1243 Dei
1404 1177 1522 1242 ultioni
1544 1177 1673 1242 nullum
1700 1179 1801 1243 finem
1822 1179 1937 1259 facere,
1972 1187 2005 1245 et
2032 1182 2242 1252 evidentibus

226 1275 359 1334 nostrae
385 1268 552 1352 pigritiem
584 1267 737 1351 corrigat.
782 1266 892 1350 Atque
928 1266 964 1330 in
998 1286 1074 1331 eum
1107 1266 1209 1330 finem
1261 1263 1366 1347 siguis
1387 1269 1572 1328 monstrare
1599 1263 1700 1327 exitio
1728 1284 1764 1328 se
1791 1284 1862 1329 esse
1892 1264 2035 1332 devotos.
2079 1269 2240 1354 Pighi02)

226 1353 428 1421 calumniose
451 1352 624 1436 detorquet
640 1352 782 1436 Pighius
803 1352 940 1435 apostoli
959 1352 1061 1417 verba
1082 1372 1124 1416 ex
1145 1373 1209 1416 un·
1262 1348 1316 1413 hio
1336 1349 1482 1414 omnium
1505 1347 1745 1414 absurditatum
1768 1350 1919 1417 cumulus
1939 1359 1997 1431 est,
2026 1362 2066 1416 ut
2091 1355 2175 1419 nihil
2202 1357 2240 1421 in

203 1428 354 1505 <decimo
384 1437 427 1504 ad
444 1438 611 1503 Romanos
639 1438 746 1520 capite
773 1437 819 1520 (v.
842 1441 884 1520 20
906 1439 1027 1519 seqq.):
1056 1436 1125 1502 Per
1157 1437 1209 1500 in-
1261 1441 1332 1498 tota
1353 1432 1573 1517 disputatione
1600 1454 1704 1517 aeque
1731 1435 1953 1519 prodigiosum
1982 1440 2133 1521 reperiat
2177 1443 2240 1507 At

226 1523 456 1591 credulitatem
491 1523 628 1588 13113311
661 1529 739 1588 sunt
772 1524 877 1588 nativi
910 1522 1000 1587 oleae
1030 1523 1128 1587 remi:
1171 1530 1208 1585 tu
1260 1519 1328 1601 qui,
1351 1520 1405 1585 vel
1425 1540 1492 1585 uno
1509 1520 1571 1585 hoo
1592 1528 1786 1603 argumento
1806 1522 1936 1587 ehunde
1958 1524 2082 1605 probat,
2110 1526 2241 1593 rabiosa

226 1629 309 1674 vero
329 1608 395 1677 fide
412 1608 595 1675 constitisti.
618 1608 670 1673 Ne
688 1608 834 1673 efferaris
851 1609 971 1687 animo,
993 1605 1050 1672 sed
1073 1607 1206 1671 timeas:
1260 1603 1476 1670 maledicendi
1508 1604 1644 1670 libidine
1675 1606 1722 1669 ita
1754 1628 1789 1671 se
1820 1613 2048 1674 transversum
2079 1613 2161 1695 rapi,
2201 1621 2240 1677 nt

109 1690 111 1695 ’
226 1712 306 1759 nam
328 1695 356 1761 si
377 1693 471 1760 Deus
492 1693 699 1760 naturalibus
721 1694 824 1759 ramis
845 1714 913 1758 non
938 1693 1096 1777 pepereit;
1132 1690 1208 1757 vide
1260 1690 1333 1755 sine
1365 1690 1436 1755 ulla
1467 1691 1635 1756 occasione
1671 1712 1731 1756 333
1759 1692 1907 1758 convicia
1928 1693 2074 1760 ebulliet.
2120 1697 2239 1764 Nullos

225 1800 270 1844 ne
292 1801 358 1864 qua
380 1782 448 1858 fiet,
471 1786 510 1843 ut
531 1800 592 1845 nee
614 1778 675 1844 tibi
696 1785 818 1862 parcat
847 1779 934 1845 Ecce
954 1779 1057 1863 igitur
1077 1778 1208 1843 bonitas
1259 1776 1324 1840 Dei
1356 1775 1476 1859 spiritu
1509 1776 1574 1842 nisi
1606 1775 1727 1842 eleetos
1748 1776 1928 1861 gubernari
1950 1781 2113 1864 scriptura
2134 1781 2237 1850 docet.

225 1864 292 1931 Dei
314 1872 348 1929 et
362 1865 541 1932 severitus:
563 1865 600 1929 in
617 1865 746 1948 eosqui
761 1863 959 1943 aesiderant,
981 1863 1153 1929 severitas:
1173 1863 1207 1927 in
1260 1858 1378 1941 Qualis
1399 1862 1435 1926 in
1456 1861 1593 1925 homine
1613 1863 1735 1945 absque
1755 1863 1891 1945 spiritus
1912 1867 2018 1930 saucti
2046 1866 2147 1933 ductu
2168 1891 2238 1935 rec·

224 1957 259 2016 te
281 1957 393 2016 autem
414 1949 554 2030 bonitas,
587 1951 615 2015 31
664 1948 776 2014 uidem
802 1950 1024 2033 permanseris
1052 1949 1088 2013 in
1114 1948 1207 2012 honi·
1258 1945 1364 2011 titudo
1386 1968 1457 2012 esse
1479 1947 1621 2030 poterit?
1659 1948 1845 2026 Manifesta,
1879 1951 1986 2033 inquit
2002 1951 2137 2033 Paulus,
2160 1965 2240 2021 sunt

225 2043 303 2101 tate.
348 2036 530 2118 Postquam
565 2033 605 2099 de
639 1971 761 2119 duplici
793 2035 904 2120 gentis
938 2055 1016 2100 suae
1050 2034 1208 2101 electione
1259 2051 1358 2115 33313
1379 2032 1489 2096 earnis
1512 2032 1635 2112 (Galat.
1660 2037 1688 2112 5,
1716 2033 1778 2117 10).
1818 2035 1864 2099 111
1885 2035 1971 2113 alibi,
1994 2057 2107 2104 omnes
2129 2043 2239 2107 carnis

226 2121 390 2200 disseruit,
423 2132 457 2186 et
482 2120 661 2186 multorum
696 2120 875 2186 defectione
908 2118 1051 2186 ostendit
1083 2120 1208 2185 factum
1259 2118 1474 2201 cogitationes
1496 2116 1569 2183 Deo
1590 2118 1741 2184 inimicas
1763 2140 1834 2184 csse
1856 2124 2052 2203 pronunciat
2073 2125 2183 2210 (Rom.
2207 2132 2238 2205 8,

224 2226 307 2287 esse,
331 2208 447 2290 utqui
474 2208 567 2291 prius
589 2203 730 2291 legitimi
765 2212 798 2270 et
829 2206 955 2289 proprii
989 2213 1086 2271 erant
1120 2206 1208 2271 vitae
1260 2203 1305 2285 1).
1339 2201 1427 2284 Quid
1449 2205 1555 2288 igitur.
1572 2203 1715 2281 absurdi,
1738 2204 1766 2269 si
1788 2213 1920 2287 peccato
1942 2210 2145 2292 mancipatos
2166 2232 2240 2278 esse

225 2292 394 2371 haeredes,
429 2298 564 2376 propter
597 2292 761 2357 sancitum
794 2312 870 2357 cum
901 2291 1050 2374 patribus
1083 2289 1206 2370 foedus,
1260 2287 1341 2367 dico,
1364 2289 1422 2371 qui
1444 2290 1565 2372 spiritu
1587 2288 1651 2354 Dei
1673 2309 1741 2354 non
1773 2292 1912 2375 regeniti
1941 2296 2049 2360 earnis
2076 2318 2155 2361 suae
2184 2320 2240 2362 31-

187 2380 190 2387 “
222 2398 312 2444 3333
334 2377 475 2443 abdicati
495 2383 574 2442 sunt
596 2399 615 2442 3
637 2376 720 2455 Deo,
755 2384 789 2441 et
819 2378 898 2443 facti
927 2377 968 2442 ab
1001 2378 1071 2443 eins
1086 2374 1206 2460 'regno
1259 2372 1357 2439 bitrio
1379 2373 1547 2440 ferantur?
1593 2373 1684 2455 Quos
1705 2376 1798 2441 Deus
1820 2377 1928 2461 elegit,
1952 2380 2108 2446 iustificat
2125 2382 2238 2469 (Rom.

224 2472 387 2529 extorres:
418 2462 550 2527 tandem
579 2461 621 2526 31
648 2468 765 2547 gentes
795 2483 834 2527 se
867 2461 1039 2540 convertit,
1074 2482 1119 2527 ne
1151 2484 1206 2528 su·
1260 2463 1289 2538 8,
1315 2461 1380 2542 30).
1426 2459 1516 2542 Quid
1537 2461 1661 2525 mirum
1683 2462 1711 2526 si
1733 2462 1870 2545 reprobi,
1895 2464 1958 2528 Dei
1984 2466 2111 2532 iustitia
2130 2470 2239 2549 vacui,

170 2554 174 2559 “
222 2546 648 2633 331131313313133311331,
670 2548 747 2631 quia
768 2548 804 2612 in
821 2551 934 2613 eorum
952 2547 1059 2614 locum
1077 2568 1206 2614 succes·
1259 2545 1343 2610 nihil
1364 2567 1463 2629 quam
1485 2567 1620 2631 peccare
1640 2547 1813 2613 noverint?
1844 2549 1957 2634 Elegit
1976 2549 2068 2618 Deus
2090 2573 2175 2632 suos,
2199 2561 2241 2619 ut

224 2635 337 2700 serint
382 2631 573 2698 Notandum
602 2641 723 2713 autem,
758 2632 846 2716 quod
878 2635 974 2700 sicuti
1009 2633 1206 2699 universalis
1258 2633 1364 2698 333311
1399 2634 1469 2698 3131
1499 2652 1537 2697 33
1569 2633 1872 2716 irreprehensibiles
1899 2636 2019 2719 (Ephe.
2045 2642 2072 2716 l,
2096 2639 2140 2722 4).
2196 2637 2240 2704 Si

222 2720 282 2784 illa
302 2717 415 2802 populi
436 2719 570 2785 reiectio
591 2741 656 2784 non
679 2719 890 2785 labefactavit
910 2721 1012 2785 fixam
1034 2719 1099 2785 Dei
1121 2719 1205 2784 eleo·
1257 2718 1424 2799 gratuitae
1445 2718 1614 2783 electionis
1635 2719 1761 2784 fruetus
1781 2729 1831 2785 est
1853 2721 2023 2788 sanctitas:
2055 2725 2128 2806 quis
2155 2723 2240 2791 31133

221 2804 356 2881 tionem,
378 2804 457 2886 quin
480 2804 633 2888 reliquias
656 2804 781 2886 aliquas
803 2812 965 2870 servaret:
1001 2805 1048 2869 113
1070 2802 1205 2870 univer·
1255 2801 1292 2866 in
1307 2803 1453 2885 profanis
1463 2803 1614 2868 sordibus
1635 2803 1801 2870 demersos
1818 2825 1953 2872 manere
1970 2808 2087 2893 neget?
2110 2810 2239 2876 Vocem

224 2890 303 2955 salis
324 2890 472 2973 gentium
495 2890 611 2956 electio
634 2911 699 2954 non
721 2890 891 2972 complexa
918 2897 968 2955 est
994 2891 1140 2974 singulos
1162 2912 1205 2955 ex
1257 2907 1352 2952 suam
1379 2887 1493 2954 audire
1520 2896 1622 2974 negat
1651 2889 1815 2969 (lhristus,
1848 2893 2032 2976 quicunque
2063 2915 2130 2960 non
2158 2903 2241 2961 sunt

221 2974 384 3060 gentibus,
408 2982 445 3040 ut
466 2995 579 3040 omnes
601 2974 691 3040 vitae
713 2981 881 3041 consortes
907 2977 1034 3040 fierent
1085 2975 1205 3059 Dupli-
1257 2993 1299 3050 ex
1321 2973 1436 3040 ovibus
1458 2975 1536 3040 suis.
1560 2975 1700 3054 Rursus,
1724 2997 1765 3039 ex
1788 2976 1916 3042 diabolo
1938 2993 2016 3044 esse·
2031 2983 2238 3063 pronunciat,

222 3082 295 3127 oem
315 3061 350 3124 in
370 3056 502 3125 Iudseis
525 3059 591 3126 Dei
613 3060 806 3126 electionem
823 3060 950 3127 Paulus
971 3060 1039 3126 illic
1061 3082 1203 3126 comme·
1257 3059 1316 3141 qui
1334 3080 1447 3125 vocem
1469 3060 1574 3143 petris
1596 3061 1631 3124 in
1653 3081 1709 3126 ore
1732 3081 1791 3126 suo
1808 3073 2018 3130 resonantem
2036 3066 2151 3131 audire
2167 3087 2237 3131 non

220 3155 339 3211 morat
373 3145 524 3210 Electum
549 3146 648 3224 ‚enim
683 3144 922 3229 quodammodo
956 3146 1064 3212 fueret
1098 3154 1204 3212 totum
1257 3147 1423 3210 sustinent
1455 3146 1661 3230 (1333310,
1697 3149 1737 3209 20
1771 3155 1805 3211 31
1835 3152 1865 3226 8,
1899 3148 1965 3235 44).
1999 3150 2047 3217 111
2078 3153 2238 3236 reprobos

221 3230 377 3296 Abrahae
409 3252 524 3315 genus.
586 3229 654 3297 Sed
689 3252 791 3313 quum
824 3231 951 3298 occulto
984 3233 1049 3296 Dei
1083 3231 1203 3299 iudicio
1255 3229 1406 3295 ostendat
1437 3231 1578 3315 Pighius
1608 3232 1702 3297 bonis
1734 3232 1886 3315 operibus
1918 3235 2061 3317 studere,
2103 3245 2236 3322 gratam

220 3317 369 3401 plerique
397 3337 466 3381 non
497 3325 608 3383 essent
643 3315 684 3381 ad
719 3317 821 3382 vitam
854 3316 1009 3382 ordinati:
1044 3325 1203 3399 pereunte
1255 3317 1421 3381 33331133
1447 3318 1686 3383 contumaciam
1713 3319 1874 3398 ostendet,
1902 3325 1976 3400 [pag.
1999 3327 2073 3402 134]
2100 3343 2238 3390 necesse

220 3403 337 3468 maiori
367 3406 526 3480 nummo,
567 3401 682 3468 electio
722 3403 757 3466 in
795 3402 942 3487 reliquiis
981 3404 1201 3486 consequitur.
1255 3410 1313 3469 est.
1358 3400 1481 3468 Obiicit
1502 3409 1617 3469 333113
1637 3403 1787 3488 Pighius,
1816 3402 1896 3471 Saul
1910 3407 2032 3473 -multis
2054 3409 2237 3475 virtutibus

219 3487 319 3554 Nunc
341 3494 415 3568 [pag.
442 3493 514 3566 133]
541 3487 701 3553 1133331313
729 3486 770 3552 31
804 3496 921 3573 gentes
947 3490 1036 3554 vitae
1061 3488 1201 3568 foedere,
1254 3487 1461 3555 excelluisse:
1495 3489 1561 3553 imo
1593 3488 1754 3571 plceuisse
1774 3488 1856 3556 Deo.
1902 3491 2063 3573 Virtutes,
2093 3514 2176 3576 qnae
2199 3495 2236 3559 in

222 3574 409 3639 eommunis
429 3573 487 3637 illa
508 3574 640 3657 generis
658 3573 814 3639 Abrahae
836 3573 967 3659 adoptio
989 3573 1031 3640 ed
1049 3594 1110 3641 nos
1128 3597 1203 3658 per·
1254 3574 1401 3657 reprobis
1423 3572 1560 3659 fulgent,
1593 3582 1709 3658 suapte
1730 3584 1851 3642 nature
1872 3576 2053 3644 laudabiles
2079 3601 2151 3646 esse
2184 3581 2236 3645 fa·

219 3659 315 3723 tinet.
360 3656 549 3739 Caeterum,
577 3658 613 3723 id
646 3681 713 3724 non
739 3658 848 3726 obstet
873 3660 1050 3743 quominus
1082 3680 1202 3726 arcano
1253 3666 1339 3725 teor:
1373 3657 1472 3743 idque
1493 3660 1555 3725 sibi
1587 3660 1660 3726 vult
1689 3663 1863 3745 scriptura,
1896 3685 1997 3747 quum
2030 3662 2167 3731 Saulem
2200 3675 2236 3731 et

220 3742 286 3808 Dei
313 3742 518 3826 beneplacito
550 3745 647 3827 pauci
675 3744 717 3810 ad
744 3765 817 3810 eam
845 3745 1016 3810 fruendam
1046 3745 1202 3811 destinati
1254 3745 1335 3811 alios
1353 3745 1499 3811 eiusdem
1519 3746 1643 3811 ordinis
1661 3747 1763 3812 refert
1779 3749 1894 3814 fecisse
1912 3750 1997 3832 quod
2017 3758 2143 3817 rectum
2165 3759 2232 3817 est:

220 3828 297 3896 sint.
340 3829 468 3894 Paulus
490 3848 578 3913 ergo,
607 3829 685 3894 dum
708 3837 824 3914 gentes
847 3851 890 3895 ex
916 3832 1064 3915 opposito
1092 3834 1201 3898 confe-
1254 3830 1312 3896 sed
1338 3832 1415 3913 quia
1442 3830 1549 3897 cordis
1570 3832 1704 3911 fontem,
1739 3834 1826 3899 unde
1858 3836 1966 3900 fluunt
1997 3857 2105 3919 opera,
2137 3834 2235 3902 Dens

220 3934 299 3978 rens
320 3933 395 3978 oum
417 3913 559 3996 Iudaeis,
589 3915 717 3981 steriles
746 3916 902 3982 oleastros
930 3917 1071 3983 exsectis
1102 3925 1200 3982 natu·
1253 3917 1401 4000 respicit:
1435 3916 1518 3981 nihil
1545 3919 1654 3983 obstat
1680 3921 1855 4001 quominus
1877 3942 1968 4005 opus,
2002 3922 2089 4004 quod
2111 3922 2234 4005 alioqui

219 3999 344 4065 ralibus
367 4000 478 4079 ramis,
506 4000 540 4064 in
564 4010 711 4068 sanctam
735 4001 878 4067 radicem
906 4002 1023 4067 insitos
1051 4024 1123 4069 csse
1151 4002 1200 4068 di·
1252 4002 2234 4087 133313313131,311311131333311313313131,3113113-

219 4086 271 4164 cit,
302 4105 407 4169 neque
433 4086 595 4169 privatim
622 4085 662 4151 de
691 4087 840 4171 siugulis,
875 4109 983 4171 neque
1009 4088 1201 4172 simpliciter
1251 4089 1423 4153 minationi
1460 4087 1546 4171 apud
1575 4089 1692 4153 Deum.
1734 4091 1972 4157 Rudimentum
2004 4092 2128 4159 seilicet
2149 4093 2234 4159 illud

219 4169 260 4235 de
281 4193 403 4238 arcana
423 4172 488 4237 Dei
515 4171 673 4238 electione
695 4179 831 4239 tractat:
865 4173 922 4239 sed
950 4182 1075 4256 quanta
1101 4175 1201 4239 fuerit
1255 4174 1389 4257 pietatis
1410 4174 1562 4258 ignotum
1584 4174 1787 4260 fuitPighio:
1810 4178 1894 4242 nihil
1916 4186 1985 4244 tem
2008 4199 2079 4245 esse
2100 4200 2232 4262 purum,

218 4278 332 4321 rerum
360 4256 446 4322 facta
474 4257 643 4323 conversio
666 4257 769 4338 docet,
799 4256 877 4323 dum
904 4260 1034 4325 reiectis
1060 4259 1137 4324 filiis
1164 4261 1199 4325 in
1250 4258 1336 4343 quod
1357 4280 1422 4324 non
1443 4259 1595 4342 inquinet
1616 4260 1760 4327 hominis
1786 4262 2020 4330 immundities.
2051 4265 2143 4350 Ergo
2164 4286 2235 4331 non

219 4362 334 4405 eorum
355 4341 463 4407 locum
486 4342 656 4427 subrogati
679 4352 757 4409 sunt
780 4346 941 4410 extranei.
986 4345 1102 4428 Itaque
1130 4351 1199 4411 1313
1251 4345 1375 4409 mirum
1397 4351 1456 4424 est,
1489 4346 1518 4409 si
1540 4346 1580 4411 ab
1603 4354 1742 4411 externe
1763 4347 1857 4413 larva
1878 4347 1987 4415 Saulis
2012 4371 2111 4433 opera
2133 4351 2233 4416 aesti-

218 4425 277 4490 illa
296 4426 392 4491 Pauli
415 4427 611 4507 exhortatio,
640 4450 708 4494 non
737 4438 805 4494 tam
832 4429 873 4495 ad
900 4429 1013 4495 fideles
1035 4430 1198 4516 dirigitur,
1252 4450 1357 4508 mans,
1380 4431 1601 4497 innocentiam
1630 4432 1700 4497 3133
1727 4433 1986 4519 probitatemque
2014 4434 2232 4503 commendet

219 4512 277 4595 qui
298 4519 431 4579 verset
452 4520 493 4577 ex
516 4515 627 4579 animo
651 4516 792 4600 gratiam
810 4517 954 4599 amplexi
973 4523 1076 4595 erant,
1099 4538 1199 4600 quam
1252 4514 1349 4597 Quod
1372 4517 1473 4582 semel
1490 4538 1566 4582 eum
1584 4519 1657 4582 Deo
1674 4518 1837 4600 placuisse
1854 4521 2030 4600 contendit,
2054 4519 2231 4607 distinguo.

218 4596 261 4661 ed
282 4598 435 4682 gentium
456 4620 583 4682 corpus,
617 4601 704 4683 quod
736 4624 778 4666 ex
806 4602 908 4668 variis
939 4603 1097 4667 membris
1124 4624 1197 4684 per·
1252 4599 1309 4668 Sic
1332 4602 1420 4667 enim
1454 4601 1609 4688 dignatus
1641 4615 1693 4669 est
1724 4624 1801 4669 eum
1832 4605 1957 4673 honore
1989 4609 2088 4692 regio,
2122 4616 2162 4672 ut
2193 4608 2233 4672 in

218 4684 359 4747 mixtum
382 4692 461 4749 erat
505 4686 553 4750 Et
574 4694 687 4751 tamen
710 4686 794 4751 nihil
816 4686 947 4752 absurdi
971 4694 1030 4764 est,
1060 4689 1089 4754 si
1110 4710 1198 4754 com·
1251 4688 1415 4772 scriptura
1448 4688 1564 4754 domus
1595 4688 1701 4755 Israel
1738 4711 1910 4774 uunquam
1940 4714 2016 4758 eum
2049 4692 2230 4758 censuerit:

217 4780 331 4851 pesoat
352 4768 444 4834 Deus
463 4770 498 4834 13
520 4770 597 4836 filiis
619 4774 687 4837 suis
710 4773 819 4839 cernis
841 4773 1065 4838 insolentiam:
1094 4794 1198 4857 quum
1251 4773 1524 4855 quemadmodum
1557 4775 1710 4841 Ezechiel
1748 4776 1893 4859 loquitur
1928 4778 2063 4861 (Erech.
2101 4781 2149 4857 13,
2184 4778 2229 4863 9).

218 4853 280 4918 hoo
314 4855 393 4919 vitio
426 4876 541 4921 omnes
573 4856 732 4923 laborent.
788 4859 941 4925 Ridicule
974 4866 1087 4922 temen
1119 4857 1196 4923 inde
1250 4860 1307 4923 An
1328 4861 1405 4941 quia
1427 4859 1469 4925 ad
1495 4882 1617 4927 munus
1644 4860 1858 4944 apostolicum
1885 4864 2008 4929 electus
2035 4864 2098 4928 fuit
2117 4863 2229 4944 Iudas,

218 4931 344 5022 colligit
371 4940 522 5023 Pighius,
564 4941 605 5006 ab
639 4943 814 5008 hominum
846 4944 1092 5027 perseverantia
1123 4965 1196 5023 sus·
1550 5014 1584 5028 ..
1720 5017 1726 5029 ,
1948 5017 1955 5030 ‚
1999 5018 2006 5032 ,

217 5044 354 5106 pensam
381 5046 452 5091 0330
487 5026 620 5093 divinae
652 5029 821 5094 eleotjonis
855 5030 1086 5095 mmmmm:
1121 5031 1198 5113 quia
1317 5012 1347 5073 1)
1366 5015 2050 5084 333333333313313113333313311131133.

216 5109 253 5173 in
277 5110 426 5192 generali
453 5131 581 5194 quoque
607 5115 755 5186 omnium
782 5114 962 5181 (1616θῇ0116
988 5135 1121 5181 Πθθθθθθ
1147 5122 1198 5182 681
1248 5078 1398 5204 3333113331>ἰ
1414 5082 1464 5206 duod
1490 5084 1748 5209 Η113311111131111113
1765 5085 1911 5222 reldivddridd.
1928 5094 2041 5209 redeid‘ise
2066 5085 2231 5224 gessblffirggs

123 5245 126 5249 .
202 5193 255 5256 'ut
277 5195 334 5258 1113
356 5195 570 5261 nihilominus
592 5194 746 5264 obtineat.
1250 5226 1321 5275 strer
1339 5234 1403 5275 sans
1422 5222 1493 5276 nulle
1531 5219 1641 5276 'lliculte
1659 5222 1737 5289 qu'ils
1754 5222 1893 5278 bataill‘ent
1912 5231 2006 5308 contre
2024 5223 2101 5278 Dieu
