4786 5910
146 337 210 398 465
903 331 1166 399 llssOHAIlIrIS
1190 331 1402 399 saevum.
2095 341 2159 406 466

144 521 270 588 sionem
311 520 403 585 nullo
441 519 513 584 iure
551 538 611 585 noo
651 519 777 585 ratione
816 521 978 584 munitam
1017 512 1125 604 gladio
1179 521 1207 584 si
1229 520 1266 583 in
1288 540 1398 586 errore
1420 528 1540 601 essent,
1564 522 1650 605 quod
1670 523 1763 602 absit,
1786 545 1846 609 pro
1867 546 1978 591 errore
1999 547 2059 592 suo
2081 548 2158 593 oon·

144 608 240 672 tueri.
254 608 279 686 ¹)
323 605 452 671 Verum
482 626 584 688 quum
618 612 749 671 sanctos
780 603 845 670 Dei
880 605 1056 689 prophetas
1092 615 1126 670 et
1178 614 1230 669 tra
1257 607 1431 671 veritatem
1458 608 1547 692 leges
1569 607 1701 686 darent,
1732 630 1792 692 per
1812 630 1895 692 quas
1920 612 2000 677 iusti
2029 621 2062 677 et
2084 634 2158 696 pro-

145 693 310 777 apostolos
332 691 411 755 olim
433 691 550 756 similis
573 698 737 774 premeret
755 690 922 775 iniquitas,
945 712 1013 756 non
1026 711 1126 774 nega-
1178 691 1338 756 barentur
1370 698 1403 756 et
1431 703 1682 771 coronarentur,
1715 716 1783 759 non
1815 697 1963 762 iaciendo
1996 697 2081 781 quod
2109 699 2158 763 illi

144 788 225 844 runt
251 778 332 862 quin
353 776 419 841 Dei
441 777 567 842 cultum
589 785 622 841 et
643 777 820 843 coelestem
850 778 919 842 cius
942 777 1126 843 doctrinam
1178 777 1345 855 iuberent,
1391 777 1469 859 quia
1507 779 1601 844 Deus
1641 780 1842 861 prohiberet:
1889 784 1975 847 sicut
2016 784 2159 850 iusserat

144 866 195 930 fas
222 870 309 930 esset
338 861 487 946 legitima
513 869 674 945 potestate
703 861 849 939 defendi,
882 873 920 927 ut
947 862 987 928 de
1015 862 1126 946 impiis
1177 860 1460 928 Nabuchaduesar
1491 873 1529 928 ut
1561 885 1661 929 aurea
1694 874 1802 930 statua
1829 867 2037 946 adoraretur,
2070 869 2157 951 quod

145 952 216 1015 eius
239 949 445 1016 eversoribus
466 954 538 1026 [pag.
557 953 609 1027 13]
622 944 733 1031 ¹poena
751 947 912 1013 divinitus
924 950 1126 1032 praescripta
1200 947 1234 1011 ui
1266 949 1373 1014 facere
1406 947 1583 1014 noluerunt
1617 949 1690 1014 Deo
1730 952 1919 1034 prohibenti
1951 953 2156 1037 placuerunt.

145 1044 340 1101 sumeretur.
387 1032 550 1099 Severum
576 1040 680 1112 carte,
720 1043 758 1098 ut
791 1041 905 1116 postea
931 1033 1124 1112 videbimus,
1178 969 1320 1113 Quando
1348 1042 1459 1098 autem
1486 1034 1701 1117 imperatores
1731 1038 1905 1102 veritatem
1935 1045 2063 1118 tenant,
2097 1062 2157 1123 pro
2186 1072 2190 1081 ·

144 1120 303 1187 iudicium
316 1121 407 1185 Deus
425 1121 461 1184 in
482 1139 538 1183 eos
559 1119 774 1184 constituerat
795 1121 851 1201 qui
872 1120 1033 1203 populum
1054 1132 1125 1185 tau·
1176 1120 1248 1201 ipsa
1270 1127 1385 1184 contra
1406 1140 1550 1184 errorem
1568 1120 1697 1186 iubent:
1720 1121 1806 1204 quod
1823 1124 1970 1206 quisquis
1988 1136 2157 1209 contemp-

145 1214 273 1272 tasseut
306 1229 326 1271 a
363 1225 441 1269 vera
480 1204 640 1288 religione
672 1204 840 1271 abducere.
894 1207 924 1271 A
957 1206 1125 1272 sceleratis
1176 1205 1276 1284 serit,
1294 1203 1453 1269 iudicium
1476 1206 1538 1270 sibi
1561 1208 1710 1272 accersit:
1744 1229 1820 1274 nam
1845 1220 1879 1273 et
1899 1211 1987 1276 iuter
2006 1211 2156 1278 homines

144 1292 295 1377 tyrannis
315 1291 474 1356 Ieremias
492 1289 534 1353 ad
555 1290 693 1374 capitale
715 1290 913 1373 supplicium
935 1299 1069 1369 tractus,
1093 1299 1126 1356 et
1176 1308 1298 1372 poenas
1320 1290 1397 1369 luit,
1432 1300 1465 1355 et
1492 1312 1601 1356 coram
1629 1291 1701 1357 Deo
1730 1307 1851 1358 sortem
1881 1316 1947 1358 uon
1976 1294 2075 1361 habet
2099 1299 2156 1380 qui

144 1379 181 1442 in
203 1379 330 1444 foveam
353 1376 533 1459 proiectus,
567 1375 608 1439 ad
642 1375 703 1442 hoe
736 1376 865 1459 asylum
888 1377 1024 1442 minime
1046 1398 1124 1443 con·
1176 1375 1238 1439 hoc
1265 1376 1372 1441 lacere
1400 1376 1507 1441 noluit
1534 1376 1622 1460 quod
1648 1379 1719 1460 ipsa
1747 1381 1869 1445 veritas
1900 1402 1960 1462 per
1986 1402 2041 1446 cor
2068 1385 2156 1467 regis

144 1465 239 1548 fugit,
262 1463 390 1529 cultum
404 1463 470 1527 Dei
492 1483 558 1526 nou
581 1482 652 1526 esse
670 1460 779 1546 gladio
796 1461 1043 1528 vindicandum:
1067 1463 1125 1529 sed
1176 1461 1286 1525 iussit:
1323 1463 1408 1527 sicut
1439 1463 1510 1543 ipse
1538 1462 1820 1530 Nabuchaduesar
1853 1463 1966 1548 postca
1996 1466 2155 1533 miraculo

146 1548 276 1615 diversa
297 1548 489 1630 exceptione
511 1548 629 1624 utitur,
654 1567 794 1629 poenam
817 1547 951 1613 daturos
975 1550 1124 1615 veritatis
1175 1555 1359 1611 commotus
1378 1557 1476 1629 atqua
1497 1557 1661 1626 mutatus,
1685 1568 1744 1630 pro
1768 1551 1908 1615 veritate
1929 1559 2045 1616 contra
2066 1552 2155 1617 erro·

145 1634 270 1713 hostes,
304 1633 359 1698 ubi
393 1634 568 1698 innoxium
604 1634 798 1717 sanguinem
828 1632 981 1698 fuderint.
1032 1633 1123 1716 Quid
1175 1651 1245 1696 rem
1268 1631 1412 1697 edictum
1435 1634 1615 1716 proposuit.
1660 1634 1707 1698 Et
1728 1655 1808 1699 saue
1829 1636 1916 1718 quod
1937 1639 1974 1701 in
1996 1637 2155 1720 religione

145 1720 303 1804 apostoli?
332 1741 374 1785 au
397 1717 607 1802 expostulant
629 1740 704 1783 oum
725 1718 922 1784 adversariis
940 1719 1026 1803 quod
1047 1720 1123 1785 reli·
1175 1719 1408 1801 conspicimus,
1436 1719 1523 1784 idem
1546 1732 1579 1783 at
1600 1718 1641 1783 de
1659 1721 1729 1783 eius
1749 1721 1892 1786 tuendae
1920 1723 1988 1786 zelo
2010 1718 2156 1787 sentien-

145 1808 277 1891 gionem
304 1827 346 1870 ex
373 1805 456 1889 legis
483 1803 640 1869 mandato
667 1806 781 1885 poeuis
808 1803 1006 1869 defendant?
1050 1806 1123 1872 lmo
1175 1800 1255 1867 dum
1277 1811 1335 1869 ast
1382 1803 1449 1886 Qui
1470 1803 1619 1887 regulam
1642 1825 1685 1868 ex
1707 1827 1790 1886 puro
1810 1806 1874 1871 Doi
1904 1809 2005 1872 verbo
2026 1819 2153 1891 petunt,

145 1891 217 1958 sola·
236 1911 352 1956 causae
379 1892 524 1955 bonitate
553 1891 629 1954 freti
656 1888 782 1954 nullam
804 1892 1013 1955 severitatem
1034 1893 1122 1957 refu·
1175 1889 1238 1953 rite
1261 1897 1294 1953 et
1315 1889 1430 1954 ordine
1458 1890 1500 1954 ab
1527 1889 1593 1955 illis
1619 1889 1734 1973 religio
1762 1890 1889 1956 colitur.
1936 1893 1975 1958 si
1996 1895 2068 1975 quis
2091 1894 2154 1959 sibi

144 1979 251 2061 giunt,
274 1979 302 2041 si
325 1976 403 2059 quid
423 1996 573 2059 peccasse
589 1973 787 2057 deprehensi
803 1975 933 2040 fuerint.
955 1977 1122 2042 Hilarium
1174 1974 1302 2038 cultum
1333 1975 1472 2041 fabricat
1501 1996 1561 2057 pro
1590 1975 1739 2054 arbitrio,
1773 1977 1826 2041 val
1849 1979 1981 2042 fortuito
2003 1977 2090 2060 qued
2112 1981 2152 2045 ab

119 2062 277 2146 'quidem
317 2062 448 2145 longius
484 2060 620 2145 provehi
659 2061 771 2125 fateor.
835 2060 996 2143 Queritur
1034 2065 1123 2128 enim
1174 2059 1247 2124 aliis
1282 2068 1404 2125 temere
1436 2068 1657 2125 commentum
1696 2072 1746 2126 est
1778 2062 1910 2144 arripit,
1950 2084 2014 2146 quo
2045 2067 2152 2148 magis

145 2148 316 2214 ecclesiam
345 2148 529 2213 carceribus
558 2156 592 2212 et
624 2146 749 2211 exsiliis
778 2155 928 2226 terrere,
949 2154 1047 2230 atque
1076 2150 1122 2213 ita
1174 2153 1318 2228 sataget,
1340 2166 1379 2209 ec
1401 2167 1436 2211 se
1458 2146 1580 2210 maiore
1602 2154 1695 2210 reatu
1716 2149 1932 2231 constringet:
1965 2149 2042 2231 quia
2066 2150 2152 2214 nihil

144 2254 261 2317 cogere
283 2232 324 2298 ad
345 2232 554 2308 credendum,
577 2252 660 2315 quae
677 2232 801 2297 exsiliis
819 2243 853 2297 et
870 2235 1054 2299 carceribus
1072 2240 1122 2299 est
1173 2228 1279 2295 laudis
1301 2245 1446 2295 meretur
1472 2232 1667 2315 superstitio.
1714 2231 1770 2297 Sic
1799 2253 1897 2299 verus
1926 2242 1959 2298 ot
1987 2233 2153 2318 legitimus

143 2318 281 2385 credita:
305 2319 405 2383 nimis
427 2339 624 2400 propensam
642 2338 714 2383 asse
735 2317 777 2381 ad
795 2318 990 2401 dignitatem
1008 2321 1120 2386 laven·
1172 2313 1238 2380 Dei
1260 2316 1381 2394 cultor,
1414 2324 1575 2398 quatenus
1607 2316 1692 2381 feret
1720 2318 1790 2382 eius
1818 2320 1962 2398 vocatio,
1996 2341 2055 2402 pro
2077 2320 2154 2386 fidei

143 2406 243 2485 tium,
272 2425 355 2488 quae
385 2404 650 2488 persequentium
679 2413 805 2468 terrore
837 2413 1028 2470 consecrata
1056 2416 1120 2471 ast:
1172 2420 1252 2465 suae
1280 2400 1467 2467 defensione
1495 2403 1662 2485 pugnabit
1708 2403 1900 2468 Incredulos
1928 2425 2024 2470 caeca
2045 2407 2154 2473 rabies

142 2491 258 2575 fugare
280 2490 473 2568 sacerdotes,
496 2511 580 2573 quae
599 2487 821 2555 sacerdotibus
837 2490 959 2573 fugatis
977 2500 1028 2555 est
1044 2511 1121 2573 pro·
1173 2486 1322 2570 abripiet.
1366 2492 1441 2567 [pag.
1467 2492 1519 2567 it]
1539 2486 1594 2552 Ita
1615 2490 1651 2552 iu
1671 2489 1808 2571 papistis
1830 2491 1969 2554 stultum
1992 2500 2027 2556 et
2048 2492 2153 2557 scien·

143 2582 275 2660 pagata:
299 2576 434 2660 gloriari
451 2574 568 2639 mundi
587 2576 706 2652 lavore,
726 2575 948 2657 quanhristi
965 2598 1036 2642 esse
1053 2598 1120 2641 non
1173 2572 1219 2635 tia
1242 2593 1383 2638 vacuum
1404 2573 1513 2638 zelum
1542 2575 1597 2657 qui
1610 2626 1614 2632 .
1627 2594 1682 2638 eos
1704 2577 1899 2657 praecipitat
1924 2578 2042 2641 merito
2061 2577 2155 2642 dam-

142 2662 258 2744 potuit,
279 2663 342 2726 nisi
365 2682 438 2726 eam
460 2659 604 2725 mundus
625 2660 756 2725 odisset.
780 2658 911 2726 Sedilli
925 2662 1119 2740 Auxentiil)
1172 2678 1306 2724 namus:
1335 2678 1403 2723 nou
1430 2659 1541 2724 miuus
1564 2660 1688 2724 scilicet
1712 2681 1811 2741 quam
1837 2661 1972 2726 insanas
1995 2664 2153 2746 supersti-

143 2756 176 2812 et
198 2746 354 2812 similium
375 2747 527 2813 ferocitas
549 2746 755 2811 stomachum
775 2747 887 2825 movit,
910 2755 949 2811 ut
965 2769 1119 2830 praesen-
1151 2744 1294 2821 tiones,
1327 2745 1445 2826 quibus
1476 2745 1627 2810 fascinati
1654 2746 1794 2828 superbe
1813 2746 1878 2810 Dei
1910 2748 2048 2813 verbum
2075 2770 2153 2815 con·

143 2840 212 2897 tem
238 2834 344 2918 magis
377 2831 610 2916 indignitatem
643 2840 793 2915 carperet
815 2833 925 2908 (sicuti
949 2834 1120 2916 plausibile
1172 2829 1311 2894 culcant.
1352 2828 1397 2896 si
1428 2831 1630 2913 praeposteri
1657 2829 1718 2895 aeli
1745 2831 1864 2897 vitium
1890 2852 1932 2897 ex
1964 2835 2153 2916 ignorantia

142 2918 190 2982 illi
213 2916 355 2984 dabatur
375 2919 624 3001 argumentum)
646 2937 744 3000 quam
766 2926 959 3000 perpetuam
977 2920 1120 2985 tuendae
1172 2925 1299 2980 manat:
1334 2937 1394 2982 cur
1422 2937 1489 2982 non
1517 2915 1692 2982 laudabilis
1714 2918 1777 2981 erit
1803 2917 1861 2981 ille
1888 2919 1977 2984 solus
2005 2921 2153 3002 quinon

142 3004 219 3069 fidei
252 3006 414 3069 rationem
447 3003 695 3086 expenderet.³)
751 3003 837 3068 Nam
866 3003 953 3086 quod
988 3005 1120 3088 inopem
1171 3000 1308 3066 fortuito
1339 3010 1449 3085 raptat
1470 3003 1535 3067 Dei
1558 3002 1659 3083 filios,
1692 3000 1750 3067 sed
1771 3002 1829 3085 qui
1855 3002 1896 3067 ad
1918 3003 2034 3083 fidem,
2070 3026 2153 3089 quae

142 3110 222 3155 suae
244 3090 377 3153 virtutis
406 3089 578 3154 Christum
600 3111 638 3154 ar
686 3090 884 3167 ioausatur,
919 3089 997 3155 dum
1019 3091 1120 3156 fidem
1172 3085 1238 3150 illis
1256 3086 1358 3152 solide
1376 3095 1497 3154 testata
1515 3097 1573 3167 est,
1597 3087 2025 3155 asserendaminflammat‘l
2048 3091 2153 3156 Deui-

142 3183 275 3240 terreua
301 3175 460 3258 suffragia
487 3195 636 3240 commen
661 3183 731 3239 aut:
766 3198 831 3240 uon
861 3175 957 3242 debet
984 3179 1018 3242 in
1047 3200 1120 3243 eam
1172 3191 1236 3253 qua
1258 3174 1343 3238 sicut
1363 3173 1451 3238 inter
1472 3183 1638 3259 martyres
1665 3185 1699 3239 et
1725 3174 1949 3258 blasphemos,
1972 3177 2008 3240 in
2029 3196 2152 3257 poenae

140 3269 269 3345 partem
292 3260 395 3339 trahi,
423 3261 515 3343 quasi
538 3260 702 3344 evangelii
728 3261 920 3326 certitudini
942 3262 1120 3345 quidquam
1172 3258 1398 3339 similitudine,
1421 3259 1518 3343 culpa
1539 3268 1651 3325 tamen
1673 3258 1852 3325 discrimen
1871 3261 2000 3324 statuit:
2024 3263 2152 3345 sicpios

142 3347 277 3430 deroget
304 3347 507 3413 credentium
539 3347 713 3422 autoritas,
749 3347 801 3411 vel
825 3348 941 3432 religio
974 3348 1119 3427 vilescat,
1151 3354 1206 3421 ¹at
1227 3352 1334 3411 rectos
1356 3345 1477 3410 teletas
1494 3345 1646 3429 cognitio,
1669 3345 1798 3427 iniquos
1811 3353 2027 3429 atperversos
2049 3354 2151 3412 teme·

141 3452 258 3514 regum
281 3433 463 3514 patrocinio
485 3430 610 3496 adiuta:
645 3429 760 3496 sedin
782 3451 837 3497 eos
858 3440 991 3498 tantum
1013 3435 1121 3516 queri·
1173 3429 1253 3493 ritas
1276 3440 1309 3494 et
1326 3449 1441 3496 caecus
1463 3430 1626 3513 impulsus
1647 3431 1733 3496 tacit
1777 3430 1942 3510 'hahetur
1964 3430 2007 3495 ad
2028 3432 2153 3515 suppli-

141 3516 255 3581 mouia
288 3515 457 3600 dirigitur,
492 3518 546 3600 qui
578 3515 644 3581 Dei
679 3515 779 3583 verbo
812 3517 978 3596 destituti,
1019 3540 1121 3584 manu
1172 3515 1258 3579 cium
1281 3515 1338 3596 qui
1357 3517 1554 3599 figmentum
1576 3536 1647 3580 esse
1670 3515 1845 3581 contendet
1871 3514 2029 3599 quidquid
2051 3517 2153 3583 sacris

142 3609 270 3666 armata
291 3620 464 3683 perversos
491 3623 619 3667 errores
648 3602 862 3668 sustinebant.
907 3602 1002 3667 Idem
1024 3602 1120 3669 hodie
1172 3600 1311 3665 oraculis
1333 3600 1501 3681 proditum
1522 3608 1580 3665 ast
1618 3599 1702 3682 Quis
1724 3600 1789 3664 talc
1811 3607 1997 3667 monstrum
2018 3601 2153 3668 honori·

142 3687 263 3752 deflere
284 3686 375 3765 licet,
404 3695 529 3751 statum
555 3687 683 3769 papsdis
711 3687 866 3753 ecclesiae
891 3690 1024 3752 nonnisi
1046 3694 1120 3769 [pag.
1172 3685 1234 3749 fico
1255 3686 1414 3768 martyris
1436 3685 1531 3750 titulo
1553 3685 1642 3750 ausit
1663 3685 1803 3751 ornare?
1847 3687 1985 3770 Nempe,
2004 3696 2041 3752 ut
2062 3696 2151 3755 recte

146 3779 198 3853 14]
221 3773 255 3838 vi
278 3782 311 3838 et
333 3769 486 3838 caedibus
508 3772 680 3837 suffultum
702 3793 789 3850 esse,
810 3774 929 3838 omisso
950 3782 1121 3856 pastorum
1171 3768 1260 3834 idem
1285 3771 1496 3855 Augustinus
1522 3770 1650 3851 definit,
1664 3774 1688 3848 ¹)
1721 3779 1902 3857 martyrem
1934 3773 2014 3839 iacit
2034 3793 2150 3840 causa:

142 3860 261 3936 officio,
296 3857 478 3944 tyrannicis
507 3858 614 3922 solum
644 3858 758 3922 edictis
786 3858 977 3937 fulminare,
1007 3861 1121 3943 quise
1173 3876 1240 3919 non
1261 3876 1375 3938 poena.
1421 3855 1459 3923 Si
1481 3878 1548 3921 non
1570 3857 1626 3924 ills
1647 3864 1791 3942 martyr:
1814 3880 1873 3923 our
1895 3879 2029 3926 severus
2051 3859 2152 3925 iudex

141 3946 332 4029 praesulum
357 3943 455 4008 titulo
477 3942 663 4009 venditant:
698 3963 801 4026 quum
824 3964 901 4009 vera
923 3953 956 4008 et
977 3947 1122 4030 genuina
1173 3961 1240 4004 non
1260 3943 1447 4008 censebitur
1479 3944 1535 4025 qui
1568 3941 1609 4007 de
1648 3964 1686 4009 eo
1718 3963 1857 4025 poenam
1890 3945 2008 4025 sumit,
2041 3947 2180 4028 potius.

141 4030 266 4097 Ohristi
287 4030 425 4097 ecclesia
446 4050 488 4093 ex
506 4028 815 4113 persequutionibus
834 4037 907 4093 orta
924 4032 984 4097 sub
1003 4031 1121 4097 iisdem
1173 4047 1271 4109 quam
1293 4028 1433 4094 crudelis
1455 4028 1694 4112 persequutor?
1739 4029 1830 4113 Ergo
1857 4029 1910 4096 hio
1938 4030 2080 4095 tenenda
2102 4041 2152 4096 est

140 4118 297 4183 floruerit.
326 4116 454 4182 Verum
476 4137 542 4181 non
565 4117 696 4180 obstant
717 4123 990 4198 persequutorum
1009 4117 1120 4202 gla'dii,
1171 4112 1348 4193 prudentia
1369 4122 1403 4178 et
1423 4114 1619 4192 moderatio,
1642 4136 1685 4179 ne
1707 4115 1761 4180 vel
1783 4137 1842 4197 pro
1864 4137 1963 4182 causa
1983 4118 2152 4199 incognita

142 4205 318 4286 quominus
351 4203 420 4268 suis
452 4203 588 4285 sceptris
620 4202 667 4283 pii
693 4202 907 4285 magistratus
940 4203 1119 4283 ecclesiam,
1173 4200 1374 4265 tumultuose
1396 4200 1579 4265 efferveant
1599 4201 1779 4283 principes,
1808 4201 1862 4268 vel
1883 4202 2021 4266 immani
2043 4203 2150 4268 saevi·

141 4308 225 4370 quae
245 4289 366 4354 iniuste
387 4288 508 4354 afflicta
530 4287 609 4352 olim
626 4287 697 4364 fuit,
719 4293 889 4351 tueantur:
912 4308 973 4353 neo
995 4297 1120 4374 marty-
1172 4284 1220 4347 tia
1249 4282 1291 4349 ad
1323 4286 1517 4369 sanguinem
1548 4284 1755 4352 fundendum
1782 4294 1890 4352 ruant.
1933 4286 2048 4351 Veteri
2073 4308 2148 4370 pro·

142 4393 217 4436 rum
238 4393 350 4439 cruces
370 4373 557 4456 impediunt
588 4373 763 4456 quominus
785 4374 870 4438 iusto
891 4373 1004 4457 legum
1025 4395 1120 4457 prae·
1173 4369 1285 4435 verbio
1307 4369 1417 4436 audax
1438 4372 1569 4438 inscitia
1590 4380 1707 4438 vocata
1724 4381 1789 4438 est:
1813 4372 2055 4455 superstitionis
2069 4394 2149 4439 vero

143 4456 227 4522 sidio
248 4458 408 4523 sdDeum
429 4459 605 4543 tranquille
622 4456 796 4524 colendum
818 4457 933 4524 fideles
955 4461 1118 4526 iuvantur.
1172 4456 1257 4520 mira
1278 4464 1329 4521 cst
1350 4465 1422 4531 tam.
1441 4457 1579 4523 audacia
1600 4479 1701 4541 quam
1718 4458 1902 4523 crudelitas·
1924 4459 2039 4542 Itaque
2057 4459 2148 4526 vidc-

142 4540 329 4608 Prudenter
350 4544 440 4607 enim
461 4545 685 4628 Augustinus:
711 4544 941 4627 Imperatores,
964 4545 1120 4630 inquit,⁴)
1171 4560 1247 4606 mus
1270 4541 1355 4606 nihil
1376 4542 1573 4628 hypocritis,
1600 4564 1702 4626 quum
1728 4564 1807 4607 suae
1829 4544 1975 4610 inscitiae
2003 4551 2036 4608 et
2057 4565 2149 4610 erro·

1172 4624 1265 4691 ribus
1286 4648 1400 4694 secure
1420 4629 1636 4709 iudormiant,
1668 4629 1775 4714 magis
1796 4650 1868 4695 esse
1888 4630 2149 4714 sanguinarium.

213 4761 239 4829 1)
257 4761 331 4843 Arici.
349 4762 420 4818 Mais
437 4766 528 4831 quoy?
563 4765 592 4819 si
614 4765 655 4846 las
672 4767 798 4835 Papistcs
822 4774 885 4822 sont
902 4766 970 4821 ainsi
989 4767 1120 4823 excessiis
1172 4710 1243 4777 Neo
1264 4734 1348 4814 vero·
1363 4715 1436 4781 fieri
1457 4715 1553 4813 allter
1575 4722 1690 4797 βαθεῖ’
1711 4714 1791 4815 (buin
1801 4715 1968 4815 patrissui
1979 4714 2150 4814 ingenim

144 4828 467 4957 :taratara
563 4833 654 4888 ΝΜ
1003 4837 1120 4891 ...t
1171 4798 2150 4968 {aususausus:susurrat

414 4938 421 4951 .
834 4954 842 4967 ,
1266 4935 1275 4963 ,
1728 4935 1735 4949 .
1774 4937 1782 4964 ,
1865 4936 1871 4950 .

212 4967 243 5033 2)
261 4967 335 5022 Arta.
358 4967 485 5048 Easque
503 4966 536 5023 ds
554 4967 647 5024 Milan
1171 4968 1236 5034 Dei
1258 4970 1436 5036 cultoribus
1463 4971 1504 5037 ab
1527 4978 1666 5054 utroque
1693 4970 1774 5037 vitio
1796 4971 1996 5039 cavendum:
2029 4991 2073 5038 na
2094 4971 2149 5040 vel

212 5035 243 5103 3)
262 5036 338 5091 Add.
362 5034 440 5090 Amsr
460 5036 480 5089 11
498 5034 630 5092 s’attachc
647 5036 780 5118 plustaux
797 5054 947 5106 personnae
965 5049 994 5096 at
1010 5044 1028 5097 a
1045 5041 1118 5097 leurs
1768 5067 1771 5074 ·

144 5121 228 5230 3:⁰2:
245 5105 362 5230 ‘llll
379 5104 567 5230 {tritta
578 5104 736 5229 :litut
753 5107 843 5161 ’Μ
860 5115 889 5163 ⁰‘
905 5124 937 5164 ⁰⁰
949 5111 996 5179 qu
1006 5117 1050 5165 ‘l
1065 5112 1118 5165 ''⁰''

212 5193 254 5310 Il’
287 5245 350 5312 pisa
367 5240 419 5296 166
435 5191 470 5297 ἕά
487 5241 655 5298 Donatistae.
1239 5242 1269 5313 1)
1287 5244 1376 5314 Epist.
1394 5241 1444 5297 161
1463 5244 1498 5300 sd
1515 5243 1635 5299 Festum.
1660 5243 1735 5301 Idem
1753 5245 1788 5300 ad
1806 5243 1961 5314 Dulcitium,
1979 5243 2127 5314 spirtu.

247 5326 359 5384 Osirim
369 5343 463 5398 opero.
501 5327 559 5384 Vol.
581 5326 669 5382 VIII.
1908 5328 1944 5384 8⁰
