4604 5896
52 264 145 367 ‘cu
774 295 1039 368 ausaausa
1062 301 1126 368 nn
1148 293 1407 367 coarmari.
2032 305 2094 371 cer

83 492 252 573 recipitur,
288 495 323 554 ut
354 488 465 556 Eeuh.
499 492 551 553 14.
607 488 792 570 Aliquando
820 491 855 555 in
867 491 892 573 ¹)
919 491 1066 570 precibus
1120 486 1314 567 exhibitione,
1336 490 1404 553 sine
1421 487 1507 552 saltn
1529 488 1644 569 aliqua.
1692 488 1796 552 Simul
1816 495 1861 554 est
1877 493 1912 553 in
1933 512 1988 570 nic,
2011 499 2039 558 ct
2059 499 2094 572 te,

86 579 286 659 impetratum.
337 574 478 639 Proinde
506 576 541 639 in
567 577 706 640 oratione
733 579 801 655 tuo,
831 577 862 640 si
889 576 968 640 locas
994 577 1066 640 illos
1119 574 1235 652 aaa,
1269 574 1348 639 siud
1375 595 1435 639 aon
1463 575 1572 638 eadem
1593 575 1628 638 m
1649 576 1817 639 multorum
1843 577 1990 654 cumbas,
2025 599 2096 643 eum

84 665 197 728 ruerus
219 662 394 725 testamenti
417 660 566 741 paruulis
587 661 694 724 carnis
716 663 947 726 accommodare
977 661 1065 740 lubet,
1118 661 1226 724 cadem
1248 660 1329 723 ideo.
1369 659 1412 722 Iu
1434 679 1472 723 ea
1490 660 1593 741 plania
1615 667 1682 724 erat
1701 661 1773 723 alim
1796 661 1929 738 verbnm,
1952 671 1980 726 et
2001 665 2036 726 iu
2058 685 2096 729 αα

87 749 213 830 qnando
240 747 286 811 eis
315 766 431 810 manus
453 746 608 826 imponis,
641 744 801 811 Christum
824 747 990 827 imitanda,
1019 748 1066 810 ita
1119 750 1164 809 est
1185 765 1268 808 nunc
1289 744 1377 809 harno
1400 744 1506 828 (loon.
1529 745 1596 828 17).
1643 746 1720 809 Nisi
1741 745 1795 810 hoc
1819 745 1941 810 Christo
1962 749 2096 813 dedisset

81 855 145 914 pra
179 835 225 898 eis
258 832 379 897 arabis:
411 832 437 895 C
465 831 570 911 Dans,
597 837 694 912 pater
721 832 873 911 coelestis,
905 834 962 913 qui
991 833 1065 896 olim
1118 830 1224 895 Deus:
1246 830 1369 909 aliquid
1391 832 1461 894 eius
1479 830 1599 911 qloriae
1616 831 1738 895 deesset.
1783 831 1913 896 Donare
1933 835 2016 897 enim
2037 835 2097 898 ali·

85 919 206 997 diuisli,
237 919 302 992 te²)
325 917 475 982 Abrahae
504 916 692 997 etliliorum
712 919 782 982 eius
802 919 868 999 fare
889 918 1009 996 Deam,
1038 923 1066 981 et
1118 919 1170 981 cui
1186 917 1292 996 poluit
1311 914 1402 978 Deus
1429 916 1509 978 hanc
1536 917 1825 996 superceccllentem
1843 918 1994 999 qlariam:
2026 940 2097 1002 erqo

86 1005 313 1069 israelitorum
333 1002 418 1083 tilios
439 1002 497 1067 tibi
523 1002 614 1067 nasci
633 1003 730 1082 tilios,
759 1023 810 1068 eos
832 1005 867 1066 in
889 1009 976 1067 tuam
987 1023 1064 1084 pro·
1117 1002 1288 1065 etChristo
1309 1000 1402 1064 dedit.
1437 1000 1693 1080 Cansequemiam
1714 1002 1794 1067 hanc
1814 1005 1908 1066 menti
1930 1001 2002 1069 tuae
2019 1026 2097 1070 caru

85 1092 241 1155 tectionem
264 1090 448 1170 suscipiens,
469 1094 505 1152 ut
534 1087 590 1152 tibi
610 1089 753 1170 duumps
780 1090 945 1167 suerent,
974 1088 1064 1152 aerbo
1117 1087 1238 1164 menda,
1260 1087 1290 1150 si
1310 1085 1431 1167 qlcriac
1455 1083 1573 1149 Christi
1591 1088 1638 1148 sis
1659 1107 1729 1151 aere
1751 1089 1918 1153 studiosus.
1962 1089 2097 1156 Cbiicies

84 1182 137 1241 luo
154 1176 317 1253 eredentes,
333 1178 460 1256 prateqe
477 1194 569 1247 nnnc,
592 1178 620 1237 el
637 1175 672 1237 iu
688 1174 811 1238 caeleste
828 1194 958 1256 reqnum
974 1179 1064 1238 tuum
1118 1178 1160 1250 tu,
1183 1173 1234 1237 hic
1255 1191 1315 1235 nan
1337 1172 1392 1252 aqi
1413 1171 1451 1234 de
1472 1191 1519 1248 ea,
1548 1173 1629 1250 quod
1651 1171 1742 1237 Deus
1763 1175 1882 1254 potuit,
1912 1177 1967 1240 secl
1992 1177 2030 1240 de
2052 1197 2095 1256 eo,

86 1261 227 1342 infantes
244 1260 299 1324 hos
318 1259 375 1322 tibi
392 1278 492 1336 seraa,
514 1265 550 1322 ut
565 1258 622 1322 tibi
638 1258 745 1339 fideles
762 1260 903 1323 serviant
920 1261 955 1323 in
972 1279 1064 1341 reqna
1119 1259 1201 1339 quod
1225 1256 1317 1321 Deus
1345 1256 1450 1320 caluit.
1500 1255 1545 1318 Et
1567 1260 1689 1336 patuit,
1719 1260 1865 1323 etvoluit
1885 1259 1989 1338 Deus,
2018 1263 2097 1326 dare

88 1353 149 1410 tuo.
192 1345 312 1409 OIesu
334 1346 578 1421 clunurtissime,
598 1345 648 1423 tili
664 1344 738 1421 Dei,
761 1346 817 1426 qui
838 1349 922 1408 tacita
945 1346 1065 1409 ommis
1121 1344 1245 1407 Christo
1266 1346 1364 1405 totam
1385 1361 1477 1405 suam
1498 1341 1739 1421 plenitudinem,
1768 1346 1953 1410 immensam
1976 1366 2096 1411 onenem

83 1431 202 1496 indicio
221 1430 375 1512 pmoulos
393 1431 428 1493 in
445 1429 542 1494 ulnas
560 1435 632 1494 tuas
653 1430 831 1495 benedicens
849 1431 1064 1511 assumpsisti,
1116 1429 1255 1510 qlariam
1276 1426 1542 1507 supercoelestem,
1570 1446 1671 1506 supra
1692 1449 1795 1508 amne,
1821 1431 1902 1512 qnod
1923 1439 1956 1495 tu
1975 1434 2097 1514 'eucapi-

85 1516 206 1582 benedic
226 1521 359 1581 annaei
388 1536 487 1580 mauu
515 1516 642 1579 uirtutis
664 1521 737 1579 tuae
764 1516 916 1597 paeonias
937 1515 993 1579 hos
1016 1515 1064 1579 di·
1118 1519 1186 1577 tare
1201 1517 1298 1592 potes.
1344 1510 1471 1575 Fateris
1493 1517 1536 1590 tu,
1562 1532 1660 1593 supra
1683 1534 1800 1579 omnem
1817 1517 1928 1579 mnndi
1950 1518 2095 1582 conditio·

7 1630 14 1639 ·
83 1603 158 1684 ripe,
180 1607 216 1665 ut
235 1602 297 1682 tide
319 1601 439 1666 caelesti
456 1607 512 1665 tua
529 1602 654 1680 possint
670 1601 805 1666 caelestis
826 1603 913 1684 requi
931 1603 979 1664 tui
992 1599 1065 1680 lieri
1117 1619 1186 1663 nem
1223 1602 1356 1660 evectum
1391 1616 1459 1659 esse
1490 1595 1610 1662 Christi
1641 1617 1771 1679 corpus:
1803 1622 1901 1681 quare
1928 1603 2026 1682 iqitem
2053 1604 2095 1667 ad

71 1709 156 1752 ,aere
173 1687 359 1769 participes.
397 1686 709 1765 OmilissimeIesu,
729 1687 830 1767 plut)
852 1686 926 1764 Dei,
947 1687 1004 1765 qai
1025 1685 1065 1749 ab
1117 1685 1229 1748 meandi
1250 1683 1453 1746 canditimem
1474 1701 1544 1745 eum
1565 1703 1647 1747 nunc
1667 1686 1816 1750 reducis?

84 1779 172 1838 utero
199 1774 292 1852 luisti
319 1792 439 1853 semper
465 1772 753 1850 innocentissimus,
781 1773 824 1836 da
850 1771 938 1836 nabis
960 1773 1065 1853 infun

86 1860 168 1922 tium
189 1858 304 1922 horum
324 1857 527 1938 simplicitate
544 1859 613 1922 siue
634 1858 704 1926 dola
725 1857 855 1936 uersari,
877 1863 912 1921 nt
933 1876 1065 1939 rcquum

84 1943 248 2021 cadmum,
275 1943 357 2026 quod
378 1943 493 2008 talium
515 1962 581 2006 esse
601 1944 729 2020 dixisti,
757 1943 866 2025 qratia
897 1948 952 2006 tua
977 1941 1065 2005 nobis
1279 1936 1512 2003 EPISTOLA
1530 1940 1713 2006 DECIMA
1736 1942 1932 2008 OCTAVA.

84 2030 146 2093 tale
166 2048 286 2108 semper
309 2034 462 2106 servetur,
490 2030 526 2091 in
547 2048 676 2108 eumque
697 2028 731 2091 hi
752 2030 830 2109 facti
848 2029 979 2110 porculi
1000 2028 1065 2108 spi-

84 2116 178 2192 ritus,
200 2119 255 2178 tua
277 2116 430 2178 immensa
447 2114 563 2193 pictate
584 2119 792 2178 assumantur
814 2115 926 2177 Amen.
1124 2153 1126 2156 -
1204 2116 1277 2188 [pag.
1301 2112 1377 2185 621]
1401 2106 1567 2188 lasanum
1588 2133 1670 2177 nnnc
1696 2134 1770 2191 esse,
1797 2113 1956 2179 Christum
1982 2136 2016 2180 eo
2044 2115 2109 2182 dess

1116 2198 1279 2272 sccuoisse,
1306 2198 1488 2274 sumasque
1515 2217 1618 2263 secum
1639 2199 1793 2276 eduxisse,
1822 2220 1875 2263 aas
1897 2207 1932 2264 ut
1951 2201 2096 2282 fabulam
2144 2202 2147 2210 '

1116 2283 1240 2346 lucidis.-
1278 2298 1375 2360 quum
1409 2285 1510 2345 tamen
1545 2283 1724 2348 illustretur
1755 2287 1892 2348 maxime
1925 2288 2095 2367 redemptio

236 2367 470 2435 EPISTOLA
490 2368 675 2433 DECIMA
697 2365 911 2433 SEPTIMA.
1118 2368 1237 2433 Christi
1258 2386 1297 2430 eu
1317 2365 1438 2445 coquito
1467 2370 1537 2432 eius
1564 2369 1602 2433 de
1628 2370 1752 2450 inferno
1777 2373 1916 2435 uictoria
1968 2371 2095 2452 Intmni

1115 2454 1214 2518 locum
1246 2450 1368 2531 dialoqo
1408 2454 1515 2530 pruno
1552 2456 1685 2534 ostendi,
1729 2476 1796 2520 esse
1833 2452 1869 2519 ut
1907 2459 2093 2538 sepulerum,

171 2539 309 2604 Miraris
330 2546 373 2619 tu,
403 2540 485 2621 qnod
506 2559 559 2621 eqo
580 2539 703 2604 nullam
723 2539 845 2618 corpori
868 2538 987 2603 Christi
1008 2538 1063 2602 ad-
1114 2546 1170 2604 ant
1197 2539 1336 2619 sepulcro
1368 2535 1557 2617 siqnihcari,
1587 2540 1742 2621 quidquid
1774 2541 2010 2607 subterraneum
2040 2549 2094 2607 cst.

83 2626 205 2690 hibeam
225 2627 298 2689 certi
320 2626 379 2690 loci
405 2625 722 2705 circumscriptionem
743 2626 779 2687 in
795 2629 891 2703 parte
912 2626 1064 2704 quopiam
1115 2626 1260 2706 Apparet
1290 2622 1345 2684 hoe
1377 2640 1416 2682 ecc
1440 2626 1613 2706 qipantum,
1651 2626 1881 2691 Sodomitarum
1909 2634 1937 2692 et
1958 2629 2094 2692 aliarum

83 2709 167 2775 coeli.
212 2710 351 2791 Indeque
386 2732 407 2773 o
431 2713 526 2789 pari,
562 2712 656 2791 quasi
683 2711 900 2774 inconveniens
926 2710 1062 2787 decimis,
1114 2709 1293 2792 sepullmis.
1337 2702 1392 2767 Ec
1414 2709 1466 2785 iis,
1500 2713 1555 2790 qui
1587 2712 1652 2774 cici
1679 2712 1722 2775 ad
1750 2713 1910 2793 infernum
1936 2714 2094 2779 desemede-

82 2796 170 2862 nabis
190 2796 312 2860 nullum
338 2796 407 2877 fore
435 2796 535 2860 locum
561 2801 637 2876 post
655 2795 784 2876 finalem
802 2797 1062 2860 resurrectionum
1115 2800 1198 2860 runt.
1242 2794 1297 2857 Eu
1318 2791 1415 2857 dicite
1436 2796 1470 2857 in
1498 2797 1620 2877 inferno
1646 2798 1773 2876 sepulto,
1808 2803 1836 2862 cl
1863 2819 1901 2862 ee
1926 2799 2093 2880 colloquiis,

84 2880 147 2946 Sed
173 2882 333 2961 responsio
367 2881 475 2960 sociis
502 2886 555 2945 est.
601 2880 711 2962 Neque
737 2900 794 2945 nas
819 2882 938 2945 erimus
964 2899 1064 2959 pares
1115 2901 1194 2961 quae
1215 2881 1297 2943 ireter
1318 2885 1456 2943 mouaos
1484 2882 1519 2944 in
1541 2883 1623 2962 ipsis
1644 2883 1798 2962 sepulcris
1826 2884 1969 2966 lequntur
1998 2884 2092 2961 (lisa.

83 2966 217 3044 Christo,
240 2986 338 3046 neque
358 2967 393 3030 in
416 2971 490 3045 [pag.
510 2969 586 3043 620]
610 2967 698 3030 nobis
716 2967 776 3030 erit
797 2967 907 3046 aliquo
924 2965 983 3030 loci
1005 2968 1064 3030 cir·
1118 2971 1177 3044 14,
1199 2964 1310 3042 Erech.
1334 2965 1380 3027 32
1401 2970 1430 3028 et
1453 2965 1534 3048 Sapi
1558 2973 1587 3031 5.
1639 2966 1713 3048 Eas,
1735 2970 1848 3049 quiin
1870 2971 1993 3051 inferno
2011 2976 2093 3050 suut,

81 3051 290 3133 cumscriptio.
344 3049 449 3115 Simul
475 3050 638 3116 cessabunt
665 3051 750 3115 murs
776 3057 804 3115 et
830 3058 958 3133 numm.
1008 3051 1062 3115 Ea
1115 3053 1162 3115 ait
1190 3050 1335 3118 Christus
1363 3066 1429 3114 csse
1456 3072 1561 3116 amnes
1588 3054 1624 3116 iu
1655 3057 1862 3119 monumentis
1917 3056 2022 3140 (Ioan.
2050 3063 2092 3132 5).

82 3142 156 3202 tiene
177 3141 282 3213 aunt,
310 3155 391 3217 quoe
411 3156 465 3201 nec
491 3137 598 3203 aculus
619 3137 710 3215 autc,
739 3157 792 3201 nec
814 3139 907 3202 auris
927 3137 1061 3213 audiuit,
1115 3137 1274 3202 Hebraico
1296 3160 1355 3204 aaa
1373 3123 1466 3216 bisc,
1489 3138 1560 3215 scal,
1579 3138 1756 3219 scpuhrum
1774 3145 1802 3202 et
1818 3140 1980 3221 internum
1996 3142 2094 3205 simul

82 3243 136 3289 nec
156 3223 193 3286 in
215 3241 267 3286 cor
287 3220 427 3286 hominis
456 3222 517 3286 tale
537 3223 614 3302 quid
635 3223 782 3287 asmndil.
828 3222 1000 3287 Cessabunt
1021 3222 1063 3286 la
1113 3222 1280 3304 siqniphcat.
1334 3225 1408 3288 Non
1442 3228 1525 3289 caret
1555 3225 1702 3303 mysteria
1734 3244 1771 3286 ea
1805 3226 1992 3307 siquiticatio
2024 3245 2093 3290 con·

82 3329 151 3387 cus,
179 3311 300 3388 tempus
326 3312 354 3370 et
382 3311 497 3385 motus,
525 3307 605 3373 coelo
631 3312 658 3372 et
685 3313 771 3372 terra
797 3308 968 3373 dissolutis.
1020 3306 1062 3369 In
1114 3309 1228 3385 inrecta,
1262 3327 1296 3372 eo
1327 3311 1409 3390 quod
1441 3310 1484 3373 ad
1505 3309 1682 3389 sepulcrum
1703 3314 1730 3373 et
1751 3310 1794 3372 ad
1814 3311 1976 3388 irefunum
1997 3313 2095 3376 simul

81 3393 272 3475 firmamenti
294 3393 486 3472 eupausione
513 3394 652 3458 consutit
671 3393 763 3472 lacus,
792 3398 820 3456 et
840 3393 895 3457 hoc
921 3394 1061 3459 cessabit.
1113 3394 1187 3473 quis
1208 3393 1354 3458 maderet:
1390 3415 1424 3458 ea
1456 3396 1528 3457 ihm
1562 3396 1644 3474 quad
1671 3394 1863 3473 sepultarum
1884 3401 1962 3460 esset
1983 3396 2095 3476 aliqua

82 3479 134 3544 De
163 3476 287 3542 Christo
314 3483 420 3541 autem
454 3477 490 3542 id
515 3479 643 3543 sublini
669 3483 766 3543 mente
792 3480 906 3561 capitas
938 3482 1060 3559 oportet.
1113 3480 1148 3542 in
1169 3479 1284 3559 interis
1311 3480 1555 3545 emamunicalia.
1620 3478 1714 3544 Ultra
1742 3499 1931 3544 mmmureem
1956 3483 2094 3561 sepulcri

85 3563 174 3628 Sicut
190 3563 301 3626 cariae
321 3560 417 3627 huius
437 3566 585 3643 temporis
608 3569 719 3645 partes
739 3569 812 3628 sunt
836 3563 958 3629 Christo
979 3583 1062 3627 nunc
1112 3565 1265 3627 rationem
1286 3564 1410 3645 aliquid
1432 3565 1547 3628 addere
1567 3564 1735 3644 infernum,
1769 3566 1874 3629 doceret
1902 3569 2094 3649 eoanqelicae

83 3668 181 3729 aeque
210 3653 408 3728 praesentes,
443 3650 490 3713 ila
517 3655 545 3715 el
572 3651 684 3714 cariae
711 3649 808 3714 huius
838 3648 922 3732 qlobi
942 3654 1060 3730 partes.
1113 3649 1234 3726 literae,
1272 3649 1418 3714 Christus
1440 3649 1546 3713 lucae
1571 3654 1628 3726 16,
1660 3649 1775 3714 Petrus
1803 3653 1839 3714 in
1864 3652 1970 3731 Actis,
2003 3658 2032 3716 el
2058 3655 2093 3717 iu

83 3735 186 3799 Nulla
208 3754 317 3797 eorum
339 3735 407 3813 ipse
429 3733 702 3811 circumscribitur,
723 3755 778 3799 nec
799 3754 871 3807 uno,
893 3735 940 3798 ccl
955 3734 1061 3815 pluri-
1113 3735 1261 3816 epistolis,
1298 3735 1434 3799 loannes
1468 3737 1503 3798 in
1532 3735 1735 3816 Apoealqpsi,
1763 3741 1792 3801 et
1815 3736 1939 3800 Paulus
1966 3759 2092 3819 qumque,

82 3820 140 3885 bus
162 3819 238 3885 locis
259 3820 421 3884 conclusus
443 3821 625 3884 continetur.
673 3819 751 3883 Sata
772 3819 843 3883 idea
871 3819 984 3883 dioirm
1004 3839 1061 3883 nos
1113 3820 1166 3883 ubi
1187 3820 1296 3883 nadis
1323 3827 1351 3883 ct
1371 3821 1492 3901 inferni
1518 3821 1753 3885 destructionem
1774 3827 1895 3886 tractat.
1939 3822 2095 3904 Infernas

75 3912 149 3986 post
169 3906 428 3970 resurrectionem
450 3904 684 3970 cmctinebimur.
729 3905 806 3969 Sola
821 3906 969 3985 principe
988 3905 1061 3968 idea
1112 3911 1141 3969 et
1162 3906 1301 3986 perditio
1328 3909 1481 3969 continent
1509 3906 1618 3986 plura,
1652 3910 1681 3969 et
1714 3909 1818 3989 maqis
1850 3907 1966 3986 abdita,
1996 3930 2092 3989 quam

80 3993 192 4057 dimna
214 3993 281 4072 ipse
302 3991 456 4070 princeps
476 3991 663 4067 continetur,
692 3995 720 4052 et
735 4010 796 4071 per
818 4009 887 4054 eam
909 3996 965 4068 est,
993 3990 1061 4054 ubi·
1113 3991 1178 4054 sint
1199 3991 1235 4053 in
1256 3991 1426 4055 visceribus
1446 3990 1606 4055 horninum
1631 3991 1792 4068 (Proocrb.
1819 3999 1862 4056 15
1884 4000 1912 4057 ct
1935 3993 1998 4060 Iob.
2019 3999 2091 4075 cb).

81 4076 176 4159 quc⁴)
199 4077 272 4153 cult,
294 4075 475 4141 suntoculi
496 4080 588 4139 motu.
637 4074 743 4138 Ecetra
766 4094 855 4139 mnne
874 4076 1061 4155 quantitatis
1113 4075 1200 4156 Erpa
1222 4095 1285 4139 non
1307 4083 1379 4141 sunt
1400 4077 1468 4140 sala
1489 4073 1634 4156 scpulcra
1655 4078 1849 4156 medaoernm,
1877 4079 1932 4143 sed
1952 4085 2026 4143 sunt
2046 4080 2093 4143 ibi

81 4181 194 4241 carpus
215 4167 260 4225 est
279 4161 449 4242 spirituale
471 4180 600 4240 corpus,
629 4162 664 4223 iu
685 4181 763 4224 noua
790 4161 876 4224 coelo.
923 4161 996 4225 Nan
1017 4165 1062 4225 est
1113 4180 1232 4225 arcana
1262 4162 1393 4226 iudicia.
1445 4161 1488 4224 In
1516 4163 1688 4244 mainadis
1716 4165 1835 4244 inferni
1867 4165 1914 4226 ait
1944 4165 2091 4229 Salomon

84 4245 228 4309 Christus
249 4247 284 4309 in
306 4247 416 4328 clipuo
443 4247 554 4312 Ιιονανα
576 4247 727 4310 coelorum
742 4251 846 4326 parte,
873 4247 928 4309 sed
950 4248 986 4310 iu
1003 4251 1062 4310 ter-
1112 4265 1177 4309 esse
1210 4252 1392 4311 scortatores
1424 4266 1495 4312 cum
1531 4248 1711 4330 qiqantibns
1745 4248 1907 4326 (Prooerb.
1937 4253 1961 4309 2
1988 4255 2016 4311 et
2045 4257 2089 4317 tlt.
2159 4242 2171 4256 “

82 4330 124 4392 tio
146 4331 240 4394 caelo:
272 4332 329 4395 ubi
349 4334 457 4396 omnia
478 4331 593 4414 implet
614 4337 658 4397 est
679 4333 784 4396 amnia
805 4333 842 4394 iu
863 4331 1011 4410 amnibus,
1033 4337 1061 4395 et
1114 4332 1178 4395 Res
1195 4351 1311 4413 maqna
1328 4338 1380 4409 est,
1404 4333 1485 4413 quad
1503 4336 1550 4396 ait
1569 4333 1715 4397 Christus
1732 4335 1845 4417 (Apoc.
1867 4333 1911 4417 1),
1932 4356 1965 4396 sc
1982 4335 2092 4400 tabere

81 4413 169 4476 iutra
198 4434 254 4477 ms
281 4422 331 4479 est.
379 4416 524 4483 Christus
553 4423 598 4482 est
623 4437 724 4497 supra
753 4417 866 4493 lomim
894 4422 939 4481 est
960 4437 1060 4497 supra
1112 4416 1213 4481 claues
1233 4418 1360 4498 inferni,
1384 4438 1474 4498 quem
1500 4419 1568 4498 ipse
1590 4420 1656 4482 iam
1677 4423 1853 4498 aperuerat,
1876 4425 1903 4481 et
1925 4419 2089 4486 clauserat.

82 4504 211 4578 temptes.
256 4498 295 4562 Si
316 4501 414 4564 locum
436 4504 537 4568 dicem
558 4503 651 4582 lubet,
686 4503 769 4567 laum
797 4504 866 4565 cius
893 4507 938 4567 est
960 4501 1058 4566 Deus.
1113 4502 1199 4566 Hinc
1215 4508 1328 4582 portas
1348 4505 1468 4584 ircterm'
1489 4505 1572 4568 dicit
1592 4524 1655 4567 nore
1675 4505 1917 4583 praevalituras
1938 4505 2089 4586 ecclcsiae,

83 4584 157 4648 Non
176 4588 222 4648 est
243 4584 337 4647 moles
359 4588 621 4666 corruncani
642 4588 781 4667 aerata,
809 4589 844 4651 in
866 4587 968 4652 orbem
995 4588 1059 4668 ἀνῖ-
1113 4609 1134 4651 α
1155 4607 1189 4651 se
1210 4589 1246 4650 in
1267 4591 1493 4671 repeneratioue
1513 4589 1698 4670 fundandae
1725 4588 1853 4666 (Matlh.
1878 4592 1950 4673 16).
1981 4592 2090 4656 Macci

80 4669 173 4749 susa:
205 4669 259 4733 sed
286 4675 331 4732 est
360 4670 428 4748 ipse
449 4671 536 4735 tuma
558 4674 605 4736 ita
623 4676 658 4736 in
679 4672 762 4750 Deo,
791 4679 826 4735 ut
853 4675 889 4737 in
916 4674 1060 4738 cordibus
1111 4692 1165 4735 ma
1186 4694 1237 4736 res
1257 4675 1303 4738 ibi
1324 4677 1482 4739 statuitur.
1518 4676 1643 4736 'Antea
1675 4675 1758 4737 enim
1784 4677 2009 4754 mandebant
2041 4679 2090 4741 in-

82 4755 223 4832 istarum,
246 4759 273 4818 et
295 4753 431 4833 illorum,
453 4756 488 4818 in
510 4758 624 4835 quibus
644 4758 719 4834 cult,
741 4758 839 4823 simul
860 4761 905 4823 sit
920 4759 988 4822 sala
1007 4761 1060 4823 sui
1110 4758 1252 4839 terarum
1275 4759 1524 4839 portaesanctis
1546 4759 1697 4824 amnibus.
1720 4759 1798 4823 -Ee
1832 4763 1982 4843 oriqinal'
2016 4764 2090 4826 item

1111 4845 1308 4923 corruptione
1340 4850 1490 4940 canstat,
1513 4844 1677 4908 Adamum
1715 4867 1781 4911 esse
1816 4849 1933 4927 facturn
1964 4868 2088 4912 serrum

1106 4931 2088 5100 [s.

148 5067 179 5196 ξς
196 5073 244 5183 {ij
1112 5120 1221 5164 anema
1236 5106 1310 5179 post
1331 5105 1469 5197 mortem,
1489 5120 1568 5178 quae
1590 5101 1649 5166 tali
1675 5104 1821 5185 principi
1842 5103 1968 5168 subdita
1990 5105 2086 5170 mat?

148 5198 179 5264 t)
198 5199 252 5253 ub‘a
1113 5185 1224 5251 Nonne
1253 5184 1380 5249 clausus
1408 5185 1457 5249 illc
1484 5190 1550 5249 erat
1575 5187 1778 5266 paradisus?
1834 5187 1876 5252 In
1904 5194 2088 5271 pohstatem
