4786 5910
180 293 242 356 sas
476 306 528 382 .'
654 337 657 341 J
732 348 736 355 .
944 294 1432 366 ranneasmunnronu.
1544 261 1551 271 ’
1773 288 1776 297 ’
2131 307 2201 374 ιιι

18 492 20 497 ’
78 461 84 530 7
178 482 253 548 ideo
286 503 306 545 a
334 465 405 546 Deo
427 483 472 546 vin
505 481 582 549 filiis
614 481 684 548 suis
716 481 869 547 habitum
899 502 970 547 esse
1000 481 1156 566 colliget?
1212 489 1264 547 est
1309 481 1485 549 raedicatio
1507 482 1833 567 praedestinationis:
1858 493 1898 554 ιιι
1919 489 1974 571 qui
1996 489 2139 558 fideliter
2159 501 2195 559 et
2323 553 2329 561 .

168 565 546 651 'Caeterum'maligua
574 566 661 668 quod
683 588 703 632 a
724 560 778 632 me
801 568 1004 645 dictumest,
1033 567 1156 633 etlum-
1211 567 1271 633 obe
1295 575 1402 632 uenter
1420 569 1512 648 virit,
1536 569 1663 635 nonde
1685 571 1757 654 ipsa
1773 572 1961 639 obedientia
1978 582 2138 659 tanquam
2151 577 2193 645 de

48 700 53 707 .
106 721 110 728 ,
178 655 290 719 niatur
311 651 475 736 Pighius:
498 674 592 736 quasi
619 652 659 717 de
686 652 827 737 singulis
853 653 942 717 vitae
976 652 1158 723 actionibus
1211 672 1286 730 suo,
1316 650 1436 718 sedin
1457 653 1602 718 Domino
1625 654 1794 737 glorietur.
1838 658 1941 739 Item,
1970 661 2055 727 sieut
2083 662 2193 747 isqui

178 738 328 806 seorsum
355 737 512 820 loquutus
533 739 606 818 sim,
639 757 677 803 ae
711 759 776 803 non
810 738 919 821 potius
941 736 982 802 de
1004 738 1158 802 continuo
1211 734 1334 802 donum
1367 738 1492 821 aceepit
1522 748 1610 804 reete
1639 741 1835 808 exhortatur
1865 750 1899 809 et
1925 745 2108 828 praedicet,
2142 749 2193 814 ita
2257 748 2259 754 ’

75 871 77 877 ,
178 826 266 890 vitae
285 843 393 889 eursu.
446 824 561 902 Porro,
600 830 704 888 totam
741 823 804 889 sori
829 831 937 888 turam
970 821 1158 889 labefactari
1211 822 1442 887 exhortantem
1469 831 1504 887 et
1529 824 1773 907 praedicantem
1792 827 1983 896 obedienter
2005 832 2110 911 audit,
2133 833 2192 916 qui

61 1526 66 1533 ·
175 1504 323 1575 facultas.
366 1507 453 1572 Item
475 1506 564 1571 aliud
587 1527 654 1571 non
675 1506 837 1571 absimile:
859 1503 952 1571 Fieri
973 1527 1039 1571 non
1059 1526 1156 1589 posse
1209 1525 1305 1570 aures
1334 1526 1377 1570 au

86 953 89 958 »
177 914 315 994 oportet,
343 909 426 995 ,nisi¹
445 907 602 991 quidquid
634 929 706 974 esse
738 908 773 973 in
801 845 935 973 homine
956 907 1103 973 iustitiae
1125 916 1158 973 et
1210 908 1347 991 aceepit
1368 908 1432 975 hoe
1446 978 1450 986 ,
1464 908 1595 975 donum.
1651 910 1731 977 Ideo
1763 913 1944 981 Dominus:
1989 914 2056 997 Qui
2090 918 2192 984 habet

176 996 255 1062 boni
276 1001 393 1078 potest,
423 995 584 1077 aspiritu
604 993 882 1072 sanctificationis,
910 994 967 1076 qui
984 993 1062 1058 solis
1081 993 1157 1059 filiis
1210 1012 1307 1058 aures
1329 991 1483 1058 audiendi
1499 993 1626 1059 >audiat
1671 999 1703 1061 A
1724 1019 1788 1080 quo
1811 1006 1921 1064 autem
1942 1000 2094 1079 habeant,
2119 1005 2191 1086 qui-

163 1081 285 1158 ·datur,
309 1100 445 1150 manare
463 1078 682 1145 concedimus.
1026 1138 1029 1143 ,
1148 1112 1154 1123 ·
1209 1098 1337 1160 cunque
1358 1078 1682 1160 habenebominus
1704 1081 1775 1165 ipse
1797 1084 1954 1151 ostendit:
1974 1087 2074 1153 Dabo
2096 1087 2192 1156 vobis

263 1171 337 1246 [pag.
361 1169 434 1244 135]
456 1164 498 1229 In
519 1164 751 1248 persequendis
774 1163 911 1230 caeteris
940 1163 1068 1230 cavillis
1090 1185 1157 1229 non
1208 1184 1265 1228 cor
1293 1162 1335 1229 ad
1364 1163 1626 1248 cognoscendum
1644 1188 1722 1246 me,
1746 1176 1780 1233 et
1808 1190 1903 1235 aures
1931 1193 2014 1254 quae
2040 1171 2187 1240 audiant
2284 1188 2286 1192 ‘

177 1258 228 1317 est
261 1248 348 1335 quod
379 1250 457 1333 plus
490 1272 607 1334 operae
641 1271 778 1316 sumam.
815 1250 955 1315 'Tritum
972 1248 1064 1313 -illud
1089 1254 1154 1314 est:
1208 1249 1299 1332 Ergo
1325 1270 1422 1314 aures
1447 1249 1617 1330 audiendi,
1652 1252 1762 1334 ipsum
1784 1261 1835 1319 est
1858 1255 1980 1321 donum
2002 1257 2188 1341 obediendi,
2248 1286 2267 1296 ··

176 1336 313 1413 Irritam
336 1336 404 1401 fore
421 1335 618 1417 doctrinam,
652 1357 755 1402 vanas
783 1342 817 1400 et
837 1334 934 1399 nihili
955 1335 1156 1421 exhortatio·
1208 1354 1272 1416 quo
1291 1335 1346 1416 qui
1364 1334 1505 1417 praediti
1522 1342 1609 1416 sunt,
1633 1337 1773 1403 veniunt
1790 1338 1832 1405 ad
1852 1339 2031 1408 Ohristum.
2054 1344 2189 1410 Exhor-

177 1442 247 1502 nes,
271 1421 300 1487 si
322 1420 362 1486 ab
383 1420 541 1487 electione
562 1420 628 1486 Dei
650 1420 790 1505 pendeat
817 1419 1029 1503 obsequendi
1045 1420 1094 1487 vis
1122 1425 1157 1484 et
1209 1424 1319 1484 tamur
1350 1440 1428 1570 effic
1469 1427 1567 1504 atque
1606 1422 1845 1504 praedicamus:
1886 1425 1944 1491 sed
1978 1429 2033 1510 qui
2059 1428 2190 1495 habent

35 1587 40 1596 ’
126 1651 129 1659 .
176 1593 257 1678 quin
279 1613 315 1657 se
336 1587 489 1691 ignaviae
516 1590 638 1658 dedant
663 1592 824 1671 homines,
858 1612 960 1674 quum
987 1591 1021 1655 in
1051 1597 1156 1655 aeter·
1212 1594 1285 1668 137]
1310 1612 1387 1658 vero
1409 1611 1478 1655 non
1499 1584 1631 1671 habent,
1657 1594 1693 1658 fit
1714 1593 1749 1659 in
1772 1597 1819 1661 eis
1841 1596 1925 1679 quod
1946 1599 2186 1681 scriptumest:

175 1700 257 1744 num
278 1678 345 1743 Dei
372 1677 546 1743 consilium
574 1676 763 1743 recumbere
791 1676 959 1743 docentur.
1003 1675 1152 1758 Respon·
1207 1675 1255 1741 Ut
1284 1675 1456 1742 audientes
1484 1696 1553 1742 non
1586 1678 1723 1744 audiant
1754 1679 1832 1764 (les.
1862 1686 1896 1760 6,
1926 1687 1973 1760 9);
2015 1683 2189 1753 audientes

1413 1504 1505 1585 endi,
1533 1506 1724 1575 obedienter
1750 1531 1810 1575 nos
1838 1510 1992 1577 audiunt:
2028 1515 2083 1596 qui
2112 1519 2188 1593 [pag.
2274 1571 2279 1579 .
2314 1532 2317 1539 ’

176 1764 286 1830 siones
319 1785 340 1828 a
372 1784 424 1828 me
457 1761 615 1830 adductas
647 1763 766 1846 quibus
798 1762 881 1828 solet
920 1762 1075 1828 cormelis
1107 1762 1156 1827 ita
1207 1761 1352 1843 eorporis
1381 1782 1497 1840 sensu,
1527 1783 1592 1827 non
1621 1762 1760 1829 audiant
1786 1767 1893 1832 cordis
1920 1790 2066 1835 assensu.
2117 1770 2188 1837 Gur
2223 1840 2229 1850 ,
2305 1811 2308 1815 -

175 1850 317 1935 Pighius
346 1849 502 1932 exagitat,
534 1855 572 1912 ut
604 1856 762 1913 maneant
794 1848 834 1913 ab
861 1849 935 1931 ipso
964 1849 1114 1912 intactae.
1130 1849 1155 1930 ¹)
1207 1852 1320 1911 autem
1341 1846 1390 1910 illi
1407 1846 1561 1925 habeant,
1583 1847 1632 1912 illi
1651 1871 1731 1915 non:
1754 1850 1816 1917 hoe
1834 1860 1893 1930 est,
1917 1875 1976 1920 cur
1992 1854 2059 1921 illis
2070 1855 2194 1923 datum

103 1952 106 1957 ’
176 1934 363 2012 Caeterum,
397 1935 425 1999 si
454 1933 576 2018 quibus
606 1934 682 2018 plus
709 1954 812 2016 aequo
841 1932 980 1998 morosis
1007 1931 1154 1997 nondum
1207 1931 1252 1996 sit
1268 1938 1406 2015 apatre,
1425 1938 1464 1997 ut
1484 1933 1621 1998 veniant
1638 1934 1680 1999 ad
1698 1934 1814 2016 filium,
1837 1937 1904 2004 illis
1922 1939 2044 2006 nonsit
2058 1940 2187 2008 datum:

81 2080 83 2087 ,
176 2021 380 2087 satisfactum
402 2020 454 2098 sit,
488 2028 521 2085 et
552 2019 628 2103 plus
658 2020 742 2085 forte
775 2018 864 2103 apud
892 2019 981 2103 ipsos
1000 2017 1155 2101 ponderis
1208 2017 1282 2098 quis
1326 2018 1480 2100 cognovit
1518 2040 1653 2085 sensum
1692 2020 1850 2088 Domini?
1905 2024 2076 2108 Numquid
2115 2027 2190 2094 ideo

176 2105 297 2171 habeat
311 2105 543 2190 Augustinus,
578 2104 678 2178 idem,
704 2104 789 2189 quod
824 2105 891 2169 iam
919 2101 1050 2182 tradidi,
1086 2104 1155 2167 eius
1208 2101 1398 2185 negandum
1421 2110 1480 2184 est,
1501 2102 1588 2186 quod
1608 2111 1758 2187 apertum
1778 2116 1837 2186 est,
1861 2108 1938 2190 quia
1955 2110 2188 2193 comprehendi

175 2192 287 2258 verbis
308 2198 343 2255 et
364 2199 521 2275 repetam,
545 2198 578 2255 et
599 2191 808 2257 confirmabo.
852 2188 965 2254 Verba
986 2190 1055 2254 eius
1077 2195 1157 2254 sunt
1208 2208 1274 2252 non
1293 2195 1402 2270 potest
1424 2188 1508 2270 quod
1530 2190 1696 2255 oecultum
1718 2190 1789 2257 est?
1946 2241 1948 2245 .
2185 2246 2187 2251 .

85 2326 89 2335 .
176 2278 213 2342 in
230 2276 314 2342 libro
330 2276 383 2355 eui
404 2276 537 2342 titulum
557 2277 636 2343 feeit
656 2276 708 2341 De
729 2276 814 2342 bono
835 2273 1153 2362 perseverantiae:²)
1294 2270 1403 2353 Quam
1426 2282 1769 2357 autempraepostera
1791 2274 1842 2341 sit'
1856 2298 1970 2343 eorum
1990 2278 2108 2360 cautio,
2131 2283 2189 2364 qui

176 2361 491 2440 Praedostinationis
511 2353 693 2428 doctrinam
715 2363 810 2427 aiunt
834 2359 1071 2444 'praedicationi
1098 2357 1155 2424 ad·
1193 2355 1419 2423 ‘absurditatis
1437 2359 1545 2424 ,ullius
1579 2369 1669 2426 metu
1699 2360 1881 2428 doctrinam
1895 2364 2043 2449 ,cognitu
2073 2387 2187 2434 neces
2294 2397 2297 2403 ’

178 2467 308 2514 versam
329 2469 409 2527 esse,
432 2468 475 2513 ne
498 2446 578 2547 quid
598 2447 711 2530 prosit.
725 2442 737 2527 Ἀ
756 2445 865 2528 Quasi
884 2464 962 2511 vero
984 2444 1156 2517 adversata
1207 2443 1329 2508 sariam
1351 2443 1405 2508 vel
1426 2447 1646 2528 supprimunt,
1669 2446 1724 2513 vel
1746 2448 1933 2529 obscurant,
1956 2449 2073 2517 deinde
2091 2473 2188 2524 exse·
2210 2512 2216 2522 .

176 2536 261 2602 sita
284 2533 388 2598 ostolo
410 2532 621 2617 praedicanti.
651 2533 770 2598 Nonne
792 2531 849 2598 illo
872 2531 987 2597 doctor
1006 2529 1156 2616 gentium
1208 2529 1326 2611 quitur.
1339 2528 1364 2613 ¹)
1408 2529 1577 2614 Numquid
1600 2531 1628 2597 si
1655 2530 1718 2599 hoo
1750 2532 1860 2598 audito
1882 2535 2033 2601 nonnulli
2059 2538 2096 2602 in
2118 2549 2186 2604 tor·
2266 2613 2267 2616 Ἴ

199 2554 509 2686 reeiestinationom
545 2618 640 2684 toties
666 2616 917 2700 commendavit,
953 2623 988 2682 et
1017 2616 1156 2681 verbum
1207 2635 1320 2698 porem
1342 2615 1580 2699 segnitiemque
1601 2623 1784 2698 vertantur,
1808 2626 1843 2683 et
1863 2619 2187 2705 a‘laboreproelives

211 2706 243 2769 ei
262 2704 451 2789 praedicare
473 2725 539 2768 non
561 2702 707 2769 destitit?
735 2701 935 2786 Numquid,
958 2702 1035 2784 quia
1058 2700 1154 2766 dixit:
1208 2699 1250 2764 ad
1278 2699 1448 2765 libidinem
1478 2709 1552 2784 post
1580 2704 1860 2787 concupiscentias
1889 2713 1982 2770 eant:
2014 2717 2188 2791 propterea

6 2776 14 2789 ⁹
50 2818 56 2826 ·
177 2789 270 2856 Deus
292 2791 419 2874 estqui
439 2797 595 2872 operatur
617 2791 651 2854 in
673 2789 767 2855 vobis
787 2796 820 2854 et
837 2788 922 2854 velle
945 2796 978 2852 et
999 2788 1156 2871 perficere
1209 2783 1249 2850 de
1281 2786 1499 2869 praescientia
1530 2788 1595 2852 Dei
1627 2788 1747 2854 falsum
1765 2788 1962 2872 ’putandum
1994 2800 2058 2870 est,
2099 2794 2187 2877 quod

177 2875 280 2961 (Phil.
304 2879 333 2955 2,
366 2880 436 2953 13):
468 2875 543 2957 ideo
570 2897 638 2941 non
667 2883 700 2940 et
733 2876 803 2957 ipse
836 2880 874 2939 ιιι
901 2872 1045 2940 velimus
1072 2893 1156 2956 quae
1208 2869 1428 2937 dictumest?
1472 2872 1593 2952 Nonne
1616 2875 1645 2955 si
1667 2873 1761 2940 Deus
1783 2874 1856 2940 illos
1877 2875 1979 2943 bonos
1999 2878 2068 2944 fore
2089 2901 2187 2963 prae-
2274 2942 2278 2949 .

177 2963 249 3028 Deo
265 2959 405 3046 placent,
426 2968 462 3026 ‘et
483 2968 522 3025 ut
538 2981 721 3044 operemur,
743 2960 896 3035 hortatus
914 2958 983 3025 est?
1007 2961 1063 3024 An
1080 2958 1157 3042 quia
1208 2956 1318 3036 seivit,
1338 2951 1418 3023 boni
1440 2964 1554 3039 erunt,
1576 2959 1611 3025 in
1633 2959 1837 3041 quantalibet
1854 2983 1946 3028 nunc
1964 2963 2092 3029 malitia
2112 2987 2186 3032 ver·
2209 3024 2214 3030 .

178 3044 318 3112 dixerat:
343 3045 413 3128 ¹Qui
436 3045 543 3129 eoepit
563 3047 599 3110 in
620 3046 715 3112 vobis
741 3067 823 3129 opus
850 3046 981 3126 bonum,
1008 3045 1157 3128 perficiet
1207 3040 1345 3107 santur?
1390 3043 1436 3112 Et
1463 3043 1492 3108 si
1519 3043 1624 3110 melos
1652 3045 1723 3110 fore
1743 3047 1934 3128 praescivit,
1969 3049 2046 3115 mali
2076 3057 2186 3132 erunt,
2225 3063 2231 3077 ·

120 3144 123 3149 ’
178 3133 281 3217 (Phil.
307 3134 335 3212 1,
366 3133 414 3218 6):
450 3129 523 3197 ideo
555 3139 592 3196 ut
623 3132 808 3215 inciperent
837 3131 986 3197 homines
1020 3137 1054 3195 et
1082 3150 1155 3213 per·
1207 3130 1243 3192 in
1264 3128 1469 3211 quantalibet
1490 3150 1579 3196 nune
1604 3130 1751 3196 bonitate
1774 3133 1973 3198 comantur?
2018 3135 2189 3219 Numquid

57 3221 61 3227 “
109 3279 111 3285 ,
177 3226 369 3284 severarent
401 3219 569 3301 usquein
602 3218 719 3298 finem,
746 3239 813 3282 non
848 3214 974 3283 suasit?
1019 3215 1155 3299 Nempe,
1208 3234 1286 3298 ergo
1307 3220 1442 3298 propter
1463 3214 1651 3281 huiusmodi
1668 3238 1794 3296 causas,
1816 3217 1954 3301 quaeda
1968 3221 2189 3301 praescientia

56 3376 63 3389 ,
169 3305 188 3368 ἰ
212 3326 246 3370 se
268 3304 433 3372 Dominus
465 3303 631 3387 praecepit
662 3302 852 3369 hominibus
884 3311 921 3367 ut
954 3301 989 3366 in
1022 3323 1057 3367 se
1085 3322 1155 3368 ere·
1207 3297 1274 3364 Dei
1296 3319 1375 3364 vera
1397 3298 1565 3380 dieuntm,
1588 3302 1640 3367 vel
1662 3303 1815 3386 neganda
1837 3304 2008 3383 sunt-vel
2027 3304 2186 3372 menos?

200 3396 303 3454 erent.
346 3389 462 3472 Neque
484 3396 596 3454 tamen
624 3388 707 3455 falsa
728 3389 799 3454 eius
820 3387 984 3454 sententia
1005 3393 1154 3467 est,nee
1208 3393 1287 3449 tuno
1309 3384 1442 3464 seilicet,
1465 3385 1606 3468 quando,
1629 3387 1658 3453 si
1680 3406 1747 3452 non
1770 3387 1931 3466 dieantur,
1953 3389 1988 3466 in
2010 3380 2091 3456 alios
2112 3392 2184 3456 itur
2265 3390 2269 3396 ’
2300 3442 2305 3455 .

74 3731 79 3739 “
177 3738 336 3797 vera'est
368 3730 449 3796 haee
476 3730 636 3810 definitio,
651 3802 652 3806 ,
670 3752 758 3796 vana
789 3737 848 3797 est,
871 3729 929 3794 illa
959 3729 1152 3811 praeceptio.
1206 3732 1317 3791 tamen
1352 3732 1403 3790 est

178 3494 266 3540 vana
288 3473 448 3555 definitio,
478 3474 536 3540 ubi
559 3475 620 3540 ait:
661 3479 736 3555 [pag.
763 3479 836 3554 136]
865 3473 970 3538 Nemo
998 3472 1091 3538 venit
1113 3469 1155 3538 ad
1208 3469 1358 3536 errores?
1404 3470 1496 3549 Alia,
1525 3470 1688 3556 inquit,²)
1716 3473 1799 3538 ratio
1827 3480 1878 3539 est
1905 3494 2021 3539 verum
2045 3475 2190 3557 tacendi,

177 3579 247 3638 me,
275 3558 338 3626 hoe
361 3572 426 3639 est,
460 3582 556 3625 nemo
578 3559 683 3626 credit
710 3561 745 3625 in
767 3580 837 3636 me,
869 3558 936 3642 nisi
958 3557 1012 3623 cui
1041 3557 1155 3623 datum
1208 3555 1273 3625 alia
1312 3575 1429 3620 verum
1476 3554 1621 3627 dicendi,
1649 3555 1835 3624 necessitas.
1881 3558 2026 3640 ,Causas
2071 3581 2190 3628 verum

134 3652 139 3660 ’
177 3644 767 3730 fuoritapotremeo(10.6,'144).·
796 3645 911 3727 Neque
933 3663 1057 3724 rursus,
1078 3645 1156 3727 quia
1207 3638 1337 3706 tacendi
1375 3639 1513 3790 longum
1552 3648 1639 3762 esset
1666 3658 2002 3795 1ιιῖιιέιιιοὲἱοξιὲιειιοίιέῗιιῃοϊι
2046 3653 2188 3797 (ιιίιιιιᾷιιι

171 3816 248 3883 ,Οιιι
268 3823 354 3901 ‘ergo
376 3815 663 3900 praedicationi,⁸)
692 3815 929 3894 exhortationi,
952 3814 1153 3895 correctioni,
1206 3811 1412 3896 intelligunt,
1442 3746 1520 3876 dherh
1550 3748 1702 3880 Nitimur
1722 3750 1778 3878 eope
1800 3816 1856 3897 qui
1887 3753 2083 3900 intelligrihlt
2097 3754 2187 3898 spo}

76 3968 82 3978 ,
176 3923 259 3985 quae
277 3903 388 3968 omnia
409 3909 477 3967 tam
498 3903 688 3986 frequenter
710 3909 850 3984 usurpat
872 3901 1042 3983 scriptura,
1066 3899 1153 3966 diee-
1210 3901 1284 3976 138]
1306 3898 1414 3963 iacere
1434 3895 1609 3964 doctiores:
1631 3897 1688 3981 qui
1709 3900 1803 3966 nobis
1821 3899 1888 3966 tale
1905 3901 2029 3985 aliquid
2048 3902 2187 3971 dicenti·

178 4009 251 4054 mus
267 3988 419 4053 inutilem
429 4008 502 4053 esse
519 3986 826 4072 praedestinationis
843 3985 1035 4063 doctrinam,
1055 4005 1154 4068 quam
1206 3984 1278 4062 bus,
1301 3982 1462 4050 doctiores
1484 3981 1615 4067 quidem
1634 4005 1701 4049 non
1722 3986 1816 4065 fiunt,
1840 3985 1897 4051 sed
1920 4007 1981 4054 nee
1999 3987 2188 4055 redduntur
2291 4048 2294 4056 .

151 4073 388 4139 commendat
409 4072 524 4138 eadem
546 4072 732 4157 scriptura?
768 4072 872 4147 Paulo
892 4077 982 4154 post:
1005 4070 1155 4136 Audiunt
1206 4071 1342 4152 peiores.
1373 4066 1486 4149 Quum
1509 4075 1619 4135 autem
1641 4091 1694 4136 res
1716 4092 1795 4136 vera
1816 4073 1862 4137 ita
1885 4063 2048 4153 sehabet,
2072 4076 2189 4140 utfiat

178 4158 274 4237 haee,
307 4165 341 4223 et
368 4159 493 4225 iaciunt
525 4159 641 4243 quibus
675 4157 790 4224 datum
824 4166 884 4223 est.
935 4156 1010 4221 Non
1043 4164 1154 4222 autem
1206 4156 1298 4238 peior
1320 4154 1414 4220 nobis
1441 4175 1514 4220 eam
1536 4153 1737 4235 dicentibus,
1766 4156 1823 4240 qui
1840 4178 1955 4242 capere
1978 4180 2044 4224 non
2065 4165 2186 4242 potest,

177 4245 311 4323 faciunt,
333 4245 403 4310 sire
426 4243 571 4324 audiant,
593 4246 664 4311 sive
686 4265 752 4309 non
772 4243 916 4322 audiant,
946 4242 1065 4325 quibus
1086 4264 1155 4323 non
1207 4242 1302 4307 nobis
1323 4246 1435 4306 autem
1455 4240 1653 4320 tacentibus,
1676 4241 1732 4307 ille
1754 4243 1811 4326 qui
1831 4251 1955 4327 potest:
1990 4240 2068 4326 quid
2088 4251 2188 4328 puta·-

179 4336 229 4394 est
256 4326 378 4394 datum.
423 4330 493 4396 Nec
517 4329 831 4414 praedestinationis
858 4329 960 4412 igitur
976 4327 1154 4411 ‚praedica-
1207 4347 1282 4392 mus
1299 4325 1506 4392 faciendum?
1531 4326 1652 4392 Nonne
1668 4328 1777 4410 potius
1796 4337 1847 4394 est
1865 4326 2041 4396 dicendum
2058 4351 2213 4412 verum,
2314 4339 2318 4345 '

178 4416 268 4480 tione
289 4414 499 4499 impedienda
520 4424 570 4481 est
591 4414 791 4498 praedicatio
814 4412 891 4478 fidei
913 4415 1156 4496 perseverantis
1207 4420 1245 4477 ut
1267 4412 1322 4495 qui
1345 4415 1453 4495 potest
1475 4431 1603 4495 capere,
1626 4413 1748 4496 capiat,
1772 4435 1871 4496 quam
1893 4413 2126 4500 tacendum,³)
2149 4423 2188 4483 ut

149 4506 213 4563 ·et
233 4500 447 4582 proficientis:
480 4508 520 4566 ιιι
540 4499 632 4584 'quod
656 4507 783 4584 oportet
804 4499 955 4576 audiant,
983 4505 1016 4564 et
1037 4497 1155 4582 quibus
1207 4519 1275 4563 non
1296 4496 1403 4562 solum
1425 4496 1459 4561 id
1481 4497 1576 4562 ambo
1598 4518 1666 4563 non
1688 4499 1833 4581 capiant,
1865 4522 1981 4565 verum
2009 4501 2109 4566 etiam
2130 4502 2190 4586 qui

179 4583 296 4649 datum
319 4594 369 4650 est
390 4585 558 4652 obediant:
582 4584 753 4667 Quomodo
775 4585 863 4650 enim
882 4582 1017 4649 audient
1034 4585 1155 4668 absque
1208 4590 1259 4649 est
1277 4582 1530 4667 intelligentior,
1563 4583 1622 4660 ille⁴
1647 4583 1692 4648 sit
1716 4584 1822 4666 peior:
1858 4585 1915 4667 qui
1944 4586 1973 4650 si
2002 4585 2133 4652 audiret
2154 4591 2190 4653 et

178 4668 413 4771 praedicante?
457 4671 527 4737 Nee
556 4693 670 4738 rursus
703 4669 957 4769 praedicatione·
975 4667 1069 4768 fidei·
1082 4691 1157 4753 pro-
1208 4674 1354 4768 caperet,
1377 4688 1443 4816 lper
1469 4688 1547 4733 eum
1574 4668 1673 4732 etiam
1699 4669 1811 4768 plures
1839 4669 2011 4769 discerent.
2056 4672 2104 4769 Fit
2124 4691 2189 4738 nos

178 4757 330 4834 fiorentrs,
349 4762 383 4822 et
398 4778 432 4820 ιιι
451 4759 551 4823 finem
565 4763 930 4841 usqueperseverantrs,
948 4754 1157 4840 Impedlenda
1209 4754 1317 4820 dicere
1334 4774 1376 4818 no
1391 4773 1496 4831 umus,
1518 4752 1616 4836 quod,
1634 4761 1718 4819 teste
1735 4763 1906 4837 scriptura,
1930 4755 2038 4821 dicere
2055 4754 2185 4822 licebat

59 4846 65 4855 '
555 4862 558 4867 ·
656 4875 658 4877 ·
730 4868 736 4880 ·
1209 4840 1378 4905 'l‘imemus
1396 4841 1485 4903 enim
1502 4837 1665 4918 videlieet,
1684 4860 1726 4903 ne
1744 4839 1954 4924 loquentibus
1971 4839 2066 4906 nobis
2082 4841 2192 4906 efien·
2282 4892 2286 4898 .

251 4927 280 4994 l)
298 4926 354 4981 Las
370 4941 584 5048 resppnsesque
601 4925 655 5049 Ἦ
671 4924 1160 5057 ‹Etnrrftssgilzeffissugidfflutgep
1449 5033 1451 5039 Ι
1497 4948 1499 4952 ·
1859 4948 1861 4951 ·
1965 4938 1968 4943 ·

179 5001 326 5151 lc’hhihhiih
340 4995 677 5186 Nisphhihhttoeitsteindie
692 5078 762 5132 pour
777 5063 819 5119 les
834 5012 950 5119 merdic.
967 5094 971 5101 ·
1053 5008 1085 5064 γε
1278 5060 1309 5128 1)
1326 5060 1456 5115 Eiusdem
1473 5061 1518 5137 lib.
1537 5075 1597 5128 cap.
1615 5057 1658 5113 le.

198 5185 205 5195 ’
249 5129 592 5271 iicriihlepamiaaae
610 5161 858 5269 praedestinationi.
935 5174 938 5177 Δ
1109 5199 1114 5206 ’
1211 5161 1217 5171 ὓ
1277 5129 1309 5264 {i
1327 5127 1484 5261 ShhrtN'et
1501 5202 1599 5252 mettre
1618 5211 1683 5252 sous
1701 5196 1727 5251 le
1744 5195 1816 5266 pled.
1929 5278 1983 5334 21·
