4702 5926
127 321 213 433 sea⁴
701 357 703 362 ,
770 408 774 420 Ι
884 314 1146 384 moriame
1169 316 1381 383 saevam.
2073 324 2135 384 svo

125 509 213 575 facta
241 513 291 571 est
326 505 417 570 verbi
444 505 479 570 in
507 524 639 570 carnem
668 503 852 580 conversio,
886 511 921 568 et
946 525 1106 586 personae
1158 518 1268 568 tamen
1291 527 1332 570 nc
1356 505 1474 588 oquin
1498 507 1576 571 alibi
1598 527 1709 572 secum
1731 527 1892 589 pugnans,
1914 506 1957 572 ad
1979 528 2039 573 nos
2060 527 2137 591 pro·

127 592 309 670 translatio,
333 600 370 656 ut
391 591 467 657 huie
488 611 645 674 personae
667 590 776 653 earnis
798 611 888 654 nunc
917 590 1106 655 tribuantur
1157 589 1231 671 pius
1252 527 1393 669 accedat,
1418 592 1514 657 sicuti
1536 592 1572 655 in
1590 592 1761 675 Apologia,
1785 593 1905 676 pagina
1924 598 2000 657 705:
2024 593 2134 672 Modo,

127 679 248 756 omnia,
272 677 357 743 sicut
378 676 475 760 virga
495 683 544 741 est
566 676 601 738 in
619 682 804 757 serpentem
823 675 1004 740 formaliter
1027 696 1104 741 con·
1157 673 1272 757 inquit,
1307 673 1430 754 codem,
1464 698 1527 759 quo
1549 699 1638 744 nunc
1672 686 1721 748 est
1743 678 1835 742 Deus
1857 687 1952 759 pater
1981 678 2135 758 hominis,

125 783 232 842 versa,
256 770 412 828 manente
431 761 524 826 verbi
547 761 739 825 substantia.
774 760 901 825 Eadem
923 761 1104 828 huiuscor-
1157 759 1208 832 ab,
1232 768 1363 825 aeterno
1400 770 1473 826 crat
1503 770 1595 845 pater
1629 764 1721 828 verbi
1755 764 1913 839 viventis,
1954 763 2135 847 sapientiae

126 850 217 934 poris
236 848 339 913 deitas
358 856 430 912 erat
450 854 548 911 antea
567 846 661 910 verbi
680 851 754 924 [pag.
771 850 843 925 146]
862 845 974 911 deitas.
1005 846 1104 912 Certe
1156 845 1372 924 subsistentis,
1406 849 1538 913 virtutis
1567 870 1645 913 suae
1665 857 1698 913 et
1719 850 1852 931 figurae.
1897 849 1998 914 Modo
2022 847 2136 914 eodem

126 957 194 999 non
216 935 351 1000 obscure
372 933 538 997 blaterans
560 951 694 996 carnem
723 952 812 996 nunc
846 953 916 996 esse
941 933 998 1014 qui
1025 931 1103 996 olim
1157 950 1220 1012 quo
1242 952 1332 995 nunc
1361 940 1412 997 θεῖ
1433 932 1532 996 homo
1553 933 1650 1013 filine,
1686 945 1757 997 erat
1779 936 1819 1009 ab
1842 939 1974 1000 aeterno
1997 935 2135 1000 verbum
2227 1007 2231 1017 .

126 1041 233 1087 sermo
255 1021 325 1097 fuit,
359 1018 497 1083 alteram
527 1038 568 1081 ex
591 1015 717 1082 duabus
744 1026 897 1080 naturam
919 1019 1103 1083 necessario
1156 1015 1252 1080 filius.
1298 1015 1336 1082 si
1358 1018 1504 1101 ingenua
1526 1027 1612 1084 esset
1633 1020 1713 1085 haec
1736 1019 1904 1098 confessio,
1936 1021 2013 1084 inde
2042 1019 2135 1085 nobis

126 1105 274 1171 destruit.
320 1103 358 1169 Si
381 1103 506 1169 Christi
541 1103 729 1167 humanitas
761 1110 811 1166 est
837 1102 930 1167 verbi
964 1104 999 1166 in
1033 1123 1104 1168 car·
1157 1113 1339 1184 emergeret
1361 1103 1459 1168 realis
1481 1105 1572 1169 verbi
1597 1104 1766 1187 generatio
1789 1114 1865 1169 ante
1886 1105 2025 1172 saecula.
2048 1105 2136 1169 Nam

126 1212 203 1260 nem
225 1191 402 1266 conversio,
436 1209 570 1253 necesse
602 1197 654 1257 θεῖ
680 1207 699 1250 a
721 1208 819 1252 carne
842 1187 1008 1254 absorberi
1029 1209 1104 1254 ver·
1156 1186 1184 1250 si
1216 1186 1328 1252 eodem
1360 1187 1456 1252 modo
1487 1191 1622 1254 verbum
1659 1211 1788 1273 semper
1819 1191 1881 1254 fuit
1914 1191 2011 1269 filius,
2051 1192 2136 1257 sicut

125 1276 212 1354 bum,
247 1284 283 1339 ut
316 1296 383 1339 una
415 1282 545 1339 tantum
579 1281 700 1338 natura
729 1282 871 1337 maneat.
927 1274 974 1337 Et
994 1282 1104 1338 tamen
1155 1270 1253 1336 homo
1276 1295 1363 1339 nunc
1385 1274 1473 1338 filius
1496 1275 1624 1354 dicitur,
1658 1297 1716 1342 cur
1747 1295 1813 1339 non
1837 1284 1994 1359 agnoscet
2015 1274 2136 1341 Serve·
2162 1326 2165 1330 .

106 1363 228 1426 ¹miror
249 1360 328 1444 quid
361 1360 423 1425 sibi
453 1380 527 1431 cum
550 1360 614 1424 ista
636 1358 1002 1424 transsubstantiatione
1024 1360 1105 1424 velit
1157 1365 1211 1420 tus
1233 1359 1342 1422 Deum
1376 1382 1411 1423 re
1433 1360 1505 1442 ipsa
1527 1362 1626 1426 fuisse
1649 1369 1819 1425 aeternum
1842 1372 1978 1444 patrem,
2013 1371 2046 1425 et
2067 1383 2135 1428 non

126 1445 294 1525 Servatus,
329 1446 382 1512 cui
404 1445 482 1511 alibi
503 1465 578 1510 caro
601 1444 725 1509 Christi
748 1451 885 1510 vocatur
906 1464 980 1509 caro
1001 1445 1102 1523 verbi,
1155 1443 1349 1525 figurativo?
1394 1446 1497 1528 Atqui
1520 1447 1669 1529 Epistola
1699 1446 1796 1510 tertia
1828 1446 1890 1513 hcc
1920 1469 2054 1529 prorsus
2083 1467 2135 1509 re·

126 1542 159 1597 et
181 1533 245 1597 Dei
267 1531 490 1597 exsistentiam
504 1536 527 1607 ¹)
556 1530 680 1594 habens
702 1538 879 1608 aeternam,
903 1529 1031 1613 dialogo
1052 1552 1103 1596 se·
1155 1527 1276 1610 pudiat.
1321 1529 1367 1592 Et
1396 1530 1432 1593 in
1465 1532 1531 1595 fine
1563 1539 1675 1596 sextae
1698 1532 1866 1614 Epistulae
1900 1534 1947 1597 sic
1975 1531 2134 1615 loquitur:

125 1615 242 1695 cundo,
264 1637 338 1701 pag.
362 1620 434 1681 270.
478 1616 572 1680 Haec
598 1636 662 1699 qua
691 1616 783 1697 potui
817 1615 976 1681 brevitate
1008 1636 1102 1698 prae·
1155 1613 1195 1676 In
1219 1615 1305 1677 omni
1329 1616 1541 1697 generatione
1564 1617 1650 1701 quod
1673 1639 1692 1681 a
1714 1625 1807 1698 patre
1830 1618 1899 1681 solo
1921 1616 2039 1700 prodit,
2069 1639 2135 1680 non

125 1704 188 1769 fari
211 1704 330 1780 visun
346 1708 405 1781 est,
441 1701 528 1766 unde
562 1708 795 1785 cognoscerent
826 1701 971 1778 lectores,
1005 1718 1104 1784 quam
1154 1718 1214 1780 per
1235 1722 1270 1764 se
1293 1700 1411 1765 dicitur
1432 1701 1529 1779 filius,
1558 1701 1616 1767 sed
1638 1723 1696 1784 per
1717 1710 1866 1778 matrem.
1911 1702 2008 1767 Unde
2030 1702 2134 1785 igitur

126 1790 268 1873 ingenue
297 1796 410 1853 contra
431 1808 484 1851 me
506 1788 666 1871 insurgat,
700 1786 778 1868 quia
800 1784 945 1850 dixeram
969 1807 1045 1852 eum
1067 1787 1103 1850 in
1156 1803 1216 1849 vos
1238 1794 1362 1848 tantam
1385 1786 1445 1850 filii
1467 1789 1608 1869 separati
1642 1789 1675 1851 in
1705 1787 1816 1853 divina
1844 1788 2056 1873 generatione
2079 1787 2135 1851 de·

127 1894 207 1940 voce
239 1872 299 1938 filii
331 1873 488 1953 cavillari,
528 1872 606 1936 dum
644 1892 757 1940 omncs
791 1872 1028 1937 controversias
1061 1872 1103 1935 ad
1156 1869 1352 1935 formitatem
1376 1872 1567 1938 somniatis?
1613 1870 1723 1953 Quam
1745 1881 1884 1938 matrem
1907 1881 1984 1939 ante
2007 1873 2136 1939 saecula

125 1981 229 2025 unum
251 1959 315 2024 hoc
336 1964 434 2041 caput
455 1958 634 2041 restringit,
656 1958 740 2040 quod
764 1956 916 2023 (lhristus
939 1956 1036 2021 homo
1059 1958 1104 2022 sit
1157 1955 1255 2019 verbo
1282 1956 1454 2021 fabricabit
1474 1955 1641 2035 Servetus,
1677 1968 1714 2022 ut
1743 1958 1826 2023 illud
1857 1960 1961 2023 filium
1990 1957 2133 2023 efficiat?

125 2045 214 2109 filius
235 2043 309 2108 Dei.
1155 2037 1316 2104 Videmus
1348 2063 1384 2106 or
1407 2062 1426 2104 o
1459 2042 1626 2125 abreptitii
1649 2044 1753 2107 instar
1775 2049 1849 2123 [pag.
1871 2049 1943 2122 148]
1967 2054 2135 2108 transver-

211 2129 308 2194 Nunc
338 2127 506 2211 sigillatim
539 2128 759 2213 perstringam
781 2149 864 2210 quae
896 2126 1103 2192 refutationis
1156 2145 1229 2188 sum
1251 2125 1340 2190 ferri.
1384 2063 1431 2191 {lt
1452 2127 1518 2207 illo,
1552 2150 1649 2211 quern
1682 2130 1772 2210 prius
1806 2130 1914 2206 citavi,
1949 2129 2017 2192 loco
2045 2127 2135 2193 modi

124 2221 300 2299 praetextu
323 2214 482 2296 apposuit,
512 2213 628 2278 saltem
651 2235 735 2297 quae
758 2212 798 2277 ad
819 2234 951 2278 causam
973 2214 1101 2277 facient.
1155 2210 1339 2291 paritatem,
1361 2233 1456 2294 quam
1481 2219 1624 2278 statuere
1648 2214 1736 2279 visus
1758 2216 1873 2291 fuerat,
1907 2215 2018 2279 statim
2041 2234 2134 2278 ever·

124 2299 184 2367 Bis
208 2306 339 2366 accusat
356 2320 409 2363 me
428 2297 600 2377 mendacii,
624 2300 702 2383 quia
719 2300 868 2364 dixeram
887 2319 962 2362 oum
980 2319 1103 2380 negare
1155 2296 1196 2357 tit
1210 2294 1343 2360 dicens:
1389 2297 1514 2363 Genuit
1548 2298 1589 2363 ab
1619 2308 1754 2363 aeterno
1787 2309 1880 2382 pater
1907 2299 2013 2364 filium
2044 2299 2133 2363 huno

124 2406 319 2463 sermonem,
348 2384 403 2466 qui
432 2406 566 2450 carnem
588 2394 734 2449 nostram
756 2382 873 2461 induit,
908 2383 986 2447 olim
1008 2382 1103 2465 quid·
1155 2380 1311 2446 ineffabili
1334 2383 1513 2465 sapientiae
1541 2384 1747 2468 cogitatione,
1781 2386 2037 2467 praeparatione,
2072 2392 2133 2450 etc.

123 2492 220 2554 quam
254 2471 364 2548 fuisse,
404 2478 438 2534 et
470 2492 511 2535 ex
543 2478 638 2553 patre
672 2477 747 2533 ante
780 2468 911 2534 saecula
945 2469 1101 2552 genitum.
1154 2466 1267 2549 Magis
1282 2468 1463 2532 etiamnum
1481 2469 1589 2534 ieiune
1606 2471 1641 2533 in
1659 2469 1829 2555 Apologia,
1852 2491 1923 2554 pag.
1940 2474 2017 2533 685:
2041 2471 2133 2535 Deus

122 2557 226 2639 Atqui
259 2554 345 2620 bona
377 2554 441 2620 fide
475 2555 580 2619 refero
610 2553 688 2637 quid
720 2555 842 2618 sentire
876 2575 910 2619 εθ
940 2552 1101 2620 ostendat.
1154 2550 1271 2633 inquit,
1284 2561 1378 2634 pater
1389 2553 1548 2633 estverbi,
1560 2564 1654 2637 pater
1665 2557 1799 2639 spiritus
1811 2557 1924 2633 sancti,
1937 2556 2134 2638 paterspiri-

102 2716 106 2720 ᾗ
122 2641 209 2707 Nam
232 2649 289 2706 aut
306 2639 407 2704 verbo
430 2661 490 2704 sua
507 2641 570 2704 fuit
587 2639 773 2723 hypostasis
790 2661 810 2703 a
826 2646 921 2721 patre
932 2639 1102 2718 distincta,
1155 2644 1258 2716 tuum,
1271 2637 1433 2702 luminum
1445 2649 1478 2704 et
1489 2643 1679 2724 gratiarum.
1697 2641 1825 2705 Multae
1838 2641 1962 2707 suntin
1975 2662 2013 2704 eo
2026 2651 2134 2723 pater-

123 2735 181 2792 aut
218 2726 300 2791 nihil
340 2726 402 2788 fuit
441 2724 587 2790 verbum.
649 2726 749 2790 Prius
776 2726 890 2808 negari
919 2722 1102 2790 aServeto
1155 2721 1274 2788 nitates
1293 2732 1325 2787 et
1343 2726 1578 2808 generationes.
1604 2726 1743 2792 Genitas
1756 2728 1790 2790 in
1802 2726 1874 2790 Deo
1887 2725 1969 2791 duas
1981 2725 2133 2790 voluuta-

122 2812 188 2876 iam
214 2812 312 2895 plane
344 2817 514 2875 ostensum
545 2816 603 2874 est.
649 2811 767 2892 Itaque
797 2809 847 2873 illi
878 2811 1033 2875 iniuriam
1066 2812 1103 2874 in
1153 2815 1204 2871 tes
1215 2808 1433 2889 concedimus,
1445 2832 1482 2876 ac
1495 2812 1593 2876 etiam
1605 2820 1741 2890 creatas,
1754 2813 1840 2877 sicut
1851 2811 2013 2895 sapientia
2023 2820 2134 2876 creata

122 2896 264 2962 secundo
286 2918 353 2961 non
375 2895 467 2960 facio.
514 2894 611 2975 Quod
643 2905 751 2960 autem
786 2903 862 2961 ante
890 2896 1022 2962 saecula
1044 2917 1100 2979 ge·
1154 2891 1275 2958 dicitur
1306 2915 1375 2959 non
1395 2896 1538 2975 realiter,
1572 2896 1630 2962 scd
1663 2898 1886 2980 personaliter.
1930 2898 2081 2961 Primum
2104 2896 2133 2960 si

121 2983 226 3048 nitum
251 2988 357 3064 neget,
390 2991 463 3044 tum
490 2981 777 3063 exsuperioribus
803 2980 928 3064 liquere
950 2980 1099 3060 arbitror,
1153 2975 1294 3044 Servate
1316 2979 1470 3057 creditur,
1503 2984 1590 3046 inter
1623 3002 1781 3066 generare
1814 2990 1847 3048 et
1869 3002 1980 3048 creare
2001 2982 2133 3047 nullum

120 3076 192 3133 tum
226 3067 309 3131 nihil
342 3064 433 3130 aliud
466 3066 635 3132 contendit
661 3067 733 3132 libr.
760 3072 772 3129 l
799 3065 839 3131 de
861 3066 1032 3146 Trinitate,
1066 3074 1101 3131 et
1152 3065 1216 3128 erit
1237 3063 1421 3131 discrimen.
1467 3068 1529 3142 Ita,
1563 3075 1601 3132 ut
1622 3068 1717 3132 verbi
1749 3070 1901 3151 genitura
1934 3068 2030 3132 nobis
2054 3088 2132 3132 con·

120 3152 260 3236 Ilpistol.
287 3157 314 3230 1,
338 3155 356 3213 2
381 3158 415 3216 θῖ
437 3153 466 3215 3.
510 3152 556 3216 Et
578 3150 655 3235 quid
683 3152 771 3217 aliud
804 3151 867 3218 sibi
891 3152 1006 3218 volunt
1028 3153 1098 3217 eius
1153 3160 1225 3229 stet,
1259 3162 1355 3215 extra
1377 3154 1486 3217 Deum
1509 3153 1599 3217 exire
1622 3176 1753 3219 necesse
1776 3156 1847 3233 erit,
1870 3153 1923 3218 vel
1944 3140 2038 3217 Deus
2061 3154 2131 3235 ipse

120 3237 221 3305 verba
253 3237 307 3303 lib.
336 3245 353 3299 4
391 3237 430 3301 de
459 3237 575 3301 'Prinit
608 3259 682 3321 pag.
713 3237 796 3302 150?
848 3236 1013 3321 Oogitatio
1035 3238 1100 3303 Dei
1153 3242 1304 3300 creatura
1336 3237 1371 3301 in
1405 3259 1440 3302 εθ
1473 3239 1542 3320 ipso
1570 3240 1635 3303 fiet.
1681 3239 1810 3303 Deinde
1850 3238 1948 3302 realis
1987 3246 2132 3319 negatur

64 3325 68 3331 '
121 3331 192 3389 erat
223 3323 284 3387 filii
316 3324 494 3406 generatio,
526 3343 593 3387 non
626 3331 697 3387 erat
728 3331 806 3388 tunc
839 3323 936 3388 realis
969 3323 1057 3389 filius
1079 3343 1100 3386 a
1152 3322 1330 3403 generatio,
1354 3322 1415 3388 hoc
1437 3330 1496 3401 est,
1519 3343 1601 3405 quae
1620 3344 1706 3401 vere,
1730 3333 1763 3387 et
1781 3345 1816 3387 re
1834 3324 1905 3406 ipsa
1922 3330 2003 3387 tunc
2021 3323 2130 3386 fuerit.
2158 3322 2161 3329 ’

120 3416 213 3490 patre
235 3406 420 3486 distinctus,
449 3407 508 3473 sed
529 3407 691 3474 naturalis
714 3408 851 3473 scientia
867 3408 942 3487 Dei,
966 3417 1003 3473 ut
1025 3430 1099 3491 spe·
1152 3406 1299 3471 Tandem
1329 3406 1540 3472 innumerum
1571 3408 1713 3472 filiorum
1743 3428 1881 3472 examen
1905 3405 1977 3470 Deo
2000 3407 2131 3490 affingi·
2195 3447 2199 3457 ·

122 3492 193 3558 culo
226 3493 387 3558 naturalis
414 3502 466 3558 θεῖ
487 3493 534 3556 rei
556 3494 741 3576 propositae
763 3492 951 3559 relucentia.
975 3494 1099 3576 ,Vide-
1152 3497 1215 3555 tur.
1260 3491 1374 3573 Neque
1397 3492 1485 3555 enim
1508 3512 1600 3557 secus
1617 3494 1734 3560 ¹Deum
1756 3493 1848 3561 verbi
1870 3503 1998 3575 patrem
2021 3493 2131 3568 vocari

119 3598 194 3643 mus
216 3584 253 3641 ut
275 3579 422 3661 genitum
445 3600 629 3644 sermonem
657 3599 723 3642 non
744 3579 907 3655 concedat,
941 3580 1005 3643 nisi
1027 3599 1098 3644 car·
1151 3577 1278 3654 asserit,
1300 3598 1399 3658 quam
1420 3578 1566 3642 omnium
1595 3598 1729 3642 suorum
1752 3578 1923 3642 donorum.
1967 3577 2021 3640 Ita
2044 3579 2131 3659 peri·
2234 3639 2238 3649 ,

120 3664 172 3729 nis
193 3662 324 3727 intuitu.
369 3661 498 3742 Quibus
531 3665 696 3728 consentit
726 3664 810 3728 alter
842 3663 942 3742 loeus,
975 3665 1098 3747 pagina
1151 3660 1199 3725 bit
1220 3668 1335 3726 mutua
1357 3663 1445 3726 inter
1465 3671 1593 3745 patrem
1615 3671 1648 3727 θῖ
1669 3662 1772 3728 filium
1796 3662 1921 3728 relatio.
1956 3663 2022 3727 Eat
2042 3682 2132 3726 nunc

121 3751 198 3814 205:
224 3753 297 3828 [pag.
320 3753 393 3826 147]
417 3747 515 3828 Quod
533 3748 625 3814 Deus
646 3749 773 3813 ratione
794 3770 854 3814 sua
871 3756 1005 3813 aeterna
1026 3770 1097 3814 eor·
1151 3744 1318 3825 Servatus,
1359 3756 1392 3812 θῖ
1424 3746 1464 3812 de
1497 3748 1579 3818 filio¹
1598 3748 1728 3812 homine
1760 3749 1934 3832 magnifice
1965 3746 2130 3831 loquatur,

99 3834 264 3918 >poralem
287 3841 320 3898 θῖ
338 3833 499 3898 visibilem
517 3833 622 3898 filium
640 3833 702 3899 sibi
720 3834 907 3911 decernens,
930 3834 1005 3898 talis
1023 3856 1097 3918 spe·
1149 3852 1251 3913 quum
1283 3832 1492 3915 incorporeae
1520 3832 1680 3898 donorum
1715 3835 1860 3898 omnium
1894 3834 2008 3898 turbae
2042 3853 2130 3899 nuno

103 3921 180 3990 cici
209 3919 393 3985 substantia
425 3939 461 3983 se
493 3919 603 4000 ipsum
626 3918 786 3983 visibilem
818 3920 1007 4002 praebuerit
1037 3940 1097 4003 per
1150 3938 1224 3981 eum
1244 3919 1447 4000 permisceat.
1493 3917 1606 3998 Quare
1629 3921 1733 3984 fixum
1754 3919 1838 3983 illud
1860 3927 1982 3997 manet,
2008 3919 2043 3982 in
2066 3940 2129 4002 quo

118 4025 313 4083 sermonem,
345 4005 380 4067 in
403 4025 466 4086 quo
500 4012 571 4068 erat
598 4004 741 4086 spiritus.
784 4005 858 4068 Hoc
880 4005 906 4070 si
929 4005 1095 4088 recipitur,
1149 4022 1202 4065 me
1223 4000 1382 4069 Servatus
1412 4005 1546 4067 mentiri
1575 4005 1695 4088 arguit,
1728 4005 1842 4089 negari
1865 4003 1984 4069 abillo
2006 4025 2129 4069 sermo·

118 4090 196 4174 quid
215 4092 282 4156 erit
303 4088 395 4155 verbi
417 4092 595 4173 generatio,
627 4091 692 4153 nisi
714 4089 888 4155 destinatio
914 4091 1015 4155 futuri
1037 4090 1096 4155 ho·
1149 4107 1226 4151 nem
1247 4086 1312 4153 Dei
1335 4098 1412 4153 ante
1439 4089 1569 4154 saecula
1596 4091 1696 4155 fuisse
1718 4090 1877 4174 genitum.
1924 4088 2012 4169 Quia
2035 4088 2128 4153 dixe·

119 4176 278 4251 minis‘l2)
332 4173 439 4241 Sicuti
472 4173 601 4258 dialogo
633 4174 785 4255 secundo,
819 4196 892 4258 pag.
927 4180 1003 4254 259,
1038 4197 1096 4259 spe
1149 4193 1220 4237 ram
1242 4173 1406 4256 proscindi
1430 4173 1471 4238 ab
1495 4194 1532 4238 eo
1554 4175 1624 4257 pios
1648 4196 1771 4252 omnes,
1794 4176 1848 4258 qui
1872 4183 2041 4238 aeternum
2063 4174 2129 4239 Dei

120 4261 269 4341 quadam,
302 4269 360 4325 aut
380 4260 515 4326 seminis
547 4262 797 4343 praeparatione
819 4259 989 4326 Christum
1013 4268 1096 4325 tem-
1148 4258 1253 4323 filium
1276 4260 1413 4324 confessi
1443 4272 1529 4336 sunt,
1565 4260 1802 4344 tergiversatur
1835 4281 1869 4325 sc
1891 4278 2016 4341 quoque
2039 4258 2128 4322 idem

120 4365 198 4425 pore
219 4346 300 4428 legis
322 4354 476 4411 vocatum
498 4346 600 4410 fuisse
621 4345 727 4410 filium
749 4345 925 4412 contendit.
965 4344 1096 4411 Deinde
1148 4344 1252 4422 fateri,
1286 4343 1382 4408 modo
1415 4345 1621 4429 intelligatur-
1651 4346 1831 4428 personalis
1864 4344 1959 4408 filius.
2021 4341 2127 4424 Quasi

118 4429 225 4511 magis
259 4451 294 4493 se
322 4431 470 4512 implicat
496 4431 621 4497 dicens:
645 4429 740 4497 Sicut
761 4433 954 4516 generantia
985 4433 1097 4497 omnia
1148 4451 1226 4501 vero
1248 4429 1289 4494 de
1309 4432 1425 4514 figura,
1454 4431 1507 4496 vel
1530 4430 1661 4513 speculo
1682 4432 1729 4495 roi
1751 4431 1891 4506 futurae,
1924 4435 1957 4492 et
1979 4449 2046 4494 non
2068 4450 2127 4513 po·
2155 4463 2160 4471 ·

118 4515 210 4596 prius
230 4533 341 4578 semen
364 4516 398 4578 in
420 4536 455 4580 se
477 4518 655 4595 continent,
678 4538 775 4600 quam
798 4516 839 4581 ad
859 4518 982 4582 foetum
999 4519 1096 4583 emit-
1149 4515 1216 4579 tius
1239 4514 1380 4580 devera
1411 4516 1623 4599 generatione
1652 4524 1825 4599 pugnetur.
1870 4514 2015 4580 Tametsi
2037 4517 2126 4581 enim

117 4606 200 4675 tant,
233 4599 280 4662 ita
311 4598 374 4663 fuit
405 4600 440 4663 in
462 4600 535 4665 Deo
568 4623 679 4667 semen
711 4603 813 4681 verbi,
847 4605 1037 4685 priusquam
1059 4604 1095 4666 in
1147 4620 1306 4682 personae
1329 4600 1544 4666 substantiam
1568 4602 1698 4684 affingit
1719 4599 1888 4679 Servatus,
1920 4600 1983 4666 hac
2014 4607 2125 4666 tamen

119 4685 229 4750 Maria
253 4693 477 4766 generaretur.
522 4687 588 4753 Hic
609 4707 735 4771 quoque
757 4688 866 4771 palam
890 4688 1008 4754 asserit
1028 4710 1095 4753 non
1147 4707 1227 4752 voce
1249 4686 1466 4764 umbratilem,
1499 4687 1552 4753 vel
1585 4688 1801 4770 figurativum
1831 4687 1935 4751 filium
1964 4684 2124 4771 designat.

117 4771 218 4835 fuisse
242 4767 398 4833 emissum
423 4768 526 4834 aDeo
546 4793 656 4837 semen
675 4773 715 4837 ad
734 4772 968 4858 generandum,
992 4773 1094 4840 donec
1146 4773 1194 4837 Et
1225 4774 1260 4836 in
1294 4779 1399 4836 morto
1431 4774 1501 4835 eius
1535 4773 1688 4854 apparuit
1708 4771 1786 4854 quid
1812 4772 1958 4847 sentiret,
1992 4771 2124 4854 quando

118 4857 279 4921 formatus
313 4860 363 4919 est
394 4854 430 4918 in
459 4862 552 4920 utero
585 4858 723 4941 virginis
757 4859 922 4925 Christus.
978 4860 1093 4943 Neque
1147 4857 1227 4924 haec
1260 4855 1412 4940 loquendi
1445 4857 1550 4921 forma
1583 4878 1750 4939 nunquam
1785 4863 1859 4937 [pag.
1887 4861 1959 4933 149]
1993 4877 2034 4920 ex
2068 4877 2123 4920 ore

779 4982 782 4988 ,
1146 4944 1216 5010 eius
1238 4942 1378 5025 exprimi
1400 4942 1514 5025 potuit,
1547 4950 1586 5005 ut
1615 4951 1784 5007 aeternum
1806 4942 1870 5006 Dei
1902 4941 2008 5006 filium
2029 4940 2121 5005 invo-

187 5073 216 5140 1)
235 5090 347 5130 essem
1146 5039 1243 5095 caret.
1266 5026 1456 5111 Exprobrat
1476 5026 1563 5124 quud
1584 5027 1751 5092 hominem
1769 5025 1940 5125 Christum
1963 5046 2031 5090 non
2052 5045 2123 5090 cre·

186 5142 217 5209 q)
237 5145 330 5198 sinen
349 5115 407 5212 'que
426 5143 496 5198 me„
522 5144 678 5200 sordeant
703 5146 767 5214 qu’il
819 5148 909 5203 ,most
932 5165 968 5204 un
985 5149 1094 5205 homme
1147 5113 1264 5182 damus
1296 5134 1366 5178 esse
1389 5113 1453 5176 Dei
1486 5111 1605 5176 filium:
1640 5125 1673 5176 et
1704 5120 1816 5176 tamen
1849 5118 1970 5176 citatur
2002 5133 2044 5177 ex
2066 5112 2123 5176 In·

117 5227 199 5284 apres
216 5211 294 5267 Iesus
312 5212 402 5267 Christ
421 5212 503 5282 (tepe-
521 5229 615 5282 apres:
633 5214 708 5270 Iesus
727 5215 839 5283 canat).
1150 5202 1317 5269 stitutione
1338 5199 1437 5276 locus,
1469 5196 1526 5262 ubi
1549 5195 1668 5263 diserte
1697 5198 1759 5263 hoc
1789 5198 1926 5262 affirmo.
1971 5198 2018 5262 Et
2045 5197 2124 5281 qui'd
