4604 5896
92 309 153 371 en
779 303 1051 379 semrom,
1067 276 1131 374 An
1154 274 1413 379 omniun.
1593 299 1597 314 '
2041 326 2105 388 sis
2216 401 2218 406 ¹

88 497 265 583 bonorem
297 495 335 560 de
374 495 522 576 baptismi
554 494 746 575 perfectione
784 491 894 558 scribit
926 491 1067 557 Clemens
1117 496 1171 561 ¹sio.
1186 497 1330 577 spiritus,
1354 500 1421 562 iam
1442 504 1540 564 teeum
1554 520 1692 583 pupnos,
1710 505 1864 584 paruulos
1885 508 2029 573 carnales
2049 511 2102 591 fa-

89 582 334 647 Aienandrinus
360 580 411 644 lib.
445 585 464 643 1
496 578 675 662 Paedapopi
703 599 773 660 eap.
800 584 828 642 6.
877 578 1067 659 Quanquam
1119 583 1203 646 oiens
1227 584 1405 665 participes
1431 586 1658 667 promissionis
1684 589 1875 668 spiritualis.
1926 592 1976 657 Eo
1997 597 2102 677 mapis

88 690 150 734 non
172 687 292 748 semper
313 667 390 729 bora
410 665 560 747 baptismi
585 670 613 729 et
634 685 743 730 coenae
764 669 913 745 sequatur
934 666 1085 745 effectus„
1118 668 1196 748 puio
1227 670 1401 748 promissio
1439 671 1578 750 spiritus
1616 672 1712 735 datur
1752 676 1941 740 credentibus
1976 676 2102 746 Obristo
2192 733 2197 744 .

89 777 111 820 a
127 753 216 818 nobis
237 757 339 816 tamen
361 752 407 815 ita
428 746 533 816 debent
554 751 751 827 ministrari,
783 750 861 832 quia
889 749 932 814 ad
960 749 995 813 id
1022 756 1068 815 est
1119 752 1222 826 (ioan.
1244 758 1266 816 7
1286 760 1315 819 et
1339 754 1411 818 Gal.
1435 755 1485 905 3}
1530 754 1613 820 Filii
1634 759 1799 824 tritissima
1820 761 1994 829 hebraismo
2015 766 2103 830 inteb-

88 859 195 904 eorum
217 839 380 913 institutio.
425 837 503 913 Ais,
535 835 694 901 Obristum
722 836 759 900 de
787 857 872 916 aqna
900 836 964 899 ista
985 835 1066 900 nibil
1120 839 1260 920 dipuntnr
1276 841 1404 921 posteri.
1483 843 1629 907 remissio
1650 844 1786 924 spiritns
1812 847 1898 927 faeta
1919 855 1966 912 est
1987 851 2102 916 semini

88 925 250 1008 oppitasse,
279 923 404 1003 quondo
431 923 515 988 di'uit
539 942 596 986 uos
621 923 746 998 renasci
775 942 812 986 eu
839 941 932 1003 aqua.
981 921 1066 1002 Quid
1119 923 1278 988 Abrdbae.
1323 924 1370 989 At
1391 947 1445 991 nee
1465 926 1562 1006 filius,
1585 947 1639 992 nee
1661 949 1763 994 semen
1785 931 1936 1003 Abrabae
1958 936 2031 1016 piris
2053 936 2102 1000 di-

88 1010 212 1094 ipitur?
263 1010 360 1090 'Aqua
399 1028 459 1071 non
498 1013 542 1072 est
574 1007 684 1089 apua?
749 1005 867 1070 Annon
901 1026 986 1087 apua
1011 1012 1065 1085 est,
1119 1011 1208 1089 citur,
1231 1011 1296 1074 nisi
1312 1031 1374 1092 per
1391 1012 1502 1092 iidem:
1522 1033 1575 1077 nee
1586 1016 1758 1093 promissio
1776 1017 1834 1081 illa
1851 1020 2013 1100 aaeipitnr‚
2035 1022 2103 1086 nisi

88 1097 214 1179 quaudo
237 1102 308 1173 [pag.
329 1097 404 1171 614]
427 1093 553 1158 Paulus
575 1099 659 1157 ooeat
680 1093 842 1157 laoaornm
863 1093 1066 1175 repeneratio-
1113 1117 1174 1176 per
1193 1095 1295 1176 fidem.
1341 1096 1429 1162 Haeo
1457 1099 1556 1179 ipitur
1584 1100 1667 1164 dona
1694 1120 1755 1163 non
1783 1103 1941 1183 aeoipinnt
1963 1106 2101 1187 inflantes

88 1182 164 1246 nis?
201 1180 333 1261 Quando
354 1180 410 1257 ait,
432 1200 488 1243 nos
507 1180 673 1243 mundatos
693 1179 819 1243 lavaero
839 1178 965 1259 aquae?
1005 1177 1067 1242 Re·
1120 1183 1175 1245 tui.
1222 1180 1274 1246 De
1295 1180 1411 1247 eisdem
1435 1182 1518 1263 tiliis
1539 1184 1679 1265 loquitur
1704 1184 1833 1266 Petrus,
1862 1189 1899 1253 de
1921 1190 2035 1271 quibus
2057 1193 2101 1257 lo-

86 1266 232 1353 penerari
261 1265 416 1329 bominem
444 1267 508 1342 ais,
542 1264 666 1345 quondo
693 1263 903 1328 illuminatur.
951 1261 1066 1328 Contra
1119 1271 1237 1348 quotus
1258 1271 1302 1330 est
1325 1266 1399 1346 Ioel,
1420 1289 1511 1349 quem
1532 1270 1613 1333 eitat.
1669 1270 1729 1334 Ait
1750 1278 1853 1338 antem
1875 1274 1950 1354 Ioet,
1972 1282 2099 1357 aeeepta

86 1354 126 1419 de
139 1352 163 1436 ¹)
186 1353 251 1416 iem
270 1351 409 1416 concedis
420 1350 696 1432 paedoboptieatos
716 1353 785 1414 tuos
802 1369 862 1412 non
879 1350 1066 1431 reponeretri,
1117 1353 1324 1432 promissione
1345 1349 1479 1435 spiritns
1498 1354 1583 1433 tilios
1601 1355 1753 1420 Abrabae
1769 1359 1965 1440 propbetore,
1988 1368 2017 1427 et
2037 1382 2101 1428 eoe-
2139 1367 2144 1376 '

87 1439 144 1521 pai
165 1457 218 1501 neo
240 1437 476 1515 illuminantur,
504 1455 556 1499 nee
584 1434 766 1518 intellipnnt.
812 1434 886 1498 Rite
914 1454 963 1498 eos
992 1434 1066 1516 bap·
1118 1437 1210 1502 bestia
1239 1438 1353 1502 uidere.
1407 1438 1492 1519 Quid
1521 1438 1575 1503 boe
1603 1442 1646 1505 ad
1673 1443 1810 1523 infantes
1838 1447 1931 1508 tuos?
1986 1446 2101 1513 Petrus

87 1524 184 1590 tieari
204 1523 375 1601 contendis,
403 1521 664 1606 repenerationem
689 1542 711 1583 o
732 1520 886 1602 baptismo
913 1519 1001 1602 lonpe
1022 1540 1067 1584 se
1113 1522 1257 1603 priorem
1279 1523 1432 1603 baptismo
1454 1525 1552 1606 enipit
1573 1528 1807 1606 poenitentiam,
1836 1534 1871 1593 ut
1887 1531 1923 1593 in
1945 1530 2099 1614 baptismo

82 1628 222 1693 parans,
252 1613 281 1673 et
306 1609 465 1689 lantum2)
493 1607 610 1671 dicens:
643 1606 831 1686 baptismum
853 1625 920 1669 esse
941 1608 1066 1688 sipnnm
1120 1608 1210 1672 detur
1231 1608 1365 1688 spiritus
1381 1610 1569 1689 promissus.
1585 1616 1607 1685 ¹)
1653 1610 1720 1677 Fae
1741 1633 1820 1695 erpo,
1843 1612 1879 1678 ut
1899 1617 1949 1679 tui
1964 1617 2101 1699 paruuli

89 1694 277 1777 adoptionis.
321 1693 377 1757 Ex
399 1699 427 1757 te
449 1694 518 1774 ipso
540 1693 646 1757 ornnia
668 1693 832 1773 componis,
866 1692 950 1754 etin
972 1691 1066 1771 adop-
1115 1694 1301 1775 poeniteant.
1347 1693 1490 1775 Denique
1511 1701 1653 1760 oooatum
1676 1718 1741 1762 esse
1763 1705 1884 1780 oportet,
1907 1703 1962 1782 pni
1985 1703 2100 1769 donum

87 1781 183 1846 tioriis
199 1778 345 1843 uocabulo
363 1778 419 1843 tibi
436 1778 519 1859 falso
536 1777 656 1855 ibidis,
678 1778 783 1841 diceres
795 1776 949 1857 puerulos
971 1776 1067 1856 adop-
1120 1778 1174 1843 boo
1197 1779 1345 1859 aonpiat:
1367 1781 1484 1844 vocatio
1503 1785 1605 1844 autem
1622 1803 1683 1862 per
1702 1783 1797 1863 tidem
1818 1790 1870 1850 est.
1918 1786 2018 1852 Nobis
2040 1789 2101 1871 ipi

89 1871 175 1931 euos.
219 1864 356 1944 Adoptio
376 1865 479 1929 saeris
500 1863 671 1944 seripturis
691 1863 808 1927 dieitur
824 1867 852 1926 et
871 1862 917 1941 fib
940 1863 1066 1942 quando
1119 1868 1171 1927 tur
1191 1864 1276 1944 faeta
1298 1869 1342 1927 est
1359 1864 1530 1944 promissio
1546 1866 1749 1946 credentibus,
1771 1876 1798 1933 et
1823 1873 1961 1950 posteris
1983 1875 2101 1939 nostris

88 1952 222 2016 eredenti
250 1951 345 2014 datur
372 1950 504 2031 spiritus
530 1952 687 2021 υἱοθεσίας
715 1948 820 2030 (Rom.
845 1951 875 2024 8,
901 1946 972 2010 Gal.
997 1951 1018 2009 4
1039 1952 1068 2011 et
1119 1948 1323 2027 credentibus,
1353 1955 1382 2013 et
1410 1950 1544 2030 reliquis
1571 1953 1712 2016 omnibns
1733 1955 1931 2020 erodentibus.
1976 1958 2030 2038 At,
2053 1961 2101 2024 in·

89 2036 171 2118 pr.
197 2036 241 2119 1).
288 2035 414 2099 Rectius
436 2054 492 2099 nos
512 2055 582 2099 enm
607 2033 710 2098 Paulo
732 2032 927 2114 diffinimus:
950 2031 1067 2111 baptis·
1120 2035 1200 2114 puis,
1222 2035 1432 2115 differentiam
1448 2035 1528 2114 feeit
1552 2035 1665 2103 Petrus
1687 2039 1768 2102 inter
1791 2040 1935 2120 Iudaeos,
1957 2046 2013 2122 qui
2033 2045 2100 2108 iam

88 2142 160 2187 mus
179 2127 224 2185 est
240 2122 403 2186 munorum
424 2121 664 2202 repenerationis
690 2124 720 2184 et
738 2118 951 2184 renovationis
972 2117 1067 2199 spiri
1120 2119 1219 2184 omati
1241 2123 1313 2183 sunt
1330 2141 1399 2185 eum
1418 2120 1499 2201 pillis
1521 2123 1599 2200 suis,
1628 2128 1655 2186 et
1677 2123 1760 2188 alios
1781 2130 1907 2204 eeteros,
1929 2130 1985 2207 qui
2006 2129 2100 2193 advo·

89 2215 149 2286 tus,
171 2227 229 2272 nos
250 2207 389 2272 salvans.
436 2204 474 2270 Si
496 2206 671 2289 baptismus
699 2209 744 2268 est
765 2203 926 2268 laoaomm
947 2223 1068 2285 repone·
1120 2210 1239 2269 sanim.
1273 2203 1464 2286 Differenti'o
1482 2212 1528 2270 est
1544 2207 1729 2289 manifesta.-
1746 2211 1824 2290 puia
1838 2209 1983 2277 Obristns
1987 2215 2099 2293 primo
2169 2243 2171 2247 ’
2206 2267 2211 2277 .

88 2294 215 2375 rausi)
244 2313 281 2357 ea
289 2296 318 2376 ⁴)
345 2293 419 2372 ipsa
445 2291 518 2357 lotio
546 2311 585 2354 eor
607 2310 691 2370 aquo
712 2291 874 2370 etspiritu
896 2293 1001 2353 saneto
1023 2292 1067 2352 esi
1119 2290 1239 2355 missus
1260 2295 1307 2354 est
1325 2291 1369 2356 ad
1390 2311 1462 2356 oues
1477 2291 1623 2372 perditas
1645 2294 1755 2358 domus
1774 2294 1884 2360 Israbl.
1931 2297 2017 2361 Hine
2041 2297 2101 2363 Pe·

87 2379 286 2463 reponeretio.
322 2376 359 2441 Si
376 2377 565 2459 reponeretio
585 2381 629 2440 est
646 2397 662 2439 e
682 2375 768 2452 eodo,
786 2394 886 2439 nonne
902 2394 963 2456 per
984 2393 1067 2457 repe-
1120 2379 1189 2438 trus
1219 2375 1265 2439 ibi
1297 2375 1417 2441 subdit:
1456 2376 1550 2440 Vobis
1573 2378 1720 2458 primum
1749 2379 1842 2445 Deus
1874 2381 1963 2452 misit
1991 2383 2117 2463 filiumv

86 2466 276 2529 uenationem
287 2469 331 2527 est
347 2463 493 2527 introitus
511 2463 546 2526 iu
563 2460 878 2544 repnumeoeiorum?
908 2459 1067 2538 Baitero,
1119 2481 1222 2525 suum.
1267 2461 1312 2524 Et
1334 2461 1468 2526 Iudaeis
1492 2460 1619 2526 Paulus
1641 2464 1704 2528 ait:
1734 2465 1827 2530 Vobis
1842 2468 1988 2548 primum
2009 2489 2100 2550 opor-

90 2569 154 2632 pua
176 2551 248 2630 quis
266 2569 281 2612 e
297 2549 376 2614 coelo
397 2549 547 2626 nascitur,
571 2547 606 2610 in
624 2547 741 2612 eoelum
762 2548 866 2609 intrat.
901 2546 1067 2609 Intromus
1119 2548 1200 2611 lebat
1227 2546 1313 2628 loqui
1340 2567 1519 2611 sermonem.
1569 2547 1614 2612 Et
1638 2550 1732 2620 alibi:
1766 2550 1887 2619 Iudaeo
1903 2556 2099 2635 prirnnmet
2139 2586 2143 2594 ·

87 2654 171 2700 nune
191 2637 228 2699 in
242 2654 373 2718 repnmn
397 2632 530 2712 Obristi,
553 2654 615 2713 per
634 2632 728 2713 paen
750 2632 785 2695 in
802 2631 927 2712 spiritu,
950 2631 986 2695 in
1008 2651 1067 2712 puo
1122 2631 1250 2697 Graeco.
1296 2632 1433 2697 Iudaeos
1461 2633 1509 2697 ait
1534 2632 1660 2709 Paulus
1688 2638 1765 2700 sitos
1791 2658 1907 2719 prope,
1941 2645 1970 2703 et
1995 2645 2100 2722 pentes

2 2770 5 2775 <
88 2725 133 2786 est
171 2720 261 2785 iliius
299 2720 418 2803 plorioe
446 2718 667 2802 partioipotio,
702 2723 730 2781 et
762 2718 886 2781 iuterna
912 2719 948 2781 in
976 2715 1065 2781 uobis
1113 2717 1235 2797 procul.
1283 2717 1409 2799 Quoquo
1435 2719 1540 2798 modo,
1567 2720 1634 2784 sive
1653 2741 1771 2801 prope,
1800 2724 1865 2788 sioe
1882 2725 2000 2804 prend,
2028 2726 2102 2807 puis
2180 2724 2182 2728 ’

89 2805 208 2871 Obristi
229 2806 393 2889 repnautis
412 2805 531 2888 fruitio.
577 2803 742 2869 Intremus
764 2806 791 2868 et
812 2823 868 2883 per
887 2823 982 2885 spem,
1005 2803 1065 2867 soi·
1120 2804 1161 2867 sit
1177 2804 1278 2883 situs,
1305 2802 1368 2883 fide
1395 2809 1441 2868 est
1465 2805 1684 2885 accedendum,
1713 2813 1742 2871 et
1760 2806 1823 2886 fide
1852 2814 1896 2873 est
1918 2811 2100 2891 assumenda
2156 2845 2179 2887 ῃ

85 2891 155 2957 lieet
175 2912 262 2973 spem
281 2891 415 2954 motoris
434 2891 555 2974 pieriae
571 2895 684 2969 postea
705 2887 898 2953 revelandae.
935 2888 999 2953 Per
1019 2908 1066 2952 re·
1120 2888 1179 2954 illa
1206 2890 1341 2969 spiritus
1368 2890 1403 2953 in
1432 2889 1585 2971 baptismo
1606 2893 1795 2972 promissio,
1820 2898 1892 2974 post
1918 2894 2101 2962 debetorum

84 2978 313 3060 perorationem
342 2976 442 3040 estin
468 2975 556 3040 nobis
581 2995 654 3055 spes
682 2974 770 3052 oioa,
803 2979 839 3037 ut
865 2975 912 3038 ait
942 2973 1065 3038 Petrus.
1114 2975 1347 3054 poenitentiam.
1382 2974 1541 3040 Poetineat
1558 2982 1586 3042 te
1604 2978 1712 3060 ipitur‚
1739 2983 1857 3043 etoero
1880 2979 1956 3044 Iesu
1980 2980 2102 3048 Oliristi

88 3061 167 3144 Spes
187 3066 289 3126 autem
311 3062 384 3124 viva
411 3066 456 3125 est
483 3081 564 3142 puae
586 3062 653 3124 iam
675 3062 820 3126 sentitur:
852 3060 933 3125 siout
952 3060 1065 3142 foetus,
1117 3058 1181 3139 fide
1201 3060 1245 3125 ad
1266 3059 1454 3141 baptismmn
1476 3063 1591 3142 aooede,
1613 3068 1650 3127 ut
1672 3065 1812 3144 aeeipias
1829 3065 1945 3129 donum
1967 3067 2102 3147 spiritus

85 3148 204 3230 quiin
231 3152 318 3211 utero
346 3147 493 3226 sentitur,
527 3146 582 3210 dat
607 3166 694 3227 spem
720 3147 833 3210 oioorn.
887 3144 966 3226 Spes
991 3147 1065 3209 otoo
1120 3147 1235 3224 saneti,
1266 3147 1323 3210 tibi
1351 3147 1398 3210 ita
1419 3148 1583 3226 promissi.
1637 3149 1689 3212 Tu
1717 3169 1788 3212 aero
1814 3149 2016 3216 illusionibus
2042 3151 2101 3217 tibi

85 3238 137 3311 est,
160 3233 245 3297 etin
266 3231 356 3297 nobis
377 3232 444 3296 iam
461 3233 545 3310 vivit,
567 3232 648 3312 qnod
668 3251 842 3312 speramus.
877 3230 963 3295 Hine
976 3229 1066 3294 Pau·
1113 3231 1231 3310 places.
1279 3231 1535 3298 Proedestinatos
1563 3235 1614 3298 ais
1633 3232 1771 3313 infantes
1792 3234 1864 3299 dios
1886 3235 1933 3298 ita
1954 3241 2100 3315 mortuos,

85 3318 137 3383 ins
158 3338 228 3382 oum
248 3338 304 3398 spe
326 3318 389 3381 isto
407 3318 577 3400 eoniunpit‚
600 3320 798 3399 praesentem
824 3317 892 3382 ium
914 3336 980 3382 esse
1002 3317 1066 3380 eei-
1119 3317 1314 3396 impudenter
1341 3323 1392 3380 tuo
1420 3337 1505 3382 more
1530 3319 1633 3405 saeris
1655 3317 1787 3383 oooibus
1809 3318 1943 3384 abutens.
1953 3320 1981 3398 ²)
2027 3321 2099 3386 Imo
2117 3372 2131 3399 .,

85 3404 184 3467 miam
203 3403 339 3487 pieriam
360 3401 456 3484 (pr.
484 3409 526 3479 1).
574 3402 790 3495 Qupquomodo
812 3422 866 3468 nee
881 3422 942 3483 per
961 3402 1064 3483 fidem,
1119 3406 1148 3465 et
1168 3401 1355 3481 iustisieatos
1376 3420 1476 3466 oooas.
1516 3402 1562 3466 At
1583 3404 1619 3467 in
1639 3404 1742 3468 saeris
1765 3404 1866 3469 literis
1882 3407 2100 3485 praedestino·

85 3508 139 3553 nee
150 3509 212 3569 per
233 3508 319 3571 spem
334 3494 471 3570 possunt
490 3490 540 3553 tni
560 3488 699 3571 infantes
720 3489 848 3566 intrare,
870 3487 958 3570 neoi)
980 3508 1065 3570 repe·
1119 3486 1162 3550 tio
1192 3490 1266 3565 [pig.
1287 3492 1360 3564 616]
1390 3505 1452 3550 non
1479 3487 1609 3566 dieitur,
1639 3489 1704 3553 nisi
1732 3489 1770 3554 de
1797 3488 1996 3556 erodentibus.
2047 3492 2100 3556 Ab

85 3575 204 3638 neroni.
248 3573 292 3637 Et
313 3579 347 3638 tu
367 3575 423 3655 fur
444 3595 486 3654 es,
508 3574 642 3652 diotre,
665 3574 721 3655 qui
738 3593 788 3637 eos
809 3593 870 3636 non
891 3573 1081 3638 introduois·
1120 3577 1242 3637 aeterno
1270 3592 1331 3636 non
1357 3571 1440 3636 nidd
1466 3571 1557 3637 Deus
1585 3595 1761 3656 quenquam
1789 3577 1922 3654 iustum,
1949 3573 2013 3641 nisi
2036 3575 2099 3650 erb-

83 3660 284 3742 perediam,
306 3660 443 3726 videlieet
466 3680 526 3742 per
550 3661 666 3724 ostium
685 3659 769 3739 fidei.
818 3658 974 3740 Quomodo
989 3678 1065 3739 pos·
1119 3657 1245 3723 dentem.
1288 3656 1326 3722 Si
1347 3657 1426 3722 insti
1446 3657 1514 3721 iam
1535 3665 1615 3738 sunt,
1639 3659 1784 3725 Obristus
1804 3680 1865 3724 non
1887 3664 1970 3725 oenit
1991 3664 2034 3728 ad
2051 3684 2100 3738 νος

84 3751 159 3810 sunt
179 3745 223 3811 ad
235 3743 396 3810 Obristum
417 3746 531 3824 ooeori,
555 3746 611 3827 qui
632 3767 652 3809 a
675 3745 797 3809 Ioanne
819 3764 880 3808 non
895 3747 1065 3824 potuerunt
1119 3744 1254 3808 eandum
1276 3763 1341 3821 eos,
1375 3743 1431 3824 pui
1461 3763 1523 3808 non
1542 3746 1625 3809 venit
1647 3746 1689 3810 ad
1709 3746 1881 3812 meandum
1904 3749 2015 3827 iustos,
2043 3750 2100 3814 sed

78 3831 316 3914 praepararit.
345 3829 551 3912 Baptismum
580 3829 715 3895 Ioannis
743 3830 779 3893 in
807 3828 864 3893 bae
893 3849 929 3893 re
951 3849 1065 3912 parem
1113 3833 1291 3910 membres
1318 3828 1360 3893 ad
1383 3828 1615 3910 poenitentiam.
1670 3831 1736 3896 Res
1765 3838 1810 3897 est
1838 3833 1876 3896 de
1904 3833 1969 3898 solo
1998 3835 2097 3915 titula,

83 3922 118 3982 tu
137 3918 223 4000 fanis
244 3916 396 3998 baptismo
420 3915 548 3981 Obristi.
581 3915 628 3980 At
645 3914 779 3979 Ioannis
800 3913 975 3994 baptismus
997 3920 1064 3980 erat
1118 3915 1200 3996 quod
1227 3916 1294 3994 ais,
1309 3912 1534 3996 ‘obsipuaiiene
1561 3916 1620 3980 illo
1643 3917 1897 3999 poedobaptismi
1922 3920 1971 3983 tui
2001 3921 2098 4002 faeta,

80 4001 152 4069 lotio
174 4003 400 4068 emendationis
415 4002 506 4079 oilae,
529 4002 572 4067 ad
588 4005 788 4083 peecatorum
809 3999 1062 4084 veniam(More.
1111 4000 1267 4082 parrulos
1302 3999 1456 4082 ronterii)
1482 3999 1568 4080 filios
1594 4001 1667 4068 Dei.
1720 4002 1790 4066 Imo
1818 4004 1882 4084 pilii
1914 4010 1987 4069 sunt
2019 4008 2097 4084 irae,

83 4091 156 4153 3et
177 4090 254 4155 Lue.
276 4095 325 4168 1),
358 4089 401 4154 ad
422 4108 512 4168 pnem
530 4089 682 4152 oenientes
702 4085 925 4166 confitebantur
943 4107 977 4151 se
992 4107 1064 4167 peo-
1117 4086 1211 4151 donee
1232 4085 1428 4151 crediderint.
1475 4085 1635 4167 Nisibin
1661 4090 1726 4152 siut
1753 4089 1837 4168 irae,
1864 4088 1944 4169 fides
1965 4110 2015 4154 eos
2036 4108 2115 4156 non

3 4195 6 4200 ·
81 4179 198 4238 ratores
229 4172 357 4254 (Mane.
380 4173 426 4257 3).
493 4172 578 4257 Erpo
611 4171 786 4254 infantibus
818 4170 871 4236 ille
904 4173 1064 4238 convenire
1116 4170 1232 4253 faceret
1246 4177 1358 4252 postea
1380 4192 1418 4236 eu
1437 4172 1519 4252 filiis
1540 4173 1620 4247 irae,
1639 4175 1725 4255 filios
1738 4173 1817 4240 Dei:
1839 4179 1931 4255 atque
1952 4176 1998 4238 ita
2017 4174 2098 4254 tides

82 4277 145 4321 nou
160 4265 292 4340 poterat.
325 4259 443 4325 Iudaei
459 4259 596 4341 bisontes
613 4278 666 4322 neo
688 4258 891 4337 baptieorunt
912 4277 1062 4339 unquam,
1117 4256 1200 4322 nibil
1211 4258 1347 4339 eftieeret.
1368 4256 1495 4323 Paulus
1505 4277 1555 4322 eos
1566 4278 1678 4338 omnes,
1688 4259 1744 4339 qui
1749 4279 1812 4338 per
1823 4259 2012 4339 baptismum
2022 4265 2099 4326 suut
2183 4317 2185 4324 .
2214 4258 2219 4267 ’

84 4345 159 4420 [pag.
179 4350 254 4422 615]
282 4365 335 4410 nee
356 4345 447 4411 bodie
467 4345 641 4426 baptizant,
671 4343 726 4408 sed
748 4343 887 4421 adultos,
915 4345 1061 4423 quemad
1117 4361 1188 4406 eum
1201 4342 1323 4408 Obristo
1340 4345 1465 4423 mentm,
1487 4344 1533 4408 ait
1554 4362 1621 4408 esse
1642 4343 1834 4424 iustificatos,
1854 4343 1948 4426 idque
1970 4366 2009 4410 eu
2021 4366 2097 4428 pro·
2128 4421 2132 4430 ,

82 4427 209 4492 modum
230 4434 258 4492 et
280 4430 425 4494 Ioannes.
467 4430 722 4508 Promissiouem,
747 4430 811 4508 ais,
832 4429 951 4511 foetam
972 4428 1061 4493 nobis
1109 4429 1191 4509 pria
1209 4429 1280 4509 tide.
1314 4428 1417 4493 Filios
1434 4429 1498 4496 Dei
1519 4449 1585 4494 esse
1606 4430 1662 4506 ait,
1680 4428 1736 4509 qui
1757 4429 1954 4512 dediderunt
1973 4430 2097 4498 Obrista

82 4516 111 4577 et
136 4511 218 4592 filiis
239 4515 369 4592 nostris,
402 4519 431 4578 et
456 4516 591 4599 reliquis
618 4515 774 4595 omnibus,
803 4515 859 4597 qui
880 4513 967 4597 lonpe
988 4520 1062 4580 sunt
1118 4513 1201 4578 Iesu.
1245 4513 1372 4579 Horum
1402 4514 1544 4595 pitrbrnm
1573 4514 1743 4596 proprium
1770 4532 1836 4578 esse
1867 4517 1915 4580 ait
1947 4518 2123 4597 spiritmn‘

83 4597 168 4680 (Ao.
185 4597 238 4681 2).
290 4598 445 4678 Loquitur
465 4601 511 4664 ibi
534 4601 649 4667 Petrus
675 4602 712 4667 de
728 4601 938 4684 promissione
965 4601 1064 4682 spiri-
1115 4603 1286 4678 υἱοθεσίας,
1315 4601 1371 4681 qui
1398 4601 1531 4681 spiritus
1557 4599 1591 4662 in
1618 4599 1771 4680 baptismo
1793 4596 1901 4679 datur,
1930 4607 1958 4666 et
1979 4624 2017 4667 en
2038 4625 2095 4669 an·

82 4686 141 4764 tus,
164 4703 261 4766 quam
283 4704 321 4748 en
344 4677 428 4749 loebe
445 4686 525 4750 citat.
571 4685 609 4751 Si
630 4687 665 4750 in
686 4687 841 4769 baptismo
863 4691 908 4752 est
923 4687 1061 4769 promis-
1116 4685 1185 4753 ditu
1200 4683 1277 4764 delei
1298 4690 1350 4749 est.
1398 4685 1435 4749 Si
1456 4705 1552 4765 qnam
1571 4685 1605 4748 in
1621 4684 1770 4765 parvulis
1791 4687 1841 4750 vis
1864 4706 1929 4752 esse
1952 4687 2097 4771 obsipna·
2208 4762 2210 4767 ,

1115 4771 1242 4850 tionem,
1270 4789 1423 4834 mannum
1444 4769 1640 4849 impositione
1662 4776 1689 4832 et
1710 4772 1847 4836 oratione
1878 4791 1947 4836 oum
1972 4771 2096 4838 Obristo

1114 4862 1207 4921 utere.
1255 4855 1320 4920 Ora
1345 4874 1404 4936 pro
1431 4854 1492 4934 eis,
1518 4859 1553 4917 nt
1580 4856 1614 4917 in
1634 4875 1729 4919 suum
1750 4857 1872 4922 eoeleste
1893 4877 2022 4941 repnnm
2044 4878 2096 4924 eos
2163 4897 2165 4903 ·

150 4939 181 5075 b}
200 4948 298 5064 iinon.

150 5075 181 5143 3)
200 5076 420 5147 regenerationis.
945 5142 949 5149 ι
1185 5077 1215 5143 1)
1232 5076 1427 5146 promissionis.

150 5145 181 5209 4)
201 5153 237 5200 et.
1186 5146 1216 5211 2)
1235 5145 1363 5199 abuteris.

150 5211 181 5281 b)
199 5220 255 5269 tub
505 5271 506 5274 ,
729 5246 731 5248 ψ
1183 5213 1213 5280 3)
1233 5212 1345 5268 censeri.
