4786 5910
197 318 262 383 ece
887 266 890 273 ⁴
979 312 1062 390 >nu
1085 312 1307 380 annuant
1327 311 1412 378 nur
1687 388 1690 391 v
2146 317 2212 379 aco

197 506 347 573 cernitur
365 502 549 581 diversitas,
562 504 588 580 ¹)
609 522 711 585 quum
733 501 894 568 divinitus
915 501 959 567 sit
979 501 1046 567 illis
1066 500 1179 580 indita,
1231 501 1325 566 Deus
1346 499 1384 563 in
1405 499 1558 564 omuibus
1577 499 1735 578 inveniat,
1768 499 1833 563 uisi
1859 519 1941 581 quos
1967 498 2071 583 gratis
2099 500 2210 585 elegit

197 611 340 657 arcanae
361 589 450 653 illius
469 588 679 672 operationis,
702 609 768 671 qua
784 586 884 654 corda
901 587 988 672 regit
1003 607 1041 654 ac
1058 594 1179 666 movet,
1232 585 1319 651 Nam
1341 585 1471 663 caeteri,
1508 584 1625 667 inquit,
1647 583 1815 662 mortales,
1848 585 1905 667 qui
1927 605 1967 649 ex
1989 585 2053 649 iste
2072 606 2213 653 numero

147 678 153 687 ”
196 675 403 743 luculentum
424 681 477 740 θεῖ
497 674 673 757 specimen.
1232 691 1300 735 non
1322 679 1412 748 sunt,
1440 677 1473 734 st
1500 691 1543 735 ex
1570 669 1685 735 eadem
1707 669 1840 752 quidem
1868 689 1985 748 massa,
2015 690 2057 735 ex
2084 691 2149 754 qua
2176 679 2213 739 et

285 760 375 826 Hinc
397 767 485 826 certe
507 759 574 824 iam
602 759 756 842 colligere
777 766 967 842 promptum
987 765 1047 839 est,
1080 779 1180 841 quam
1232 755 1297 836 isti,
1326 754 1384 820 sed
1404 775 1488 821 vasa
1508 754 1578 819 uae
1599 755 1677 820 facti
1698 761 1787 831 sunt,
1814 755 1850 818 in
1872 755 2050 820 utilitatem
2072 777 2214 823 nascun-

197 846 298 910 inane
331 854 366 911 et
397 845 525 910 fluxum
552 845 597 909 sit
623 843 706 909 illud
726 842 859 909 divinae
891 844 1037 910 iustitiae
1069 851 1179 926 patro·
1232 848 1289 906 tur
1316 843 1465 906 istorum.
1509 840 1587 905 Non
1618 840 1706 905 euim
1741 861 1937 929 quemquam
1970 861 2084 906 eorum
2116 842 2214 909 Deus

198 930 321 996 ciuium
345 935 527 1009 [pag.187],
551 949 634 1013 quae
654 928 744 994 mala
763 936 850 1008 sunt,
878 949 947 993 non
969 929 1039 995 eius
1060 928 1179 995 veluu-
1231 933 1356 991 temere
1373 926 1557 992 acfortuito
1574 933 1672 1004 creat,
1691 932 1748 991 aut
1764 924 1842 1009 quid
1860 925 1900 990 de
1916 925 1983 991 illis
2000 927 2078 992 boni
2096 947 2213 1011 opere-

197 1021 275 1095 tate,
301 1015 359 1081 sed
380 1015 545 1097 permissu
569 1014 732 1080 duntaxat
752 1015 834 1079 fieri.
878 1014 1043 1097 Equidem
1086 1021 1179 1080 uate-
1231 1019 1288 1077 tur
1308 1013 1454 1097 ignorat:
1488 1032 1591 1094 quum
1619 1017 1653 1075 et
1678 1011 1740 1077 hcc
1766 1012 1874 1094 ipsum
1902 1011 2024 1081 bonum
2046 1021 2212 1096 oporatur,

198 1122 262 1167 nus
284 1100 373 1166 mala
395 1107 483 1180 sunt,
531 1122 594 1166 uae
617 1099 705 1164 malo
729 1101 838 1164 animo
860 1106 1053 1182 perpetrant
1098 1100 1180 1164 cmi·
1254 1097 1318 1162 uod
1339 1101 1376 1161 in
1397 1095 1445 1162 eis
1467 1096 1648 1162 humanam
1670 1105 1762 1162 creat
1782 1105 1946 1175 naturam,
1969 1104 2003 1162 et
2023 1119 2064 1163 ex
2086 1100 2135 1164 eis
2157 1119 2213 1164 or-

198 1207 268 1265 nes,
302 1193 341 1251 ut
362 1186 475 1251 statim
496 1122 626 1269 plenius
653 1206 827 1269 exponam,
854 1185 928 1250 Deo
950 1185 1087 1249 minime
1108 1185 1180 1269 pla-
1232 1119 1342 1248 dinem
1371 1182 1495 1248 ewculi
1521 1189 1666 1247 exornat.
1717 1181 1787 1249 Gur
1816 1181 1990 1248 formidine
2023 1191 2057 1248 et
2087 1205 2212 1269 pavore

198 1293 273 1338 cere
294 1272 413 1337 fateor:
436 1271 493 1337 sed
512 1269 600 1354 quod
616 1271 758 1336 otiosum
776 1291 815 1335 ea
831 1270 1021 1353 permittere
1037 1272 1179 1355 fingunt,
1231 1290 1321 1335 nunc
1355 1273 1430 1348 [pag.
1452 1273 1524 1345 189]
1555 1266 1654 1335 corda
1685 1268 1858 1333 hominum
1891 1275 2087 1349 consternet,
2121 1291 2213 1337 nuuc

198 1377 283 1440 quae
304 1357 469 1440 scriptura
495 1377 565 1422 ucn
591 1362 724 1420 tantum
752 1377 790 1421 eo
813 1355 943 1421 volente
975 1356 1034 1422 sed
1066 1363 1181 1422 autore
1221 1353 1376 1420 instruat
1397 1350 1543 1434 audacia,
1573 1373 1631 1418 our
1666 1354 1793 1419 auferat
1818 1353 1971 1442 spiritum
2000 1355 2211 1439 principibus,

197 1443 269 1508 fieri
292 1442 499 1525 pronunciat,
521 1442 621 1507 nimis
640 1440 795 1508 frivolum
815 1447 867 1506 est
888 1441 1055 1527 effugium.
1078 1441 1182 1508 Dedit
1232 1446 1266 1504 et
1283 1440 1471 1524 sapientum
1489 1439 1625 1504 canalia
1641 1439 1789 1518 infatuet,
1812 1460 1872 1504 cur
1888 1439 2006 1523 spiritu
2024 1447 2212 1524 temperau-

198 1528 262 1593 hcc
283 1525 452 1593 interdum
469 1528 680 1612 Augustinus
700 1534 850 1609 receptae
871 1525 1026 1610 loquendi
1045 1547 1180 1594 consue·
1232 1526 1297 1590 tiae
1320 1526 1421 1591 donet
1441 1523 1531 1604 alios,
1554 1524 1708 1609 spiritum
1728 1525 1901 1609 vertiginis
1929 1532 1963 1590 et
1989 1526 2110 1592 furoris
2137 1527 2213 1594 aliis

198 1611 322 1678 tudini:
350 1612 408 1678 sed
430 1634 531 1695 quum
553 1613 698 1696 pressius
718 1612 851 1692 insistit,
883 1621 918 1677 et
937 1613 1045 1697 magis
1067 1622 1181 1680 exacte
1232 1610 1399 1694 propinet:
1435 1631 1569 1676 causam
1598 1610 1772 1693 aliquando
1800 1618 1912 1676 uotam
1939 1617 1973 1675 et
2000 1612 2213 1697 conspicuam

198 1719 271 1764 rem
293 1698 469 1784 examinat,
491 1696 584 1762 nullo
605 1696 703 1762 modo
724 1698 860 1781 patitur,
893 1697 1060 1764 inlocum
1081 1699 1180 1764 actic
1232 1697 1388 1781 assignat.
1433 1693 1501 1761 Sed
1523 1697 1687 1762 occultum
1710 1695 1780 1761 eius
1801 1696 1961 1762 iudicium
1978 1695 2150 1777 dominari,
2173 1704 2213 1764 ut

198 1783 252 1849 nis
273 1784 524 1867 permissionem
549 1782 716 1849 substitui.
764 1783 842 1848 Non
869 1783 1010 1849 referam
1038 1784 1080 1850 ad
1107 1806 1180 1852 ver·
1232 1781 1421 1848 voluntates
1443 1802 1524 1864 quas
1545 1783 1655 1848 vuum
1682 1789 1734 1847 est
1762 1789 1944 1862 convertat,
1979 1802 2084 1866 aeque
2110 1805 2211 1867 appa·

197 1870 277 1935 bum
299 1871 410 1935 omnia
437 1889 520 1952 quae
547 1867 739 1934 haedere
767 1867 850 1933 libro
877 1875 993 1934 contra
1012 1869 1182 1935 Iulianum
1232 1874 1297 1932 ret:
1331 1865 1462 1951 quaudo
1495 1867 1679 1932 communis
1711 1867 1863 1933 omnibus
1899 1875 2020 1933 natura
2051 1876 2110 1948 est,
2143 1891 2212 1935 nou

197 1954 314 2042 quinto
348 1953 503 2038 disputat.
564 1953 759 2020 Clausulam
791 1974 955 2039 apponere
987 1956 1179 2034 sufficiet:²)
1232 1952 1356 2036 gratia:
1374 1958 1413 2017 ut
1426 1951 1490 2018 alio
1507 1951 1579 2019 loco
1596 1952 1843 2019 vereadmcuet
1859 1952 1947 2017 idem
1960 1960 2095 2020 sanctus
2110 1956 2171 2019 vir.
2186 1955 2211 2037 ¹)

196 2039 293 2105 Facit
315 2039 396 2105 haec
417 2040 511 2105 miris
544 2046 579 2105 et
605 2039 827 2105 ineffabilibus
848 2038 964 2118 modis,
999 2042 1056 2123 qui
1087 2043 1181 2108 novit
1318 2038 1411 2104 Haec
1432 2038 1534 2121 probe
1553 2045 1587 2104 et
1608 2037 1715 2104 sobrie
1736 2039 1904 2122 reputanti
1922 2039 2057 2104 minime
2074 2038 2212 2105 dubium

196 2126 286 2191 iusta
302 2123 423 2191 iudicia
440 2146 510 2205 sua,
529 2144 597 2189 uon
615 2124 721 2190 solum
739 2125 774 2189 iu
792 2124 981 2208 corporibus
998 2125 1179 2206 hominum,
1232 2123 1305 2202 erit,
1339 2142 1503 2189 summam
1531 2130 1565 2188 et
1591 2123 1803 2209 praecipuam
1830 2145 1941 2189 rerum
1963 2125 2112 2190 omnium
2134 2146 2212 2191 cau·

195 2210 377 2277 sedetiam
399 2210 435 2274 in
457 2209 610 2276 cordibus
633 2209 772 2293 operari.
795 2209 863 2291 Qui
880 2231 948 2275 nou
966 2211 1045 2277 facit
1062 2212 1180 2277 volun·
1232 2229 1303 2274 sam
1326 2229 1397 2275 esse
1418 2208 1485 2272 Dei
1507 2208 1722 2275 veluntatem.
1769 2207 1843 2291 Qua
1865 2209 1965 2274 etiam
1987 2210 2105 2275 notitia
2125 2211 2212 2276 frae-

194 2301 281 2362 tates
297 2295 418 2374 malas,
440 2296 499 2362 sed
517 2296 624 2360 utitur
641 2297 689 2361 eis
702 2302 741 2360 ut
756 2295 914 2361 voluerit:
937 2318 1039 2380 quum
1057 2297 1180 2381 aliquid
1231 2295 1306 2359 nari
1329 2302 1456 2359 mentes
1477 2301 1607 2360 nocuas
1628 2295 1791 2373 convenit,
1813 2316 1855 2360 ue
1876 2294 1952 2379 plus
1974 2316 2073 2378 quam
2091 2297 2140 2362 las
2160 2303 2213 2362 est

195 2382 306 2465 inique
327 2380 414 2447 velle
435 2403 502 2447 uon
524 2382 636 2464 pessit.
666 2380 709 2445 In
731 2380 872 2447 eundem
894 2402 1028 2447 sensum
1046 2381 1179 2468 alibi:⁸)
1231 2380 1420 2463 quaerendo
1441 2380 1702 2462 intemperanter
1723 2379 1905 2447 lasciviant
1950 2379 2083 2446 Durum
2103 2382 2211 2530 grimo

196 2464 380 2551 Scriptura,
403 2467 431 2531 si
451 2465 627 2551 diligenter
652 2466 835 2549 inspicitur,
861 2467 1005 2532 ostendit
1031 2488 1099 2533 non
1126 2488 1179 2534 so-
1232 2465 1342 2530 statim
1376 2463 1492 2530 auditu
1519 2465 1650 2531 videtur
1679 2464 1761 2531 illud
1784 2466 1972 2550 Augustini,
1981 2467 2011 2550 ²)
2038 2487 2101 2550 quo
2145 2468 2213 2533 Dei

196 2552 266 2617 lum
290 2551 393 2618 bonas
414 2551 587 2616 homiuum
611 2550 806 2631 voluntates,
840 2572 921 2635 quas
946 2552 957 2615 i
981 2574 1016 2618 se
1037 2553 1117 2620 facit
1138 2574 1180 2618 ex
1230 2551 1385 2616 voluntas
1406 2551 1451 2617 sit
1471 2571 1584 2616 rerum
1605 2551 1793 2618 necessitas.
1827 2551 1911 2616 Item
1935 2551 2019 2635 quod
2041 2550 2213 2637 subiicit⁸)

196 2637 302 2714 malis,
337 2644 371 2701 et
398 2637 500 2702 bonas
529 2658 548 2701 a
576 2657 612 2702 se
639 2637 751 2715 factas,
784 2637 820 2701 in
848 2644 941 2703 actus
1005 2659 1064 2703 uos
1087 2645 1122 2704 et
1142 2639 1178 2703 in
1231 2656 1272 2700 ex
1296 2635 1416 2702 lieandi
1436 2637 1553 2721 gratia,
1588 2636 1674 2721 quod
1709 2637 1757 2703 sic
1790 2656 1907 2703 causas
1933 2637 2104 2704 inferiores
2131 2658 2213 2704 ccu-

196 2728 365 2789 aeternam
388 2721 487 2804 dirigi
509 2722 630 2786 vitam:
654 2743 770 2788 verum
789 2722 890 2787 etiam
906 2722 980 2788 illas
998 2744 1083 2807 quae
1100 2745 1179 2790 ccn-
1231 2657 1352 2787 diderit
1371 2723 1465 2788 Deus
1493 2728 1532 2787 ut
1564 2742 1606 2787 ex
1639 2721 1705 2788 illis
1739 2742 1811 2788 csse
1839 2720 1931 2802 illud,
1967 2723 2060 2790 cuius
2092 2744 2213 2790 causae

196 2814 330 2872 servant
352 2807 475 2872 saeculi
496 2814 693 2886 creaturam,
715 2807 764 2872 it'a
781 2828 852 2873 esse
869 2808 906 2872 in
924 2807 990 2873 Dei
1005 2815 1177 2891 potestate,
1230 2814 1318 2886 suut,
1341 2807 1452 2890 possit,
1475 2806 1534 2873 sed
1555 2828 1622 2892 ncn
1643 2827 1778 2874 necesse
1800 2809 1858 2873 sit:
1892 2807 2025 2873 altiores
2047 2815 2159 2873 autem
2179 2815 2214 2873 et

196 2898 235 2957 ut
254 2912 310 2956 eas
331 2890 463 2974 quando
486 2891 637 2970 voluerit,
672 2899 706 2957 et
733 2914 797 2975 quc
823 2892 975 2973 voluerit,
1007 2895 1106 2960 faeiat
1127 2894 1178 2960 in-
1229 2900 1374 2958 remotas
1396 2893 1443 2960 sic
1461 2893 1497 2958 iu
1517 2912 1553 2958 se
1569 2892 1785 2970 absconderit
1807 2901 1846 2959 ut
1863 2914 1904 2959 ex
1922 2894 1969 2960 eis
1986 2915 2059 2959 esse
2078 2914 2213 2961 necesse

195 2976 329 3044 clinari:
355 2976 409 3043 vel
433 2974 475 3041 ad
496 2978 656 3044 beneficia
676 2976 871 3061 quibusdam
893 2978 1101 3060 praestanda,
1124 2980 1178 3047 vel
1230 2978 1283 3058 sit,
1306 2977 1394 3062 quod
1415 2999 1458 3044 ex
1479 2978 1547 3043 illis
1567 2979 1653 3059 fecit,
1676 2986 1715 3043 ut
1736 2999 1808 3045 esse
1852 2980 1945 3045 ossit:
1973 2977 2031 3046 sed
2053 2981 2213 3045 attentius

196 3062 239 3128 ad
260 3082 384 3146 poenas
414 3060 610 3147 quibusdam
641 3062 840 3148 ingerendas
863 3069 938 3143 [pag.
959 3068 1044 3145 188}
1089 3066 1178 3131 Tau-
1230 3085 1301 3129 rem
1323 3062 1542 3130 consideranti
1566 3065 1726 3147 asperitas
1747 3064 1805 3130 illa
1877 3065 1921 3130 ile
1942 3066 2101 3132 mitescet
2122 3065 2214 3130 Nam

196 3147 274 3213 dem
295 3147 468 3232 attexit:⁴)
489 3146 575 3229 Quis
596 3169 664 3213 non
686 3148 728 3214 ad
749 3150 814 3215 ista
840 3148 961 3215 iudicia
985 3152 1178 3218 contremis-
1232 3147 1319 3234 quod
1340 3148 1418 3215 alibi
1440 3148 1551 3229 tradit,
1560 3149 1591 3232 ⁴)
1618 3151 1680 3216 etsi
1702 3150 1812 3217 verbis
1835 3150 2012 3230 diversum,
2041 3172 2079 3216 re
2099 3157 2213 3216 tamen

195 3241 258 3312 cat,
281 3233 400 3317 quibus
421 3233 492 3317 agit
513 3232 607 3300 Deus
640 3233 741 3299 etiam
769 3235 805 3300 iu
833 3234 986 3302 cordibus
1013 3236 1179 3303 malcrum
1230 3242 1265 3300 et
1285 3255 1384 3300 sensu
1405 3246 1541 3318 prorsus
1562 3235 1650 3300 idem
1672 3242 1737 3302 est:
1760 3236 1847 3319 quod
1873 3242 1985 3302 tamen
2013 3234 2096 3301 nihil
2116 3235 2152 3300 in
2173 3256 2214 3302 se

195 3318 355 3403 quidquid
376 3319 459 3399 vult,
488 3318 630 3385 reddens
652 3320 700 3384 eis
722 3325 834 3386 tamen
855 3320 1037 3388 secundum
1059 3324 1179 3388 merita
1231 3320 1422 3386 offensionis
1444 3320 1599 3387 continet.
1655 3320 1767 3388 Habet
1799 3323 1835 3386 in
1867 3343 1903 3388 se
1934 3323 2008 3405 ipsc
2037 3325 2112 3400 [pag.
2136 3326 2215 3401 190]

195 3404 332 3471 eorum?
376 3405 506 3470 Iterum
537 3406 720 3489 scripturae
749 3407 947 3473 testimoniis
969 3407 1050 3473 satis
1072 3410 1178 3473 mani-
1230 3406 1325 3472 Deus
1346 3405 1553 3472 absconditas
1570 3407 1779 3490 quorundam
1799 3407 1963 3474 factorum
1985 3427 2108 3485 causas
2131 3427 2216 3490 quas

193 3490 316 3557 festum
338 3497 397 3571 est,
420 3492 550 3574 operari
570 3491 680 3557 Deum
702 3492 738 3556 in
760 3492 915 3559 cordibus
941 3493 1114 3559 homiuum
1136 3493 1179 3559 ad
1230 3492 1330 3558 rebus
1358 3491 1498 3557 conditis
1524 3513 1591 3558 nou
1617 3491 1772 3559 inseruit:
1808 3514 1864 3559 eas
1896 3492 2022 3576 implet,
2058 3513 2127 3557 non
2153 3491 2215 3558 illc

194 3576 402 3642 inclinandas
434 3597 548 3643 eorum
581 3578 768 3644 voluntates
800 3598 995 3663 quocunque
1024 3579 1177 3659 voluerit,
1231 3596 1329 3661 opere
1351 3577 1585 3661 providentiae,
1614 3598 1678 3662 quc
1705 3584 1842 3643 nabuas
1869 3578 2038 3646 substituit
2064 3585 2103 3643 ut
2130 3578 2212 3643 sint:

196 3662 266 3728 sive
288 3659 330 3726 ad
352 3661 440 3727 bona
470 3684 531 3746 pro
565 3683 625 3729 sua
646 3664 878 3743 misericordia,
912 3665 983 3732 sive
1016 3664 1058 3730 ad
1090 3664 1179 3731 mala
1230 3662 1289 3729 sed
1309 3684 1374 3746 quo
1399 3684 1455 3729 eas
1478 3662 1689 3728 administrat
1713 3670 1812 3747 prout
1832 3663 1984 3744 voluerit,
2012 3684 2093 3747 quas
2113 3670 2215 3746 prout

195 3766 255 3830 pro
277 3747 405 3812 meritis
424 3767 549 3827 eorum,
579 3747 701 3814 iudicio
734 3750 848 3833 utique
880 3770 950 3830 suo,
982 3750 1178 3836 quaudoque
1231 3748 1345 3828 voluit,
1368 3748 1524 3815 condidit.
1568 3747 1621 3814 Ibi
1649 3756 1701 3814 est
1727 3749 1844 3834 gratia,
1878 3771 1944 3834 qua
1969 3749 2055 3815 salvi
2088 3748 2212 3832 fiunt⁵)

197 3832 1052 3987 ffl'tbinliqiirlidltaliipibdiiii
1076 3837 1179 4005 iiiii
1229 3832 2215 4005 llitliiddtiiblssolmliibfflili'ilitlffiffi

199 4023 266 4068 non
288 4003 333 4066 sit
353 4002 510 4085 iniquitas
533 4002 621 4086 apud
643 4003 763 4069 Deum.
787 4004 991 4071 (iurantem
1013 3972 1179 4073 occultum
1230 4005 1445 4086 reconditum,
1468 4025 1568 4090 quam
1589 4025 1703 4072 earum
1723 4007 1853 4072 naturis
1874 4004 2051 4072 indiderit?
2095 4004 2214 4088 Atqui,

199 4086 394 4172 quandoque
432 4087 497 4153 Dei
536 4086 694 4155 iudicium
737 4110 809 4156 esse
851 4099 1094 4171 commemoret,
1138 4113 1181 4157 ex
1232 4091 1379 4156 omnium
1398 4110 1483 4173 quae
1504 4098 1674 4175 geruntur,
1706 4093 1813 4176 prima
1839 4112 1937 4159 causa
1963 4090 2038 4157 idec
2059 4098 2216 4156 censetur

198 4175 369 4258 superiore
395 4173 504 4258 local)
532 4173 674 4257 peteuda
703 4175 786 4241 ratio
818 4185 884 4243 est:
918 4176 974 4243 ubi
1007 4183 1180 4261 postquam
1232 4176 1305 4242 eius
1325 4175 1489 4257 voluutas,
1523 4177 1600 4260 quia
1629 4184 1768 4243 naturas
1794 4198 1815 4242 a
1843 4199 1879 4244 se
1905 4176 2054 4242 conditas
2076 4175 2215 4242 arbitrio

199 4261 330 4342 saepius
363 4268 498 4344 peccata
530 4260 698 4326 confessus
731 4268 783 4326 est
821 4282 893 4328 esse
929 4282 1059 4344 poenas,
1099 4284 1180 4346 quas
1232 4282 1292 4328 suo
1311 4261 1358 4326 ita
1379 4260 1475 4346 regit,
1505 4268 1544 4327 ut
1569 4268 1690 4330 cuncta
1708 4263 1880 4329 hominum
1901 4262 2093 4330 concilicet
2112 4262 2215 4328 actic-

199 4345 293 4410 Deus
314 4346 401 4410 iuste
417 4345 584 4428 prioribus
611 4347 754 4429 peccatis
780 4347 944 4432 rependit,
978 4345 1110 4415 tandem
1138 4349 1180 4415 ad
1232 4368 1292 4413 nes
1320 4347 1356 4412 in
1384 4347 1486 4412 linem
1514 4369 1534 4414 a
1561 4368 1597 4414 se
1616 4350 1802 4432 praefixum
1830 4346 1979 4414 destinet
2022 4348 2128 4412 Porro
2149 4347 2216 4413 hac

200 4429 284 4495 illud
305 4429 404 4496 altius
426 4430 596 4515 magisque
616 4432 822 4499 reconditum
845 4453 1003 4500 moenum
1023 4455 1180 4501 conscen-
1233 4432 1382 4498 doctrina
1412 4433 1563 4500 fraenum
1590 4434 1685 4501 nobis
1711 4435 1811 4514 iniici,
1843 4433 1928 4517 quod
1962 4434 2023 4501 sub
2050 4429 2216 4498 modestia

201 4513 264 4581 dit:
300 4515 387 4598 quod
420 4517 542 4583 iustam
575 4516 777 4585 exercendae
803 4519 873 4584 irae
899 4540 978 4586 suae
1007 4521 1181 4587 materiam
1232 4538 1294 4584 nos
1311 4518 1485 4599 contineat,
1507 4540 1581 4606 uon
1592 4519 1758 4586 immerito
1776 4519 1862 4585 dixi:
1885 4519 1963 4604 quia
1978 4518 2078 4585 nimis
2096 4516 2215 4583 absur-

269 4803 301 4874 1)
318 4803 393 4887 4dd,
434 4821 470 4863 us
491 4807 534 4863 les
559 4823 612 4863 uus
636 4814 700 4889 scut
715 4808 786 4879 fcls,
810 4809 852 4865 les
869 4815 962 4865 crues
980 4817 1025 4866 stu
1044 4809 1116 4876 ides,
1138 4809 1181 4866 les
1304 4807 1334 4874 1)
1352 4807 1394 4888 De
1413 4807 1504 4862 verbis
1521 4807 1641 4876 apostoli
1659 4823 1739 4890 serm.
1757 4807 1800 4863 11.

201 4880 294 4930 autes
312 4889 399 4946 sigua,
429 4890 460 4931 es
478 4881 571 4932 autes
589 4875 708 4947 θάνιεει,
735 4878 777 4933 les
794 4884 888 4934 aumas
905 4894 1011 4949 paves,
1040 4894 1071 4933 es
1088 4884 1181 4935 autes
1302 4875 1333 4941 2)
1352 4874 1411 4931 Iub.
1429 4875 1446 4928 6
1464 4875 1498 4930 de
1515 4874 1614 4931 deust.
1633 4877 1669 4933 ad
1684 4876 1755 4933 liter.
1773 4893 1834 4947 cap.
1853 4875 1896 4934 lb.

202 4942 386 5080 legsrffap.
404 5009 448 5093 3..
686 5081 692 5094 .
1302 4943 1334 5075 dl
1352 4944 1420 5067 bid)
1428 4941 1584 5093 918diusdem
1603 5015 1695 5082 operis
1712 5028 1773 5082 cap.
1790 5011 1832 5067 18.
1944 5082 1951 5095 ³

270 5076 302 5140 8)
320 5079 362 5134 De
379 5086 467 5148 mata
485 5088 514 5134 et
530 5079 615 5137 libero
633 5079 728 5136 arbitr.
746 5081 782 5136 ad
799 5081 910 5138 Valent
928 5096 988 5151 cap.
1003 5079 1046 5136 20.
1303 5079 1334 5148 b)
1354 5080 1401 5135 Sec
1419 5080 1479 5162 acle
1490 5096 1576 5162 prece
1624 5122 1630 5134 .
1658 5080 1788 5137 θεεῖθνεθ
1805 5096 1910 5137 cnm:
1930 5088 1991 5137 smt

270 5144 301 5206 ll
320 5147 359 5201 Ga
378 5187 386 5202 .
403 5146 447 5202 al.
1304 5147 1334 5216 6)
1354 5149 1461 5205 Iacent
1476 5149 1521 5204 luc
1540 5147 1585 5204 Ga
1605 5164 1655 5205 ae.-
1683 5149 1713 5205 Ie
1735 5166 1804 5207 vous
1827 5151 1901 5220 pria,
1924 5165 1976 5220 que
1999 5154 2179 5207 trouveracu
2197 5152 2217 5207 i

273 5211 304 5280 b)
322 5164 382 5270 Lib.
399 5221 497 5271 contra
513 5215 584 5272 Iulia
600 5215 618 5270 b
635 5232 696 5287 cap.
714 5216 740 5273 3.
1234 5216 1323 5274 redire
1341 5234 1377 5274 en
1395 5233 1441 5275 ces
1457 5219 1549 5276 mets?
