4604 5896
81 310 141 373 cet
836 303 1099 373 mansuum
1120 286 1340 373 salivam.
2036 316 2104 382 eos

80 495 230 581 personis
251 513 352 560 unam
369 493 417 558 illi
435 489 667 559 subtraheret?
691 491 848 558 Pluribus
867 494 1064 559 excutienda
1115 487 1290 573 concludit,
1313 496 1398 562 sieut
1415 497 1545 562 animae
1566 504 1601 562 et
1617 498 1727 582 angeli
1744 500 1830 564 finnt
1849 501 1985 583 spiritus
2006 523 2108 571 sano·

80 603 148 653 non
169 588 221 646 est
242 578 482 645 absurditatum
495 577 639 659 farrago,
663 597 748 660 quae
769 586 885 661 sponte
903 579 1064 645 lectorum
1115 588 1185 658 tus,
1215 589 1352 646 manent
1379 591 1492 648 tamen
1520 584 1651 648 animae
1677 590 1711 649 et
1737 585 1862 668 angeli,
1889 586 1936 651 sic
1962 587 2102 655 verbum

81 666 248 734 mentibus
277 685 313 730 se
340 665 478 748 ingeret.
522 664 634 728 Deum
665 670 761 728 vocat
791 672 860 728 tres
893 686 1063 748 personas,
1115 665 1192 731 lieet
1220 685 1302 730 caro
1323 668 1395 742 fiat,
1424 689 1560 734 manere
1589 677 1701 734 tamen
1721 669 1759 732 in
1779 690 1839 735 sua
1861 679 1989 736 natura
2033 674 2103 739 Hic

80 774 179 837 quem
211 751 330 832 ubique
361 748 560 817 invisibilem
586 770 658 814 csse
686 748 779 828 dicit,
812 749 878 814 nisi
909 750 995 833 quod
1029 753 1064 814 in
1115 772 1169 816 me
1191 756 1323 817 tacente
1340 752 1455 818 vident
1472 753 1610 819 lectores
1627 762 1829 837 quantopere
1845 758 1959 838 pravis
1976 757 2103 825 deliriis

81 838 182 906 verbo
203 835 363 918 corporali
386 844 419 900 at
439 834 563 901 visibili
584 855 757 918 personam
780 833 942 901 duntaxat
963 858 1064 901 unam
1116 836 1299 901 oblectatus
1319 837 1419 902 fuerit
1440 838 1495 903 hic
1516 838 1651 919 nebulo,
1679 861 1763 922 qnae
1785 848 1888 905 totam
1910 841 1987 907 fidei
2009 845 2102 926 puri-

80 922 228 1008 protulit.
273 925 348 1000 [pag.
375 926 447 999 190]
470 921 544 986 Iam
572 922 600 986 si
627 927 695 985 tres
721 940 879 1003 personas
908 923 1066 987 sustinuit
1116 930 1220 986 tatem
1246 923 1427 987 inficerent.
1471 925 1599 990 Lucem
1627 946 1717 991 nune
1744 947 1765 990 a
1790 947 1932 1009 persona
1959 935 2101 1010 separat,

81 1008 251 1084 Christus,
281 1014 410 1090 patrem
438 1013 472 1071 et
498 1005 651 1088 spiritum
679 1013 835 1088 sequetur
864 1028 931 1071 non
953 1009 1064 1072 minus
1117 1025 1218 1089 quum
1240 1007 1316 1090 plus
1334 1009 1456 1074 centies
1473 1009 1674 1093 ipsissimam
1692 1010 1790 1076 faciat
1806 1032 1990 1094 personam.
2021 1015 2101 1080 Ille-

82 1115 153 1161 esse
170 1113 294 1176 passos,
315 1112 416 1174 quam
433 1091 538 1157 filium
556 1091 629 1156 Dei.
665 1089 720 1155 Ad
738 1090 829 1168 haec,
852 1093 880 1156 si
902 1093 937 1156 in
960 1093 1065 1157 filium
1116 1101 1266 1157 mentum
1284 1112 1373 1157 nnnc
1394 1093 1431 1157 in
1449 1095 1551 1160 verbo
1572 1095 1721 1175 includit,
1743 1117 1846 1179 quum
1863 1097 1942 1163 alibi
1960 1099 2102 1165 verbnm

80 1180 238 1263 competit
259 1177 387 1261 Christi
408 1198 563 1259 persona,
592 1175 753 1260 quomodo
781 1177 956 1242 conveniet
977 1176 1065 1262 qnod
1117 1176 1161 1242 sit
1193 1177 1241 1241 illi
1274 1199 1358 1260 pura
1389 1177 1503 1244 deitas.
1548 1179 1676 1246 Verum
1709 1182 1738 1246 si
1771 1182 1911 1265 singulis
1939 1184 2101 1265 insistam,

81 1265 162 1332 alibi
181 1265 303 1329 fatetur
324 1263 458 1328 realiter
490 1262 661 1329 distinctos
695 1261 787 1327 esse?
832 1263 976 1346 Liquere
998 1265 1065 1328 iam
1116 1261 1229 1327 nullus
1251 1263 1315 1328 erit
1336 1263 1422 1329 finis.
1457 1263 1592 1330 Interea
1609 1265 1704 1330 nobis
1726 1267 1845 1349 peribit
1867 1269 2009 1352 simplex
2052 1272 2100 1335 ie·

81 1350 239 1428 arbitror,
272 1370 374 1433 quam
401 1348 514 1413 multis
541 1347 647 1413 modis
676 1368 712 1412 se
739 1346 954 1431 implicuerit,
982 1347 1064 1413 dum
1116 1348 1194 1412 tatis
1216 1347 1374 1427 doctrina,
1397 1349 1484 1432 qnod
1503 1352 1640 1417 verbum
1663 1373 1795 1418 carnem
1813 1362 1961 1419 nostram
1983 1355 2019 1419 in
2043 1377 2101 1421 ue·

81 1457 158 1504 suos
180 1457 308 1501 errores
330 1433 566 1500 contumaciter
584 1433 771 1513 defendens,
795 1454 838 1499 ex
859 1454 926 1499 una
947 1436 1064 1500 absur·
1116 1434 1168 1497 rit.
1213 1432 1374 1499 Concidet
1394 1435 1495 1500 etiam
1516 1435 1608 1515 illud,
1630 1436 1803 1503 Christum
1820 1447 1960 1504 naturae
1982 1440 2100 1507 huma-

81 1521 184 1587 ditate
205 1520 291 1586 elabi
312 1526 429 1586 tentat
1115 1538 1178 1582 nae
1200 1526 1352 1600 respectu
1374 1541 1489 1585 semen
1510 1542 1581 1586 esse
1598 1522 1765 1588 Abrahae.
1801 1522 1956 1589 Occurrit
1979 1523 2100 1593 Serve-

167 1606 215 1674 Ut
245 1612 380 1672 excuset
407 1603 493 1688 quod
526 1604 626 1686 impie
659 1611 800 1688 nugatus
833 1612 892 1680 est,
926 1603 1063 1669 verbum
1103 1613 1179 1679 tus,
1202 1625 1240 1669 ac
1258 1604 1322 1668 Dei
1344 1625 1472 1687 quoque
1494 1628 1607 1672 semen
1626 1608 1735 1674 vocari
1753 1609 1898 1674 affirmat
1914 1610 2102 1677 Malachiae

81 1693 184 1759 fuisse
212 1692 384 1776 geniturae
413 1690 539 1756 Christi
572 1710 700 1767 semen,
729 1689 817 1753 unde
845 1691 984 1754 formata
1014 1696 1065 1755 est
1117 1693 1146 1766 2,
1170 1698 1203 1754 et
1225 1710 1361 1838 germen
1381 1689 1456 1769 Dei,
1478 1691 1598 1756 Esaiae
1620 1700 1650 1757 4.
1695 1693 1879 1760 Malachiae
1900 1715 2013 1761 semen
2036 1697 2103 1762 Dei

81 1778 153 1845 eius
180 1799 271 1857 caro,
300 1776 389 1842 locos
414 1796 474 1841 suo
496 1795 588 1839 more
609 1775 645 1839 in
672 1795 806 1839 sensum
827 1774 1064 1840 ahenissimum
1117 1781 1211 1841 vocat
1241 1775 1412 1858 egitimum
1429 1777 1632 1860 propagandi
1649 1779 1779 1862 generis
1797 1779 1937 1845 humani
1954 1780 2101 1848 modum.

82 1862 262 1946 detorquet.
306 1862 398 1927 Dicit
417 1861 535 1927 Esaias
559 1861 625 1942 (45,
646 1863 696 1936 8):
713 1859 843 1924 ¹Rorate
865 1859 946 1924 coeli
968 1859 1064 1926 desu-
1115 1859 1233 1924 Esaias
1260 1861 1474 1943 magnificum
1501 1862 1569 1927 fore
1597 1864 1734 1928 Domini
1762 1885 1900 1948 germen
1927 1868 2101 1948 promittit,

81 1970 156 2033 per,
180 1955 214 2013 et
241 1947 346 2013 nubes
368 1946 485 2029 pluant
506 1946 681 2023 iustitiam,
704 1945 872 2028 aperiatur
895 1954 1001 2025 terra,
1031 1953 1064 2010 et
1116 1946 1254 2009 florente
1287 1946 1382 2028 regni
1415 1951 1513 2011 statu.
1579 1948 1669 2014 Hinc
1702 1949 1863 2015 iudicium
1894 1952 1966 2029 fiat,
2000 1973 2102 2034 quam
2226 2024 2233 2033 ,

81 2035 247 2120 germinet
268 2032 417 2099 salutem.
463 2030 568 2112 Quasi
598 2030 652 2096 hic
676 2051 783 2095 sermo
801 2030 866 2095 Dei
887 2052 1063 2114 praepara·
1116 2030 1232 2094 dexter
1254 2043 1287 2095 et
1305 2030 1392 2095 fidus
1414 2032 1595 2113 scripturae
1621 2035 1666 2098 sit
1687 2035 1865 2117 interpres,
1888 2036 1943 2118 qui
1966 2057 2101 2100 carnem

81 2121 187 2186 tivum
209 2119 386 2201 suiipsius
407 2139 520 2183 semen
543 2122 693 2192 vocetur,
721 2137 759 2182 ac
779 2137 846 2181 non
867 2115 976 2199 potius
999 2117 1064 2183 huc
1116 2114 1242 2182 Christi
1268 2114 1345 2181 inde
1373 2116 1498 2200 colligit
1523 2123 1596 2196 [pag.
1621 2124 1694 2197 192]
1723 2141 1764 2184 er
1792 2120 1886 2185 verbi
1915 2119 2127 2187 substantia.

81 2204 197 2270 tendat
218 2204 371 2287 precatio,
395 2211 432 2269 ut
453 2205 546 2268 Deus
568 2201 730 2267 iustitiam
752 2210 785 2266 et
806 2202 947 2267 salutem
969 2224 1063 2267 suam
1115 2220 1187 2266 esse
1208 2200 1362 2284 genitam.
1409 2201 1508 2283 Quod
1529 2201 1583 2268 hic
1611 2214 1748 2270 excusat
1770 2205 1929 2271 coaluisse
1950 2205 2017 2270 Dei
2039 2228 2101 2271 na·

81 2312 141 2374 per
162 2297 267 2356 totum
284 2289 447 2355 mundum
465 2286 636 2353 diffundat.
670 2287 761 2352 Alibi
778 2286 897 2352 Esaias
919 2293 985 2365 (55,
1010 2288 1062 2370 10)
1115 2295 1225 2351 turam
1247 2306 1322 2351 oum
1340 2286 1484 2365 bomine,
1508 2296 1547 2352 ut
1568 2289 1638 2354 sine
1660 2290 1851 2355 confusione
1868 2291 1986 2355 unitur
2007 2291 2101 2356 carni

36 2437 39 2441 ,
82 2376 221 2443 verbum
239 2375 303 2441 Dei
319 2375 451 2459 pluviae
468 2381 646 2457 comparat,
665 2393 749 2456 quae
767 2379 891 2437 terram
907 2373 1062 2457 irrigans,
1115 2372 1240 2451 anima,
1270 2372 1398 2437 utinam
1427 2372 1544 2438 saltem
1565 2374 1613 2439 ita
1634 2374 1802 2440 moderate
1824 2375 1982 2458 loquutus
2004 2377 2099 2442 foret.

81 2482 156 2529 eam
177 2460 365 2526 foecundat:
389 2466 427 2524 ut
446 2460 570 2525 scirent
592 2457 721 2534 Iudaei,
745 2456 831 2540 quod
854 2457 894 2522 de
916 2460 1063 2540 ipsorum
1116 2455 1184 2523 Sed
1211 2457 1252 2522 ab
1281 2457 1342 2522 hoc
1369 2458 1467 2542 longe
1494 2458 1739 2525 dissentaneum
1762 2474 1811 2525 θεῖ
1834 2460 1921 2543 qnod
1943 2463 2034 2543 prius
2057 2485 2100 2527 ex

81 2547 307 2629 redemptione
325 2546 490 2629 pollicitus
512 2552 584 2608 crat
606 2544 713 2620 Deus,
741 2544 878 2609 minime
899 2544 967 2610 fore
989 2545 1063 2608 irri-
1116 2543 1278 2626 Apologia
1305 2543 1493 2608 citavimus:
1518 2543 1767 2624 Quodammodo
1800 2547 1886 2611 facta
1922 2555 1974 2612 est
2006 2548 2100 2611 verbi

82 2641 162 2698 tum.
208 2630 297 2712 Quid
331 2632 393 2696 hoe
425 2629 467 2695 ad
497 2630 660 2695 humanae
694 2629 728 2692 in
756 2628 889 2693 Christo
923 2638 1063 2694 naturae
1087 2567 1091 2722 1
1114 2629 1150 2691 in
1173 2647 1305 2693 carnem
1328 2629 1506 2694 conversio.
1550 2630 1646 2709 Item,
1669 2630 1756 2713 qnod
1779 2631 1918 2696 verbum
1940 2632 2003 2697 Dei
2027 2652 2101 2698 cce·

82 2716 351 2802 generationem?
418 2715 589 2782 Christum
622 2713 775 2778 Psalmus
810 2719 850 2777 70
864 2715 897 2793 ¹),
933 2715 1063 2797 pluviae
1116 2714 1197 2780 leste
1230 2735 1319 2779 nune
1353 2716 1387 2778 in
1420 2723 1511 2779 terra
1543 2716 1588 2780 sit
1620 2716 1693 2799 ipsa
1715 2716 1842 2782 Christi
1870 2735 1957 2782 caro.
2001 2718 2100 2796 Item,

82 2804 297 2886 comparatio
314 2808 448 2883 pratum
465 2808 634 2866 exsectum
646 2798 792 2875 stillanti,
816 2797 902 2864 unde
922 2800 970 2866 vis
989 2822 1063 2884 ger·
1115 2798 1202 2881 quod
1222 2800 1427 2883 evangelista
1452 2799 1562 2865 tradat
1583 2822 1619 2867 se
1640 2802 1793 2866 manibus
1815 2802 1967 2885 palpasse
1992 2803 2102 2887 ipsam

81 2888 232 2954 minandi
253 2887 399 2972 prodeat
435 2887 487 2951 De
509 2886 644 2951 salutari
668 2884 795 2951 Christi
817 2887 941 2950 virtute
963 2885 1065 3034 logni·
1117 2885 1208 2950 verbi
1231 2885 1463 2962 substantiam,
1493 2887 1616 2969 pagina
1641 2891 1710 2951 122.
1756 2889 1803 2952 Et
1823 2887 1904 2953 falso
1920 2888 1945 2973 ¹)
1968 2886 2102 2971 quidem

81 2983 152 3053 tur,
187 2993 271 3057 quae
299 2993 334 3039 se
361 2973 397 3037 in
431 2977 537 3036 totum
566 2970 721 3036 ecelesiae
747 2991 863 3052 corpus
891 2969 996 3035 diffun
1021 2978 1063 3037 et.
1116 2971 1210 3036 citari
1228 2970 1467 3054 evangelistam
1485 2969 1595 3037 dicere
1612 2972 1823 3056 supersedeo:
1848 2973 1926 3056 quia
1947 2995 2037 3040 nunc
2061 2973 2102 3039 de

82 3057 192 3139 Quam
210 3065 418 3142 praepostere
436 3078 514 3141 ergo
531 3056 573 3121 ad
590 3055 716 3122 Christi
733 3076 909 3139 personam
931 3058 1065 3122 restrin-
1116 3057 1251 3122 confusa
1270 3056 1428 3121 mixtione
1450 3076 1547 3141 agere
1570 3058 1652 3121 mihi
1674 3058 1805 3123 sufficit

81 3143 193 3228 gitur?
229 3145 277 3208 Ilt
297 3152 410 3209 tamen
431 3141 530 3226 paulo
553 3151 634 3225 post,
653 3141 783 3206 Davido
800 3151 834 3205 et
851 3141 950 3206 Esaia
972 3143 1064 3208 testi·
1203 3141 1341 3209 Decima
1362 3149 1457 3207 sexta
1478 3144 1656 3226 propositio
1678 3142 1754 3209 licet
1771 3164 1838 3208 non
1859 3143 2015 3208 mollierit
2033 3146 2100 3209 fer·

80 3230 142 3297 bus
165 3231 322 3309 confisus,
353 3228 527 3294 victoriam
549 3227 610 3292 sibi
632 3235 772 3310 arrogat.
816 3224 914 3306 Quod
936 3228 972 3292 in
993 3228 1063 3294 loeo
1115 3249 1207 3292 ream
1230 3225 1362 3293 Servati
1384 3227 1536 3306 frontem,
1572 3229 1643 3293 eius
1680 3239 1789 3293 tamen
1822 3229 1986 3313 flagitium
2018 3230 2100 3294 satis

80 3315 240 3381 Iohannis
257 3315 396 3380 verbum
414 3314 516 3396 accipi
534 3314 634 3378 iactat
651 3334 710 3395 pro
729 3333 806 3377 voce
825 3313 937 3394 patris,
958 3334 1063 3397 nuga·
1116 3320 1229 3396 aperte
1262 3313 1395 3377 detexit.
1452 3311 1568 3392 Quum
1600 3313 1768 3395 apostolus
1804 3312 1953 3378 homines
1989 3315 2025 3377 in
2060 3335 2099 3380 eo

81 3401 203 3465 terium
236 3406 295 3466 est.
350 3400 439 3464 Nam
471 3399 698 3464 testimonium
732 3396 858 3463 Christi
894 3397 930 3462 in
964 3418 1063 3463 carne
1116 3399 1261 3481 praefert
1291 3398 1426 3481 angelis,
1467 3395 1554 3480 quod
1586 3419 1700 3463 semen
1728 3396 1884 3462 Abrahae
1919 3400 2100 3482 assumpsit

81 3485 238 3568 patefacti
263 3486 430 3551 Iohannes
458 3484 498 3549 ab
525 3491 659 3548 aeterno
696 3482 753 3546 illo
783 3503 934 3548 sermono
972 3485 1062 3566 petit,
1116 3484 1281 3560 Christus,
1313 3483 1451 3546 minime
1483 3483 1660 3548 obscurum
1693 3492 1743 3547 est
1771 3483 1824 3548 vel
1850 3481 1988 3548 dubium
2016 3485 2098 3566 quin

83 3569 155 3653 qui,
184 3569 298 3635 eodem
320 3578 420 3647 teste,
450 3591 525 3635 caro
552 3570 658 3634 factus
680 3577 739 3634 est
784 3566 882 3648 Quod
905 3570 933 3633 si
956 3589 1063 3634 sermo
1116 3577 1319 3650 assumptam
1340 3566 1506 3650 intelligat
1527 3589 1547 3631 a
1568 3568 1703 3634 Christo
1732 3567 1905 3633 hominum
1933 3578 2097 3634 naturam.

82 3663 135 3720 est
155 3656 262 3721 factus
279 3676 364 3731 caro,
387 3676 560 3739 perperam
572 3653 731 3720 Servatus
749 3653 851 3718 alium
870 3674 941 3718 θεεθ
959 3675 1063 3739 nuga-
1117 3653 1207 3736 Quid
1227 3662 1340 3717 autem
1362 3652 1542 3718 Servatus?
1572 3651 1772 3735 Quanquam
1793 3654 1962 3718 hominem
1982 3654 2100 3720 Chris·

83 3750 146 3805 tur.
177 3741 411 3806 Commeatum
429 3739 563 3824 suum2)
582 3740 677 3804 nobis
695 3738 843 3803 obtrudit
861 3760 903 3802 ex
920 3739 1063 3822 Dialogo
1116 3748 1188 3805 turn
1222 3736 1379 3804 concedat
1414 3759 1513 3802 carne
1537 3740 1693 3804 vestitum
1727 3759 1807 3819 esse,
1840 3739 1948 3804 locum
1984 3748 2100 3806 tamen

83 3835 200 3910 2pag.
225 3830 301 3890 266:
326 3832 400 3906 [pag.
432 3829 506 3905 191]
536 3825 583 3890 Ut
616 3825 759 3908 penitius
791 3823 957 3907 intelligas
984 3825 1063 3906 quid
1117 3826 1206 3890 huno
1228 3823 1323 3889 aliter
1349 3823 1417 3888 vult
1441 3825 1569 3906 exponi,
1592 3822 1679 3905 quod
1701 3845 1769 3888 non
1790 3825 1918 3890 venerit
1941 3824 2100 3891 Christus

82 3912 126 3977 sit
147 3932 224 3976 earo
246 3913 377 3987 factum,
399 3919 434 3976 et
453 3919 615 3994 quatenus
636 3910 677 3975 ab
700 3930 737 3973 eo
756 3908 887 3973 differat
907 3909 992 3992 quod
1015 3917 1064 3975 est
1115 3910 1250 3995 angelos
1276 3908 1482 3986 liberaturus,
1511 3908 1569 3974 sed
1597 3916 1791 3992 recepturus
1813 3909 1855 3974 ad
1878 3931 1913 3975 se
1935 3910 2098 3977 homines.

82 3998 175 4061 carni
195 3997 343 4075 unitum,
365 3997 431 4061 tria
452 4004 531 4061 sunt
552 3997 610 4061 tibi
632 3996 667 4059 in
690 3993 792 4060 verbo
819 3995 1064 4075 consideranda,
1116 3995 1214 4060 Nunc
1244 3995 1378 4058 simulat
1409 4005 1585 4078 utramque
1611 3995 1917 4077 interpretationem
1940 3996 2098 4079 recipere.

82 4082 168 4158 idea,
201 4082 401 4146 elementum
438 4090 472 4146 et
497 4081 564 4146 lux.
620 4080 769 4145 Verbum
799 4087 960 4161 quatenus
993 4090 1065 4145 erat
1115 4081 1221 4163 Atqui
1253 4101 1367 4145 veram
1400 4087 1434 4144 ot
1464 4081 1644 4162 genuinam
1678 4089 1792 4163 aperto
1824 4079 1984 4164 repudiat.
2051 4082 2101 4145 Et

82 4167 227 4234 hominis
250 4167 336 4246 idea,
366 4189 424 4232 seu
453 4187 592 4249 persona
614 4180 647 4230 ot
668 4165 916 4248 praefiguratio,
945 4164 1065 4231 dicitnr
1116 4188 1206 4232 nunc
1228 4187 1354 4244 rursus,
1389 4166 1482 4247 quasi
1510 4165 1644 4231 collecto
1671 4167 1792 4243 animo,
1825 4186 1982 4248 praesens
2004 4165 2100 4230 verbi
2208 4212 2209 4218 κ

82 4272 159 4316 caro
186 4253 324 4330 laetum,
353 4261 387 4317 et
413 4252 507 4336 quasi
533 4252 568 4315 in
596 4272 728 4316 earnem
749 4250 965 4332 personaliter
987 4272 1064 4317 con·
1116 4261 1246 4334 tempus
1268 4250 1350 4315 mihi
1370 4249 1520 4329 obiectat,
1554 4250 1647 4332 quasi
1668 4251 1783 4316 doceat
1804 4249 1968 4332 apostolus
1990 4249 2100 4332 quoti·

83 4338 227 4409 cessisse.
271 4337 313 4401 ln
340 4338 533 4402 elementari
561 4358 703 4419 qnoque,
732 4357 790 4401 seu
819 4335 1063 4417 superelemcn·
1116 4336 1170 4402 die
1191 4337 1313 4402 assumi
1335 4335 1496 4400 homines.
1526 4334 1629 4416 Quasi
1651 4356 1730 4400 vero
1752 4333 1794 4400 ad
1816 4334 1923 4399 solum
1940 4334 2100 4400 Abrahae

83 4423 146 4485 tari
174 4423 308 4487 seminis
336 4423 521 4489 substantia
554 4422 691 4488 verbum
725 4428 777 4485 est
806 4418 903 4484 homo
931 4422 1062 4500 factum,
1116 4443 1222 4505 genus
1245 4430 1357 4504 pateat
1378 4421 1460 4486 haec
1482 4422 1598 4504 gratia.
1629 4420 1736 4502 Quasi
1758 4420 1859 4485 etiam
1880 4419 1942 4484 sub
1961 4419 2099 4487 Christo

82 4507 161 4590 quia
189 4509 259 4573 eius
288 4508 451 4573 elementa
481 4520 560 4572 sunt
587 4506 800 4590 corporaliter
826 4505 1064 4588 quodammodo
1115 4507 1223 4590 capite
1244 4527 1312 4571 non
1333 4505 1531 4589 colligantur
1553 4505 1663 4589 angeli
1687 4506 1723 4568 in
1745 4505 1925 4588 perfectam
1947 4505 2097 4590 gloriam.

81 4593 170 4659 facta
190 4594 298 4659 earnis
320 4593 496 4670 elementa,
519 4602 552 4658 et
573 4591 787 4676 spiritualiter
804 4592 942 4657 animae.
972 4590 1063 4672 Qua·
1115 4592 1185 4658 Nec
1207 4592 1317 4658 obstat
1339 4589 1430 4657 verbi
1453 4597 1595 4672 tempus:
1623 4591 1700 4673 quia
1722 4590 1801 4655 satis
1823 4589 1940 4654 tritum
1962 4601 2022 4670 ast,
2044 4612 2100 4656 res

82 4696 180 4744 tenus
200 4700 278 4745 vero
305 4689 378 4744 erat
397 4679 535 4744 verbum
559 4678 702 4744 essentia
723 4677 820 4753 lucis,
850 4675 970 4743 dicitur
992 4698 1064 4744 car·
1114 4679 1213 4762 ipsas,
1236 4676 1416 4759 dequibus
1438 4676 1578 4741 habetur
1599 4696 1716 4754 sermo,
1740 4675 1832 4758 quasi
1848 4684 2041 4758 praesentes
2061 4677 2102 4740 in

82 4764 136 4828 nis
167 4763 325 4829 materiae
358 4765 502 4842 unitum,
535 4772 574 4828 ut
604 4772 712 4829 totum
743 4761 871 4845 plasma
901 4763 945 4828 sit
978 4785 1064 4829 unus
1116 4761 1261 4828 medium
1283 4762 1394 4828 statui.
1445 4761 1628 4826 Contentus
1663 4767 1751 4827 carte
1786 4781 1919 4826 omnem
1945 4761 2016 4826 eius
2049 4760 2103 4827 rei

83 4848 196 4929 homo,
225 4857 259 4915 et
286 4870 353 4914 una
374 4849 439 4915 Dei
465 4868 549 4915 caro.
595 4847 742 4913 Tandem
763 4846 886 4930 pagina
907 4856 1063 4932 sequente
1116 4848 1354 4915 dubitationem
1376 4845 1508 4930 tollit.²)

155 5071 184 5132 1)
204 5070 281 5124 Besa
298 5077 323 5124 ct
340 5070 427 5125 Amet.
445 5070 545 5125 babent
562 5068 604 5123 76.
640 5071 667 5125 L
699 5069 774 5131 eva,
792 5069 818 5124 6.

153 5137 184 5202 2)
202 5139 277 5193 Ponr
293 5139 355 5208 plus
373 5139 462 5208 ample
481 5138 647 5194 satisfaction
667 5140 673 5152 ”
702 5155 772 5194 nous
790 5145 845 5195 met
863 5146 995 5196 enatant
1012 5153 1064 5193 ane
1187 5136 1216 5203 1)
1236 5135 1316 5190 Haec
1332 5135 1431 5191 desum
1447 5136 1479 5188 ia
1493 5133 1592 5204 gallico
1609 5149 1695 5205 usquc
1712 5133 1751 5190 ad
1764 5134 1845 5202 finem
1859 5134 2013 5204 pericopae.

83 5213 161 5262 autre
180 5209 298 5263 resverie
309 5208 417 5267 sienne.
669 5280 672 5289 .
1185 5204 1217 5272 2)
1235 5203 1308 5259 Add.
1332 5205 1451 5261 Passons
1470 5203 1540 5260 donc
1558 5209 1645 5260 cutte.

1726 5287 1892 5343 ·a·
