4786 5910
162 294 226 357 313
924 294 1408 364 PRAEDES'PINA'PIONE.
2110 299 2173 363 314

159 501 202 567 po
281 533 289 560 ,
324 503 383 547 cur
410 481 459 545 ita
484 481 635 560 voluerit,
669 481 776 549 maius
797 482 925 566 >aliquid
953 484 1084 567 quaeris
1112 490 1146 548 et
1198 484 1435 550 exordiendum
1475 490 1549 563 [pag.
1592 489 1666 563 115]
1706 505 1777 551 esso
1816 494 2006 553 constanter
2043 507 2175 572 semper

162 568 246 635 sub'
284 567 336 633 ius
357 565 424 631 Dei
446 568 632 633 voluntate:
661 567 748 651 quod
773 569 917 634 inveniri
939 591 1005 635 non
1027 576 1143 653 potest.
1197 569 1308 649 docui,
1338 577 1435 653 atque
1457 568 1555 633 hodie
1578 569 1686 647 docco,
1718 571 1790 636 iure
1822 571 1859 636 in
1891 580 1998 637 morte
2031 573 2173 656 relinqui

162 654 362 736 Compescat
394 653 498 736 igitur
531 673 566 718 se
598 653 746 719 humana
778 655 955 735 temeritas,
994 662 1027 720 et
1059 654 1145 738 quod
1197 675 1311 719 omnes
1334 655 1498 739 reprobos,
1522 655 1579 738 qui
1599 656 1635 719 in
1645 655 1756 721 Adam
1778 659 1897 723 mortui
1920 664 1999 722 sunt
2021 678 2059 723 ac
2081 657 2173 723 dam·

161 745 314 815 nonest,
337 746 552 820 nequaerat:
580 760 622 803 ne
645 739 736 819 forte,
760 739 845 823 quod
868 749 928 820 cst,
955 762 1023 806 non
1051 742 1144 806 inve·
1197 740 1282 804 nati:
1316 741 1388 806 iure
1421 742 1542 824 perire,
1577 742 1632 823 qui
1660 748 1780 807 natura
1812 752 1891 808 sunt
1923 744 1991 808 irae
2018 743 2092 807 filii:
2125 745 2174 808 ita

160 825 240 890 niat.
294 823 385 888 Vere
413 823 475 889 hoo
496 825 715 908 Augustinus,
749 827 803 891 cui
832 827 1019 910 subscripsi.
1076 823 1144 891 Sed
1196 826 1322 890 nemini
1345 847 1479 892 oausam
1501 846 1588 906 esse,
1612 845 1671 891 our
1692 825 1732 891 dc
1754 827 1856 893 nimio
1878 830 1941 894 Dei
1964 828 2073 913 rigore
2093 849 2174 911 que-

162 912 203 976 ab
225 910 278 976 his
302 908 410 975 verbis
438 909 523 974 nihil
551 909 799 976 dissentaneum
827 913 975 988 continet
996 913 1145 995 superior
1196 919 1303 976 ratur:
1349 910 1479 995 quando
1524 919 1653 976 reatum
1697 914 1732 976 in
1775 932 1811 977 se
1855 933 1969 980 omnes
2008 914 2173 979 inclusum

161 996 219 1061 illa
252 995 430 1061 sententia:
465 993 563 1076 Quod
596 997 661 1061 Dei
693 996 847 1062 voluntas
880 998 1002 1081 optima
1038 996 1081 1060 sit
1110 1004 1144 1063 et
1196 1005 1335 1080 gestant.
1381 995 1478 1078 Quod
1511 998 1540 1062 si
1573 997 1614 1062 ad
1642 999 1784 1080 primum
1813 999 1980 1064 hominem
2009 1000 2173 1078 veniatur,

162 1083 359 1165 aequissima
378 1082 527 1145 omnium
549 1103 631 1165 quae
653 1083 768 1147 statuit
789 1082 979 1148 moderatio.
1195 1083 1300 1162 illum,
1323 1104 1424 1165 quum
1445 1084 1577 1167 integer
1598 1091 1728 1148 creatus
1750 1085 1843 1163 foret,
1866 1093 1983 1168 spontc
2001 1083 2171 1150 cecidisse:

250 1165 410 1232 Eiusdem
434 1175 484 1232 est
505 1168 632 1233 farinae
655 1168 720 1233 alia
741 1168 892 1234 obiectio:
915 1168 1086 1251 Reprobos
1102 1169 1143 1234 ab
1196 1188 1233 1234 ao
1256 1168 1332 1233 indo
1354 1169 1476 1233 factum
1499 1189 1577 1248 esse,
1600 1175 1639 1232 ut
1660 1168 1723 1233 sibi
1745 1176 1779 1233 et
1796 1171 1866 1235 suis
1884 1171 2023 1235 exitium
2039 1171 2174 1254 propria

162 1253 274 1320 clectis
297 1273 383 1337 nego
406 1252 548 1318 discerni
581 1253 649 1318 ullo
676 1255 786 1319 meriti
818 1254 942 1338 proprii
975 1264 1142 1337 respectu:
1196 1253 1293 1336 eulpa
1311 1254 1529 1320 accersiverlt.
1552 1253 1624 1318 Iam
1644 1256 1705 1319 etsi
1718 1257 1848 1320 nonnisi
1867 1256 1989 1321 sciente
2003 1263 2102 1339 atque
2124 1258 2172 1322 ite
2271 1262 2280 1283 ”

162 1341 237 1425 quia
257 1338 325 1403 Dei
347 1339 453 1422 gratia
483 1338 656 1422 adoptione
679 1340 795 1423 dignos
817 1340 925 1418 iaciat,
955 1360 1021 1404 non
1048 1340 1143 1405 invo—
1195 1337 1367 1404 ordinante
1385 1341 1457 1404 Deo
1480 1338 1596 1405 cecidit
1613 1338 1730 1418 Adam,
1753 1362 1852 1424 seque
1874 1350 1906 1406 et
1927 1348 2076 1424 posteros
2097 1363 2173 1425 per-

161 1427 245 1491 niat:
287 1429 326 1488 ut
363 1442 460 1506 saepe
499 1423 645 1506 loquitur
679 1425 897 1523 Augustinus.
944 1424 1035 1490 Alibi
1058 1445 1142 1508 nego
1196 1423 1292 1488 didit:
1305 1426 1588 1507 ¹)minimetamen
1600 1424 1635 1488 id
1646 1426 1699 1491 vol
1711 1427 1751 1490 ad
1764 1426 1940 1491 levandam
1951 1428 2021 1492 eius
2030 1427 2171 1512 culpam,

161 1510 318 1575 iniuriam
340 1509 411 1573 fieri
434 1509 590 1591 reprobis,
613 1510 691 1593 quia
712 1510 804 1594 digni
827 1520 906 1576 sunt
923 1512 978 1593 qui
995 1518 1141 1592 pereant.
1195 1510 1247 1575 vel
1263 1509 1423 1575 adDeum
1437 1511 1575 1576 crimine
1585 1510 1820 1594 implicandum
1832 1513 1917 1578 iacit.
1931 1510 2071 1596 Semper
2082 1513 2171 1577 enim

161 1597 226 1662 Hic
238 1594 265 1677 ¹)
301 1615 335 1660 se
369 1595 523 1677 expansis
557 1595 618 1659 alis
640 1595 845 1660 tumultuose
870 1597 970 1661 iactat
991 1595 1141 1680 Pighius,
1195 1595 1256 1660 hoo
1277 1594 1502 1678 spectandum,
1525 1596 1611 1678 quod
1632 1598 1839 1677 rectitudine,
1862 1617 1959 1680 quam
1983 1620 2003 1662 a
2025 1599 2097 1664 Deo
2119 1620 2172 1664 ao·

162 1678 248 1765 qnod
270 1701 375 1762 neque
396 1701 450 1745 me
471 1681 579 1763 ipsum
598 1679 792 1764 intelligam,
815 1702 918 1763 neque
934 1681 1143 1746 meminerim
1195 1688 1343 1763 ceperat,
1374 1690 1490 1764 sponte
1518 1703 1553 1747 se
1581 1683 1740 1765 privarit,
1771 1693 1888 1766 sponte
1915 1705 1950 1749 se
1975 1692 2110 1768 peccato
2139 1691 2173 1748 et

161 1766 241 1851 quid
263 1786 283 1830 a
304 1785 358 1830 me
380 1765 474 1848 prius
496 1765 620 1831 dictum
647 1775 755 1831 esset..
787 1766 873 1831 Mihi
906 1789 984 1832 voro
1017 1769 1052 1831 in
1078 1767 1142 1832 de·
1196 1764 1340 1831 Satanae
1362 1766 1489 1832 addixit
1509 1767 1544 1832 in
1567 1770 1770 1847 servitutem,
1800 1777 1915 1852 sponte
1932 1771 1968 1832 in
1981 1770 2118 1834 exitium
2137 1790 2172 1835 se
2211 1831 2222 1839 .

161 1853 307 1918 tensione
329 1850 471 1915 multum
493 1852 669 1919 vorborum
690 1852 797 1917 facere
825 1851 905 1917 adeo
928 1873 1045 1935 operae
1067 1874 1142 1937 pre·
1194 1852 1407 1936 praecipitem
1428 1851 1525 1917 dedit.
1569 1853 1647 1919 Una
1668 1856 1837 1918 excusatio
1859 1851 2061 1920 obtenditur:
2085 1854 2172 1938 quod

162 1939 245 2003 tium
264 1958 330 2001 non
349 1935 492 2014 ridetur,
511 1944 548 2001 ut
565 1939 678 2020 paucis
696 1958 823 2020 quoquo
842 1939 1003 2022 attingere
1021 1939 1140 2022 pigeat.
1194 1958 1215 2001 a
1239 1936 1311 2002 Doo
1340 1937 1508 2003 decretum
1532 1948 1617 2016 erut,
1646 1961 1711 2003 non
1734 1939 1880 2022 potuisse
1902 1940 2056 2022 effugere.
2104 1938 2172 2005 Sed

161 2023 209 2091 Ut
241 2023 322 2089 alios
349 2023 442 2086 Deus
474 2022 549 2086 aliis
580 2023 754 2106 praeferat,
789 2031 827 2087 ut
849 2023 923 2088 aliis
954 2024 1142 2106 praeteritis
1194 2021 1236 2086 ad
1263 2030 1392 2088 reatum
1426 2024 1507 2088 satis
1540 2045 1702 2107 superque
1735 2024 1922 2089 voluntaria
1954 2026 2171 2110 transgressio

162 2108 437 2192 aliosaligat,non
450 2108 672 2173 exhominum
688 2107 856 2192 dignitate,
869 2109 1141 2194 veliudiguitatc,
1194 2108 1324 2174 sufficit.
1376 2108 1491 2191 Neque
1521 2111 1611 2174 enim
1643 2110 1776 2192 propria
1802 2111 2013 2193 genuinoque
2045 2110 2171 2192 peccati

161 2194 284 2278 pendet
296 2194 482 2259 discrimen.
505 2193 597 2277 Ergo
610 2193 728 2258 falsum
740 2202 799 2274 est,
814 2193 931 2279 dignos
944 2205 1078 2261 aeterno
1089 2195 1141 2260 in·
1193 2213 1292 2258 causa
1329 2201 1380 2259 cst
1419 2214 1576 2259 arcanum
1616 2195 1681 2259 Dei
1725 2195 1912 2260 consilium:
1958 2193 2016 2259 sed
2056 2202 2171 2278 aperta
2252 2251 2258 2260 .

162 2280 264 2345 teritu
285 2280 442 2362 reprobos
464 2299 545 2344 esse.
570 2284 644 2358 [pag.
661 2284 734 2357 114]
754 2281 804 2346 Ac
821 2281 848 2345 si
867 2281 976 2364 priore
994 2281 1141 2364 membro
1192 2279 1337 2344 hominis
1373 2280 1532 2345 voluutas.
1584 2279 1705 2345 Merito
1738 2278 1827 2362 apud
1860 2287 2006 2346 veterem
2039 2288 2170 2363 poetam

160 2387 226 2431 non
248 2366 343 2430 fieret
357 2364 527 2429 hominum
548 2366 748 2448 comparatio
770 2366 915 2444 interae,
939 2374 974 2430 et
995 2365 1141 2450 dignitas
1193 2365 1319 2430 ridetur
1347 2365 1450 2431 stulta
1475 2364 1614 2431 Medeae
1643 2366 1862 2448 querimonia:
1896 2365 2035 2431 Utinam
2063 2387 2106 2430 ne
2133 2365 2170 2428 in

159 2473 226 2516 uon
244 2451 422 2516 referretur
441 2449 481 2515 ad
500 2450 589 2515 vitae
606 2451 802 2533 praemium:
821 2451 1013 2517 insecundo
1030 2460 1141 2518 autem
1192 2470 1326 2516 nemore
1348 2451 1441 2516 Pelio
1463 2471 1576 2517 caesae
1603 2451 1771 2516 securibus
1795 2450 1988 2516 cecidissent
2011 2450 2170 2534 abiegnae

159 2537 307 2602 membro
329 2555 397 2600 non
420 2535 566 2618 aequalis
592 2536 739 2601 omnium
764 2536 905 2602 conditio
927 2544 1139 2604 statueretur.
1192 2535 1234 2600 ad
1257 2544 1380 2601 terram
1402 2538 1519 2602 trabes.
1563 2535 1760 2602 Prodiderat
1786 2536 1845 2601 illa
1866 2536 2024 2619 patriam,
2047 2536 2169 2602 furioso

159 2622 264 2701 Adde,
296 2620 385 2706 quod
407 2623 624 2706 Augustinus,
659 2643 759 2704 quum
793 2623 913 2688 alicubi
946 2623 1139 2706 scripsisset,
1193 2620 1339 2686 advenae
1361 2629 1396 2687 et
1421 2622 1525 2707 ignoti
1546 2622 1690 2688 hominis
1719 2641 1831 2687 amore
1853 2629 2010 2705 correpta.
2055 2620 2170 2703 Quum

159 2708 284 2772 nemini
305 2727 453 2790 unquam
475 2706 575 2792 digno
597 2707 734 2773 salutem
755 2707 908 2774 defuisse:
931 2710 967 2772 in
986 2708 1055 2774 suis
1073 2711 1140 2774 Re·
1192 2706 1254 2772 sibi
1275 2705 1432 2789 perfidiae
1459 2715 1493 2774 et
1521 2707 1679 2773 barbarae
1701 2706 1905 2773 crudelitatis
1928 2712 2004 2786 [pag.
2027 2712 2101 2786 116]
2126 2708 2170 2772 sit

160 2792 409 2858 tractationibus
419 2793 448 2876 ²)
465 2793 512 2857 ita
524 2800 694 2875 temperat,
714 2800 750 2856 ut
763 2813 862 2875 opera
873 2793 1062 2872 excludens,
1082 2814 1138 2860 vo·
1191 2793 1334 2870 conscia,
1357 2813 1460 2874 quum
1481 2793 1703 2875 impudicitiae
1724 2794 1888 2877 flagitium
1911 2814 1983 2857 eam
2006 2793 2169 2858 constrin-

159 2880 280 2945 cationi
312 2879 378 2943 Dei
418 2880 581 2963 gratuitae
620 2877 814 2962 dignitatem
846 2879 928 2944 forat
960 2889 1137 2964 acceptam.
1191 2887 1263 2960 gat:
1292 2876 1429 2943 ridiculo
1457 2900 1491 2943 se
1514 2878 1554 2942 ad
1578 2880 1763 2945 occasiones
1790 2879 1903 2962 procul
1926 2887 2070 2943 remotas
2092 2900 2169 2944 con-

160 2963 227 3032 Sed
249 2966 352 3030 instat
374 2962 482 3029 adhue
494 2963 646 3048 Pighius,
670 2963 788 3047 dignos
809 2965 880 3029 flori
902 2966 1049 3041 interitu,
1072 2986 1138 3031 non
1191 2962 1339 3047 vertit.²)
1381 2963 1479 3027 Intus
1516 2964 1594 3028 mali
1626 2965 1679 3029 sui
1718 2985 1850 3029 causam
1885 2985 1988 3047 quum
2021 2965 2170 3029 inveniat

159 3051 312 3127 inveniri,
340 3051 368 3115 si
391 3048 523 3132 quidem
542 3071 657 3115 verum
680 3057 731 3115 est
754 3049 840 3133 quod
868 3048 976 3129 docco,
1006 3059 1138 3117 aeterno
1190 3048 1297 3127 homo,
1320 3048 1398 3131 quid
1421 3049 1558 3115 circuire
1580 3050 1721 3132 prodest,
1744 3059 1782 3114 ut
1804 3071 1876 3116 eam
1899 3051 1935 3115 in
1958 3049 2048 3114 coelo
2071 3071 2170 3133 quae·

158 3135 224 3202 Dei
252 3136 381 3219 placito,
409 3135 501 3200 cuius
524 3136 608 3200 ratio
631 3156 696 3200 non
718 3143 865 3221 apparet,
893 3135 1074 3203 destinatos
1096 3137 1138 3202 ad
1191 3133 1265 3197 rat?
1309 3133 1427 3199 Palam
1460 3135 1496 3198 in
1530 3156 1567 3200 eo
1601 3143 1739 3219 apparet
1771 3136 1883 3219 culpa,
1919 3133 2004 3218 quod
2036 3156 2171 3218 peceare

158 3229 298 3287 mortem
319 3220 467 3303 assequi
488 3226 636 3302 pereunt.
681 3219 886 3304 Respondeo,
909 3223 974 3287 tria
991 3222 1046 3290 hio
1067 3245 1138 3289 csse
1191 3219 1340 3285 voluerit.
1386 3219 1456 3285 Our
1474 3222 1511 3283 in
1533 3220 1615 3286 coeli
1637 3219 1737 3305 adyta
1759 3241 1996 3304 prorumpens,
2019 3222 2053 3284 in
2075 3220 2170 3304 laby-

158 3305 408 3373 consideranda:
443 3307 550 3390 primo
583 3313 752 3370 aetornum
775 3304 839 3371 Dei
867 3307 1138 3389 praedestinatio-
1190 3304 1341 3369 rinthum
1364 3326 1399 3370 se
1421 3305 1603 3388 demergit?
1638 3304 1836 3389 Quanquam
1859 3312 1898 3370 ut
1915 3326 1974 3388 per
1991 3306 2170 3370 immensas

158 3413 247 3468 nem,
281 3411 346 3474 qua
378 3391 418 3456 dc
446 3398 514 3455 toto
536 3411 658 3474 genere
680 3390 835 3471 humano,
868 3399 902 3456 et
934 3392 974 3459 de
997 3394 1138 3479 singulis
1191 3388 1345 3474 ambages
1368 3389 1556 3475 vagando⁸)
1579 3389 1733 3456 deludere
1761 3413 1796 3457 se
1821 3391 1970 3456 homines
1997 3396 2168 3468 conentur,

159 3476 348 3542 hominibus
358 3475 436 3558 quid
458 3477 606 3545 futurum
628 3483 716 3542 esset
737 3478 864 3556 statuit,
887 3485 1064 3562 antequam
1086 3501 1138 3546 oe·
1189 3496 1361 3557 nunquam
1382 3476 1429 3539 ita
1447 3497 1481 3541 se
1500 3476 1768 3559 obstupefacient,
1791 3477 1871 3559 quin
1890 3496 2022 3541 sensum
2042 3476 2169 3557 peceati

160 3561 294 3629 uidisset
315 3560 434 3641 Adam,
467 3562 568 3626 fixam
602 3568 636 3625 et
668 3559 831 3627 decretam
861 3563 975 3628 luisse:
1009 3563 1137 3645 deinde,

158 3646 270 3714 Adam
307 3647 426 3729 ipsum,
465 3667 524 3730 pro
561 3645 751 3713 defectionis
790 3667 869 3712 suae
900 3650 1027 3729 merito,
1067 3671 1138 3716 esse

159 3732 260 3798 m⁰fli
281 3730 462 3833 addictum:
497 3739 671 3830 P9⁸lr⁰m⁰r
705 3732 742 3796 in
770 3733 841 3798 eius
868 3733 935 3798 iam
962 3731 1082 3818 perditi
1105 3743 1139 3800 el
1260 3763 1290 3831 1)
1309 3779 1338 3818 se
1358 3775 1392 3818 ue
1411 3770 1440 3817 et
1476 3770 1581 3818 ceteros
1598 3763 1717 3831 perdidit
1733 3764 1809 3817 obed
1825 3779 1844 3816 a
1879 3763 1968 3816 alliso.

160 3818 325 3903 desperatl
370 3838 487 3883 creona
509 3840 557 3884 s1o
579 3817 769 3883 damnatam
796 3839 871 3884 esse
895 3825 998 3884 totam
1020 3841 1137 3904 proge-
1259 3831 1290 3898 2)
1308 3780 1418 3887 Alludc‘t
1436 3780 1475 3886 a}
1491 3847 1586 3886 ocrem
1603 3831 1673 3885 daos
1690 3846 1723 3884 ea
1738 3779 1940 3885 Ebuitdhdec
1958 3832 2126 3900 superstites,
2144 3837 2171 3886 et

159 3906 258 3983 11qu¹
289 3911 328 3969 ut
384 3924 452 3983 ene,
486 3924 566 3986 quos
586 3903 663 3969 inde
685 3904 829 3988 gratuito
855 3903 956 3987 eligit,
991 3905 1138 3988 adoptio.
1190 3902 1475 3966 coadunatorum,
1499 3900 1630 3967 Varrone,
1652 3899 1831 3968 Quinttls'ouo,
1854 3899 2006 3961 Ρτίοοιοοο,
2030 3899 2167 3967 laudatos,

159 3991 211 4054 nis
235 3991 358 4055 honore
381 3989 543 4074 dignetur.
595 3989 726 4055 Horum
758 3989 844 4053 nihil
877 3990 931 4055 vel
965 3991 1137 4070 somniavi,
1188 3984 1428 4104 zmffilgff
1438 3968 1822 4093 d‘zlffagrff'fflmmffl}
1834 3968 1886 4105 gg?
1900 3966 2045 4106 m&
2062 3969 2167 4103 {aba

159 4076 212 4141 vel
234 4076 402 4140 fabricavi.
447 4074 563 4157 Neque
585 4075 647 4140 hoc
669 4076 781 4160 agitur
808 4076 843 4140 in
872 4078 1066 4159 praesentia,
1099 4084 1139 4141 ut
1189 4109 1231 4163 „q
1246 4108 1440 4163 mmm„

159 4161 299 4245 siugulis
317 4159 494 4244 probandis
511 4161 676 4225 insistam:
700 4159 785 4243 quod
804 4181 905 4261 supra
924 4162 1038 4227 fecisse
1055 4162 1139 4227 mihi
1344 4177 1453 4232 Utinam
1470 4192 1503 4229 ne
1521 4176 1548 4228 in
1565 4190 1674 4230 nemore
1693 4174 1768 4229 Pelio
1788 4175 1927 4230 securibus

159 4245 282 4312 videor.
327 4247 474 4310 Tantum
504 4245 659 4311 diluenda
681 4254 731 4312 est
746 4246 859 4331 Pighu
881 4248 1054 4326 calumnia,
1083 4249 1139 4331 qui
1346 4244 1433 4299 Cam
1452 4242 1593 4298 cecidisset
1611 4244 1723 4311 abiegna
1740 4243 1774 4296 ad
1791 4249 1893 4297 terram
1911 4244 2012 4298 nabes.

160 4331 201 4396 de
232 4353 287 4396 mo
320 4339 477 4414 tanquam
511 4331 618 4396 decies
649 4333 736 4399 victo
770 4332 910 4416 superbe
947 4333 1139 4416 triumphat,
1193 4313 1344 4436 mom
1361 4311 1855 4451 'Jggfflgff‘ffioeffiafbwfflga
1880 4311 2168 4436 (ffiafzffiffm

160 4418 252 4583 3¹²²&
276 4417 358 4482 h⁹¹⁰⁰
379 4416 472 4482 ΜΗΘ
494 4416 591 4516 ¹¹¹⁰}10
613 4418 780 4517 9⁰n⁰sslari
802 4419 890 4482 inter
912 4439 947 4483 ⁸0
969 4428 1099 4520 queant.
1111 4420 1140 4504 Β)
1194 4450 1329 4504 deecmt:
1355 4450 1378 4504 Il
1400 4449 1531 4504 introduit
1554 4465 1607 4503 uns
1631 4449 1764 4518 paillardc
1793 4448 1850 4502 fille
1875 4448 1937 4503 d'uu
1955 4448 2014 4518 Roy
2041 4449 2167 4517 laquelle,

194 4522 274 4567 uum
315 4501 356 4566 de
393 4502 689 4586 praedestlnattone
724 4524 831 4569 sermo
868 4504 1015 4584 habetur,
1062 4504 1140 4570 lude
1194 4525 1284 4573 estant
1301 4517 1441 4581 embraste
1464 4516 1542 4571 d’une
1560 4516 1626 4570 folle
1648 4532 1743 4570 amour
1760 4515 1822 4571 d’un
1840 4516 1947 4571 homme
1965 4525 2106 4587 estranger
2123 4519 2168 4587 qui

1194 4587 1278 4641 estoit
1294 4602 1365 4641 venu
1382 4603 1433 4656 par
1449 4601 1507 4639 mor
1524 4599 1559 4638 au
1577 4600 1645 4654 pays
1663 4584 1697 4638 de
1715 4600 1861 4652 sonpere,
1888 4584 1934 4655 luy
1953 4589 2026 4641 avoit
2043 4587 2123 4656 trahy
2140 4587 2167 4641 le
2214 4601 2217 4610 ·

1193 4670 1335 4749 ropaume:
1360 4655 1456 4724 depuis
1474 4668 1504 4707 se
1525 4669 1559 4707 vo
1614 4662 1626 4705 t
1644 4652 1745 4706 deceno
1764 4668 1815 4774 par
1834 4653 1878 4721 luy
1897 4669 1927 4707 se
1945 4654 2063 4708 lamento
2082 4654 2116 4709 de
2135 4669 2167 4708 ce

1194 4740 1274 4793 quon
1297 4724 1371 4778 svoit
1394 4724 1481 4790 eoupe
1504 4736 1537 4775 eu
1572 4721 1699 4775 alorest
1722 4721 1747 4774 le
1785 4721 1826 4775 oia
1844 4721 1911 4775 dont
1932 4721 1961 4776 la
1983 4725 2075 4777 navire
2093 4723 2169 4776 auoit

230 4791 261 4857 1)
281 4792 434 4847 Hicseex
454 4792 579 4848 ausis..
599 4793 748 4863 ..pigeat
785 4793 843 4848 Pro
863 4793 909 4847 bis
931 4795 1056 4849 mustus
1075 4792 1142 4850 (icl-
1194 4793 1253 4847 este
1270 4792 1365 4846 bestie.
1400 4790 1438 4845 Or
1454 4790 1481 4844 le
1494 4790 1579 4845 Poste
1597 4789 1646 4842 fcit
1664 4788 1724 4842 cels
1741 4790 1929 4858 prudemment
1946 4807 2016 4858 pour
2033 4796 2167 4845 monstror
2285 4810 2287 4813 ·

160 4862 204 4915 lar
222 4861 398 4928 simpliciter:
434 4808 544 4930 Bigbius
563 4867 659 4916 trouve
688 4878 720 4916 eu
740 4862 798 4917 cela
824 4878 877 4917 une
904 4862 960 4918 sort
977 4862 1080 4931 grmde
1098 4880 1141 4919 rc·
1195 4861 1313 4916 oombien
1332 4859 1373 4915 les
1389 4860 1511 4913 hommes
1530 4863 1592 4911 sont
1609 4857 1735 4912 ridiculos
1754 4873 1787 4912 eu
1807 4858 1956 4912 cherchaut
1978 4858 2012 4913 de
2029 4858 2091 4911 bion
2110 4856 2167 4911 loin

159 4944 313 4998 puguance.
341 4928 413 4983 Mais
432 4928 459 4983 la
478 4929 595 4984 solution
616 4938 660 4984 est
676 4945 756 4985 assez
774 4930 862 4986 facile.
1194 4931 1242 4984 des
1259 4929 1353 4983 vaines
1371 4933 1547 4983 couvertures
1569 4941 1640 4993 pour
1665 4926 1763 4980 oaober
1780 4926 1853 4980 leurs
1871 4926 1968 4980 fantes.
2004 4924 2084 4980 Ceste
2101 4926 2167 4980 mal-

228 4995 256 5063 2)
274 4996 334 5052 Lib.
351 4996 370 5049 2
388 5012 446 5065 osp.
464 4996 507 5052 31.
1192 4997 1326 5052 heureuse
1344 4998 1426 5052 estoit
1443 5010 1522 5049 assez
1541 4995 1706 5049 couvaincoe
1724 5009 1757 5048 en
1776 5009 1808 5049 sa
1825 4994 1996 5050 conscience:
2015 4993 2168 5062 rependant

230 5064 262 5132 3)
281 5065 398 5122 Tantum
426 5062 602 5120 diluenda..
623 5073 782 5134 ..queant
820 5066 932 5122 Gutus:
953 5065 1024 5122 Mais
1050 5065 1141 5121 ilsul·
1193 5066 1246 5121 ello
1264 5063 1409 5120 demands:
1444 5063 1588 5132 Pourquoy
1611 5077 1646 5117 on
1664 5078 1681 5117 a
1699 5064 1787 5131 coupe
1803 5063 1832 5123 le
1851 5063 1911 5118 bois
1934 5062 2002 5116 dont
2024 5063 2051 5116 la
2073 5064 2166 5117 nevira

160 5131 193 5187 lit
209 5150 280 5202 pour
297 5140 371 5189 ceste
389 5135 474 5188 heure
493 5134 527 5188 de
544 5142 679 5188 monstror
697 5133 759 5202 qu’il
785 5134 830 5206 n'y
852 5135 959 5191 suabe
978 5136 1141 5191 conusriete
1193 5136 1287 5189 ueste
1304 5134 1398 5189 biota:
1418 5133 1463 5202 qui
1482 5138 1525 5186 eut
1543 5131 1673 5186 obercher
1689 5130 1836 5186 l’ocoasion
1853 5131 1887 5184 de
1905 5137 1969 5198 trop
1986 5131 2050 5186 loin.

160 5217 194 5258 en
213 5208 292 5258 toute
309 5218 355 5257 ma
373 5201 503 5257 decumo.
1261 5200 1293 5269 3)
1312 5218 1363 5271 que
1382 5202 1423 5258 les
1439 5202 1561 5255 hommes
1579 5206 1732 5255 uamssent
1749 5205 1809 5254 tant
1827 5196 1903 5268 qu’ils
1920 5199 2063 5255 roudrout.
