4800 5902
144 326 209 392 285
914 320 1401 390 PRAEDEertArlorta
1635 345 1642 358 ¹
2098 334 2161 396 286

150 520 288 581 revocat
305 510 488 577 hominem:
512 510 613 579 verbo
634 508 767 595 quidem
788 510 890 591 brevi,
914 509 973 577 sed
993 531 1030 575 re
1047 511 1130 594 ipse,
1183 531 1258 576 cum
1284 510 1357 575 aliis
1381 510 1506 594 pariter
1533 510 1679 576 fuerant:
1708 512 1788 596 quid
1813 513 1882 581 illio
1909 521 1984 595 [pag.
2014 524 2070 598 63]
2098 520 2162 583 im·

148 620 271 684 magna
294 607 346 664 est
366 596 507 663 redditio
524 597 670 663 rationis.
694 595 733 664 si
751 597 840 662 enim
857 618 926 662 non
943 595 1032 679 capit
1052 596 1128 662 hoo:
1182 594 1332 678 peditum
1359 595 1414 662 vel
1442 596 1637 662 obscurum?
1672 597 1752 681 quid
1784 621 1851 664 non
1877 608 2046 686 receptum
2075 624 2161 669 oom-

148 683 235 769 Quis
253 693 305 750 est
322 684 378 767 qui
396 681 594 766 respondeat
608 681 706 749 Deo?
730 683 760 749 si
777 691 888 749 autem
905 683 1001 766 oepit,
1020 683 1130 748 minus
1181 682 1274 746 muni
1301 701 1414 760 sensu,
1449 687 1482 747 et
1514 683 1622 748 carnis
1656 682 1776 750 iudicio
1806 685 2001 768 plausibile?
2047 687 2162 769 Quum

147 771 299 840 inveniet
320 768 401 853 quid
423 768 632 853 respondeat,
656 776 715 835 eto.
729 767 754 854 ¹)
1182 787 1261 850 ergo
1283 766 1422 831 humani
1439 766 1566 851 ingenii
1584 776 1682 852 captu
1695 768 1718 855 ¹)
1742 772 1893 854 superius
1913 793 1984 838 esse
2002 795 2162 840 arcanum

233 854 397 934 Proinde,
438 855 467 921 si
502 875 562 919 nos
597 853 678 920 talia
710 862 859 933 movent,
898 853 1008 938 inquit
1041 852 1128 918 idem
1182 851 1289 931 audis,
1319 852 1471 935 colligere
1499 853 1578 917 inde
1607 863 1797 937 promptum
1825 866 1890 937 est,
1926 859 2060 925 frivolas
2088 880 2161 926 esse

104 1005 106 1011 .
149 943 281 1026 alibi,²)
328 939 405 1025 quia
442 941 592 1007 homines
631 960 760 1005 sumus:
812 940 911 1005 simul
957 938 1129 1005 audiamus
1181 940 1370 1016 solutiones,
1393 959 1477 1020 quae
1500 960 1541 1003 ex
1563 941 1728 1006 communi
1748 941 1869 1008 iudicio
1891 965 1965 1008 sum
1989 952 2042 1010 tae
2061 947 2161 1011 etiam

146 1030 326 1097 dicentem:
378 1024 409 1091 Ο
449 1027 564 1105 homo,
604 1034 642 1091 tu
681 1025 754 1110 quis
793 1024 849 1090 os?
893 1025 1000 1091 Paulo
1038 1033 1126 1108 post:
1179 1024 1216 1088 in
1247 1025 1317 1089 loro
1353 1024 1490 1105 profano
1523 1023 1683 1090 valerent.
1734 1027 1870 1111 Excipit
1901 1030 1966 1114 Pig
1993 1031 2056 1109 ‘us,
2091 1052 2159 1097 non

145 1113 307 1197 Quamvis
337 1113 426 1178 onim
453 1120 587 1196 peccata
614 1133 682 1176 non
709 1111 824 1177 fecerit
850 1111 958 1190 Deus,
992 1119 1128 1175 naturas
1180 1109 1295 1192 repelli
1317 1131 1337 1173 a
1358 1109 1502 1175 Domino
1525 1108 1639 1189 solere,
1668 1132 1729 1177 neo
1752 1134 1927 1196 suspensos
1950 1114 2081 1193 dimitti,
2103 1118 2160 1200 qui

146 1210 259 1267 tamen
286 1200 389 1283 ipsas,
423 1218 507 1282 quae
534 1218 593 1280 per
620 1219 655 1263 se
678 1197 769 1278 ipsas
795 1197 868 1262 sine
896 1195 994 1262 dubio
1023 1197 1128 1262 bonae
1180 1195 1352 1259 humiliter
1389 1205 1517 1260 mentes
1550 1216 1627 1261 suas
1669 1199 1851 1280 captivent:
1896 1199 2032 1284 ideoque
2071 1201 2158 1267 hano

146 1293 237 1365 sunt,
271 1283 393 1367 quibus
425 1291 539 1349 tamen
571 1306 613 1349 ex
642 1283 778 1348 arbitrio
806 1282 989 1348 voluntatis
1015 1282 1128 1347 futura
1179 1281 1442 1364 obiurgationem
1469 1289 1538 1345 non
1565 1282 1630 1348 nisi
1652 1282 1687 1346 in
1709 1285 1908 1365 praefractos
1935 1295 1968 1351 et
1995 1288 2159 1353 fastuosos

145 1380 255 1440 essent
283 1371 368 1437 vitia
390 1377 613 1452 peccatorum,
648 1377 682 1433 et
703 1369 739 1431 in
765 1368 880 1434 multis
908 1368 988 1432 talia
1009 1368 1127 1450 quibus
1180 1372 1374 1449 competere.
1418 1366 1461 1430 In
1495 1387 1558 1449 quo
1590 1366 1640 1431 illi
1673 1389 1741 1433 nou
1774 1369 1949 1437 difficulter
1982 1375 2155 1439 assentior:

145 1464 232 1524 esset
252 1464 390 1522 aeterna
410 1475 518 1539 poena
540 1452 716 1531 reddenda,
739 1454 813 1537 quis
835 1454 899 1520 nisi
921 1455 1014 1520 Deus
1036 1473 1127 1519 eree·
1179 1450 1275 1516 modo
1304 1452 1449 1517 vicissim
1476 1452 1633 1532 fateatur,
1667 1452 1818 1520 damnari
1852 1480 1873 1521 a
1898 1457 2005 1522 Paulo
2036 1459 2157 1541 impiae

144 1543 214 1611 rit?
238 1540 375 1624 Quare?
398 1541 462 1607 nisi
485 1541 563 1626 quia
584 1540 697 1607 voluit.
743 1539 857 1620 Quare
879 1550 989 1604 autem
1012 1538 1127 1604 volue·
1179 1538 1352 1620 superbiae
1380 1558 1495 1603 omnes
1522 1538 1579 1621 qui
1605 1539 1671 1603 Dei
1705 1540 1864 1606 iustitiam
1893 1545 2025 1626 proprio
2058 1565 2158 1610 sensu

143 1629 210 1695 rit‘l
256 1626 287 1694 Ο
318 1627 434 1705 homo,
470 1634 507 1692 tu
537 1626 610 1709 quis
644 1647 679 1692 es
714 1626 770 1708 qui
803 1624 1003 1707 respondeas
1030 1624 1125 1691 Deo?
1178 1624 1369 1689 mabuntur.
1424 1623 1542 1706 Atqui,
1582 1633 1620 1688 ut
1658 1625 1804 1692 iustitiae
1842 1627 1974 1694 laudem
2013 1630 2159 1694 obtineat

142 1713 315 1796 Numquid
341 1712 422 1779 dicit
450 1713 661 1797 figmentum,
684 1717 744 1776 eto.
788 1711 892 1789 Ecce,
920 1712 1005 1776 ratio
1027 1711 1126 1776 etiam
1178 1710 1286 1787 Deus,
1313 1709 1434 1793 Pighio
1455 1708 1577 1788 iudice,
1608 1711 1770 1776 rationem
1797 1735 1856 1779 cur
1884 1712 2027 1799 quidque
2049 1715 2157 1794 faeiat,

143 1800 271 1867 homini
293 1796 423 1864 reddita
445 1806 505 1877 est,
529 1805 655 1881 quanta
673 1795 786 1862 debuit
803 1797 944 1861 homini:
968 1798 997 1861 si
1014 1806 1127 1861 tamen
1179 1803 1309 1860 exstare
1336 1814 1469 1860 necesso
1492 1801 1550 1860 est.
1594 1795 1688 1861 Haeo
1717 1805 1828 1862 autem
1861 1799 1955 1865 nobis
1977 1801 2157 1867 modestiae

144 1892 219 1968 [pag.
243 1890 299 1964 62]
323 1884 378 1951 vel
399 1885 498 1950 istam
519 1883 623 1966 capit,
644 1883 700 1967 qui
722 1903 781 1966 pro
804 1883 856 1947 sui
878 1883 1007 1947 arbitrii
1027 1880 1126 1947 liber·
1178 1900 1215 1945 ro
1261 1880 1310 1958 la,
1340 1880 1396 1945 ubi
1418 1901 1553 1962 operum
1575 1879 1641 1946 Dei
1663 1883 1747 1947 ratio
1769 1905 1829 1949 nos
1850 1885 1946 1964 latet,
1974 1895 2013 1951 ut
2033 1888 2158 1952 iustum

143 1978 221 2050 tato,
244 1969 449 2036 infirmitatis
467 1970 631 2035 servitute
649 1967 828 2036 contendit.
852 1966 1001 2052 Siquam
1016 1975 1127 2034 eutem
1178 1966 1214 2029 ni
1240 1965 1395 2030 ilominus
1417 1987 1489 2031 esee
1509 1963 1692 2032 credamus.
1725 1967 1833 2034 Filius
1855 1970 1987 2052 quidem
1999 1970 2157 2056 Sira0h2)

144 2055 254 2122 adhue
270 2075 375 2138 prava
393 2054 605 2138 obstrependi
623 2053 724 2121 libido
746 2054 914 2119 sollicitat:
937 2054 1047 2133 Dicet,
1071 2054 1127 2137 qui
1179 2051 1241 2118 hoo
1263 2051 1368 2136 slogio
1390 2052 1500 2117 Deum
1523 2071 1642 2117 ornare
1663 2073 1730 2117 non
1753 2055 1929 2135 erubescit,
1952 2057 2038 2139 quod
2060 2059 2157 2123 sicuti

144 2142 221 2209 talis
243 2148 304 2220 est,
327 2141 488 2225 inquittl)
510 2149 544 2206 et
566 2140 679 2206 audiat
701 2138 788 2222 quod
809 2140 962 2207 convenit
983 2140 1125 2205 homini:
1178 2137 1300 2221 figulus
1321 2157 1381 2220 pro
1409 2157 1467 2202 suo
1496 2135 1631 2202 arbitrio
1659 2158 1739 2203 vasa
1760 2138 1929 2206 discernit:
1961 2144 2007 2207 sio
2029 2162 2100 2207 esee
2122 2144 2157 2206 in

145 2227 176 2294 Ο
204 2228 318 2307 homo,
352 2235 389 2292 tu
417 2228 491 2310 quis
520 2226 579 2293 es?
625 2226 751 2292 Audiat
784 2246 863 2291 vero
892 2234 927 2290 et
954 2247 1021 2290 non
1050 2247 1127 2292 con·
1178 2243 1281 2287 manu
1307 2222 1374 2287 Dei
1398 2222 1561 2302 homines,
1587 2230 1624 2286 ut
1651 2222 1716 2288 illis
1745 2222 1861 2290 reddet
1881 2226 2156 2309 quemadmodum

143 2320 279 2380 temnat
327 2311 424 2394 Quod
453 2314 482 2379 si
510 2313 757 2395 contempserit,
786 2313 885 2376 etiam
914 2319 954 2376 ut
981 2319 1126 2378 contem·
1179 2308 1334 2374 decrevit.
1362 2307 1450 2373 Nem
1468 2332 1486 2370 x
1505 2316 1566 2381 ίσις
1582 2307 1644 2373 hoo
1661 2308 1742 2387 looo,
1765 2311 1793 2374 si
1811 2314 1981 2396 superiora
1998 2313 2157 2392 conferas,

143 2409 247 2478 neret,
271 2419 307 2466 se
331 2399 482 2464 inveniat
504 2398 717 2463 obduratum:
746 2397 862 2463 sinon
883 2398 1126 2480 contempserit,
1179 2415 1246 2459 non
1267 2402 1376 2478 potest
1395 2394 1464 2492 nisi·
1482 2332 1523 2460 de
1545 2394 1670 2477 opificis
1692 2393 1898 2478 beneplacito
1920 2400 2050 2482 exponi.
2089 2397 2159 2464 Neo

144 2494 269 2551 utnon
292 2491 534 2562 contemneret,
565 2484 678 2550 credat
699 2504 771 2550 esse
794 2483 956 2548 adiutum:
990 2483 1048 2548 sed
1070 2481 1126 2548 ob-
1178 2500 1258 2547 vero
1281 2480 1336 2546 hic
1363 2480 1428 2544 alio
1455 2488 1637 2563 interprete
1660 2501 1742 2564 opus
1764 2491 1829 2547 est:
1860 2484 1990 2567 quando
2012 2485 2161 2549 omnium

144 2571 302 2637 duratum
324 2569 445 2650 debito,
469 2569 619 2635 adiutum
642 2570 757 2655 gretia.
792 2567 898 2650 Quale
915 2589 1012 2653 porro
1035 2568 1126 2634 debi-
1179 2565 1352 2632 audaciam
1378 2566 1465 2630 clare
1492 2565 1620 2631 Paulus
1647 2569 1839 2648 compescit,
1868 2570 1924 2653 qui
1951 2571 2113 2635 rationem
2141 2592 2161 2635 a

143 2665 216 2722 tum
237 2654 429 2721 hominibus
447 2657 597 2740 imputet,
620 2657 713 2740 prius
725 2655 915 2721 ostenderet
932 2655 985 2722 his
1000 2653 1125 2722 verbis:
1177 2653 1251 2717 Deo
1280 2652 1429 2736 exigunt.
1475 2652 1531 2715 An
1560 2651 1639 2716 dicit
1665 2652 1772 2716 lutum
1797 2655 1914 2738 figulo:
1948 2655 2018 2721 Our
2037 2676 2091 2721 me
2114 2656 2160 2722 sio

144 2741 386 2808 Inexcusabilis
409 2750 459 2807 est
480 2743 588 2808 omnis
609 2749 760 2825 peccator
783 2741 837 2805 vel
860 2747 955 2807 reatu
978 2741 1125 2825 originis,
1178 2736 1306 2803 fecisti?
1351 2737 1386 2803 ls
1414 2757 1492 2821 ergo
1530 2736 1664 2802 demum
1700 2737 1742 2803 ad
1767 2739 1868 2805 Pauli
1902 2741 2161 2807 moderationem

143 2828 197 2895 vel
219 2826 445 2893 additamento
468 2828 569 2892 etiam
589 2829 740 2911 propriae
763 2827 952 2906 voluntatis,
975 2827 1046 2893 sive
1070 2826 1126 2910 qui
1179 2829 1252 2904 [pag.
1276 2828 1331 2903 64]
1355 2844 1389 2888 se
1411 2823 1557 2902 cohibet,
1581 2823 1638 2906 qui
1659 2822 1725 2889 Dei
1747 2825 1962 2906 voluntatem,
1985 2827 2064 2892 licet
2086 2828 2160 2894 ebs·

143 2915 250 2993 novit,
279 2914 349 2980 sive
377 2915 434 2997 qui
461 2914 606 2997 ignorat:
640 2915 710 2980 sive
732 2915 787 2996 qui
808 2913 949 2992 iudicat,
979 2912 1049 2980 sive
1070 2913 1126 2996 qui
1178 2908 1359 2988 conditam,
1383 2929 1532 2989 summae
1553 2909 1698 2975 iustitiae
1720 2909 1828 2976 instar
1850 2912 1994 2993 habens,
2021 2913 2162 2979 liberam

142 3020 211 3066 non
245 2999 386 3066 iudicat:
428 3001 506 3084 quie
534 3007 568 3064 et
595 2999 667 3083 ipsa
693 2999 897 3084 ignorantia,
931 3001 968 3064 in
996 2999 1126 3082 eisqui
1177 2995 1228 3059 illi
1253 2993 1412 3078 perdendi
1440 2993 1659 3077 servandique
1688 3005 1885 3080 potestatem
1913 3000 1999 3064 facit.
2044 2998 2160 3081 Quan-

142 3085 330 3169 intelligere
371 3086 567 3164 noluerunt,
608 3087 680 3153 sine
716 3085 921 3151 dubitatione
954 3091 1126 3169 peccatum
1178 3082 1304 3148 tumvis
1326 3080 1517 3164 torquendis
1533 3080 1633 3146 Pauli
1651 3082 1761 3148 verbis
1783 3106 1819 3149 se
1840 3084 1982 3169 Pighius
1999 3093 2160 3168 torqueat,
2228 3146 2232 3153 .

143 3179 205 3239 est:
234 3173 271 3235 in
301 3173 349 3237 eis
378 3180 489 3237 autem
518 3172 574 3254 qui
602 3193 669 3236 non
694 3179 890 3255 potuerunt,
917 3193 1025 3255 poena
1051 3192 1126 3254 peo-
1178 3189 1246 3232 non
1268 3174 1378 3232 umen
1400 3166 1443 3232 ad
1464 3187 1620 3249 praesens
1641 3166 1833 3234 institutum
1862 3171 1957 3235 aliter
1980 3167 2160 3236 similitudo

141 3260 214 3325 cati.
225 3260 255 3340 ⁴)
1179 3255 1286 3336 aptari
1307 3260 1431 3336 potest,
1462 3273 1561 3335 quam
1589 3252 1618 3318 si
1645 3253 1716 3318 iure
1746 3276 1805 3319 suo
1828 3256 1922 3321 Deus
1944 3256 2094 3320 homines
2118 3255 2160 3320 ad

230 3343 324 3409 Nihil
346 3364 406 3408 nos
428 3342 521 3408 iuvet
542 3342 726 3426 Augustini
748 3342 1031 3425 testimonium:⁵)
1055 3361 1126 3409 rem
1177 3359 1407 3422 quamcunque
1425 3338 1567 3404 voluerit
1587 3344 1709 3404 sortem
1731 3340 1838 3423 fingat
1856 3350 1890 3404 et
1911 3342 2039 3405 formet.
2083 3340 2159 3405 Hoc

143 3429 252 3513 ipsam
275 3449 405 3495 mecum
427 3427 616 3511 expendant
637 3427 786 3495 lectores.
816 3429 942 3493 Paulus
959 3428 1127 3494 hominem
1178 3425 1207 3490 si
1229 3426 1282 3491 oui
1304 3424 1437 3490 videtur
1458 3424 1567 3506 prima
1588 3424 1697 3507 specie
1719 3424 1913 3489 absurdum:
1937 3426 2051 3490 veniet
2064 3423 2159 3491 nobis

144 3533 223 3580 cum
246 3512 333 3591 Deo,
361 3523 399 3579 ut
420 3516 510 3594 facit,
534 3535 604 3580 com
631 3534 744 3590 arans,
771 3514 872 3580 altius
893 3513 1006 3597 procul
1029 3513 1127 3579 dubio
1176 3511 1213 3573 in
1234 3517 1380 3574 mentem
1402 3508 1462 3573 illa
1483 3508 1664 3593 Augustini
1687 3509 1920 3594 admonitiozl)
1955 3508 1995 3576 Si
2016 3508 2157 3594 pecudes

142 3600 181 3664 in
204 3598 363 3682 eligendis
385 3607 418 3665 et
438 3535 651 3684 reprobandis
672 3598 862 3664 hominibus
889 3608 923 3664 et
944 3601 1051 3683 magis
1073 3619 1125 3663 re·
1177 3596 1266 3678 loqui
1295 3601 1463 3693 possent,
1485 3614 1523 3658 ao
1556 3614 1631 3660 oum
1665 3595 1782 3677 opifice
1817 3615 1876 3662 suo
1911 3595 2157 3676 contenderent,

143 3682 313 3752 eonditum
341 3684 406 3750 Dei
432 3685 606 3752 consilium
635 3706 707 3751 esse
737 3685 897 3764 ostendit,
931 3706 1032 3768 quam
1062 3706 1125 3766 quo
1177 3680 1265 3763 quod
1286 3702 1353 3745 non
1375 3680 1540 3758 homines,
1569 3688 1609 3744 ut
1638 3699 1714 3760 nos,
1742 3682 1809 3745 sint
1835 3682 1955 3746 factae:
1991 3683 2158 3747 neminem

141 3791 237 3836 mens
268 3770 416 3836 humana
441 3772 627 3855 perveniat:
663 3792 701 3837 ec
730 3772 758 3837 si
783 3770 924 3837 diceret:
963 3768 1125 3850 Ohomo,
1176 3768 1246 3832 fore
1277 3773 1428 3833 nostrum
1460 3765 1518 3848 qui
1547 3785 1616 3830 non
1648 3765 1799 3848 protinus
1833 3775 2034 3834 succenseat.
2083 3767 2158 3833 Iam

142 3859 298 3939 quisnam
320 3858 391 3935 eis,
410 3866 542 3941 reputa,
569 3865 602 3921 ot
628 3856 705 3941 plus
733 3856 857 3939 aliquid
878 3857 951 3922 Deo
974 3856 1124 3934 concedo,
1176 3873 1256 3920 vero
1277 3851 1355 3935 quid
1376 3873 1436 3918 nos
1453 3857 1609 3934 putamus
1627 3851 1722 3917 esse?
1745 3853 1894 3919 Nimium
1917 3861 2006 3919 oerte
2029 3853 2158 3937 desipit,

143 3961 240 4024 quem
269 3943 422 4009 modulus
452 3952 531 4010 tuus
559 3944 675 4027 capiat.
724 3942 822 4010 Nunc
855 3943 884 4009 si
909 3941 1001 4008 locus
1028 3941 1125 4008 detur
1176 3938 1233 4021 qui
1261 3958 1329 4003 non
1357 3937 1432 4022 plus
1466 3937 1585 4003 saltem
1612 3937 1781 4021 eliquanto
1808 3939 2058 4023 praecellentiae
2085 3940 2158 4006 Deo

142 4027 255 4112 Pighii
302 4030 545 4112 philosophiae,
559 4029 588 4112 ⁶)
642 4028 813 4112 aequalem
860 4049 932 4095 esse
976 4030 1124 4093 omnium
1175 4023 1308 4104 tribuit,
1331 4044 1430 4107 quam
1452 4023 1514 4089 sibi
1535 4030 1568 4088 et
1590 4024 1705 4107 generi
1726 4025 1871 4090 humano
1893 4047 1994 4109 supra
2015 4025 2158 4109 pecudes

143 4121 280 4192 sortem,
313 4116 378 4181 nisi
405 4122 566 4198 quatenus
593 4135 628 4180 se
662 4116 733 4183 vita
760 4115 910 4198 privent,
944 4116 1000 4198 qui
1028 4114 1123 4180 eleoti
1175 4109 1331 4176 vindicat.
1379 4110 1452 4175 Imo
1484 4111 1512 4175 si
1545 4109 1678 4193 proprie
1706 4109 1922 4193 loquendum:
1955 4132 2017 4177 nos
2045 4132 2156 4178 coram

1173 4196 1248 4262 Deo
1269 4197 1380 4262 minus
1401 4216 1515 4261 sumus
1537 4215 1637 4278 quam
1656 4196 1807 4279 pecudes.
1837 4196 1928 4278 Quid
1945 4218 2023 4281 ergo
2042 4204 2155 4275 restat,
2197 4261 2202 4265 ,

210 4351 240 4417 1)
260 4352 315 4406 Car
338 4355 362 4408 si
384 4368 454 4408 nous
480 4368 660 4422 comprenons
682 4369 713 4409 ce
738 4370 790 4423 que
808 4361 873 4409 veut
895 4354 951 4409 diro
972 4354 1043 4408 cele:
1066 4353 1121 4408 Nu]
1174 4290 1362 4433 3331th
1389 4280 1544 4450 13ὼὲἔὲ
1566 4281 2156 4453 ἳξῃέἒθῗηῖἒθὲῐῗὴέἰιῖῗηᾞῖἰᾚ

140 4433 176 4542 li
192 4421 1121 4559 t‘tttttttltttltttttltltttttttttrttttt
1174 4453 1325 4536 exemplo
1354 4453 1505 4518 homines
1534 4453 1735 4518 substituere
1761 4452 1828 4518 na
1854 4453 1925 4520 1000
1954 4453 2088 4540 fieuloe
2118 4465 2156 4520 ut

136 4554 200 4623 plus
237 4556 344 4613 rotond.
1173 4538 1341 4604 fortunam
1363 4536 1425 4604 sibi
1447 4540 1586 4622 quisque
1608 4540 1741 4623 propria
1764 4540 1886 4605 virtute
1908 4540 2024 4625 fingat.
2054 4540 2155 4620 Alibi,

228 4625 299 4687 lAd
317 4626 432 4708 Bonitas
450 4627 528 4708 epist
547 4626 606 4680 106.
1172 4623 1294 4708 inquit,
1329 4631 1443 4707 aperte
1476 4622 1661 4690 ostenditur
1690 4622 1777 4707 quod
1804 4624 1857 4690 hio
1888 4624 2063 4692 obscurum
2092 4626 2178 4691 est·

206 4692 603 4765 3JAdSncumep1stlob.
1170 4710 1262 4776 Vasa
1300 4709 1395 4795 figuli
1439 4710 1558 4794 probat
1596 4710 1730 4789 fornax,
1777 4718 1812 4775 et
1857 4711 2009 4778 homines
2048 4713 2152 4776 iustos

206 4761 238 4896 {i
255 4761 579 4902 ffieflgsslffigriffielfiu,
602 4833 629 4888 s,
652 4832 785 4904 pagum,
811 4832 878 4888 ,paq
890 4833 976 4958 (som
998 4833 1053 4889 dist
1071 4849 1118 4891 0„
1170 4797 1318 4862 tentatio.
1362 4794 1447 4862 Inde
1475 4795 1615 4880 colligit,
1645 4795 1675 4860 si
1696 4797 1806 4862 iustus
1832 4796 1869 4861 in
1888 4796 1954 4863 lide
1975 4805 2008 4861 et
2029 4797 2152 4879 pietate

137 4899 335 5023 ⁰h⁰1⁵eietr⁶n
353 4903 516 4959 luissentsa
534 4916 669 4971 personne
688 4906 788 4970 oport,
807 4918 890 4972 oonsy
909 4902 1034 4959 eronsle
1052 4901 1118 4959 laist
1170 4888 1324 4949 constans
1353 4883 1467 4962 fUffl'itr
1496 4900 1555 4948 Vas
1584 4881 1653 4946 f01'0
1681 4881 1718 4946 in
1745 4881 1918 4947 honorem:
1952 4883 1980 4947 Si
2009 4879 2152 4945 m⁰ffit0r

135 4983 236 5162 ill
252 4984 431 5162 {rra
449 5037 683 5164 tortiora
701 5039 1117 5164 taeterrimae:
1238 5107 1268 5171 η
1288 5123 1320 5161 0,
1339 5113 1371 5162 t
1387 5104 1464 5160 a,
1482 5107 1508 5158 α
1524 5102 1605 5158 A

135 5174 213 5228 avoir
233 5122 295 5230 {ste
323 5123 396 5230 eleoq
412 5175 432 5229 il
456 5192 486 5232 se
510 5123 654 5232 retiarius
677 5178 694 5232 t
717 5192 766 5233 son
790 5148 905 5232 cecicit:
932 5125 1116 5247 qu'yqlhulr'ail
1237 5174 1268 5240 2)
1294 5123 1408 5232 vibere
1425 5172 1543 5229 laudare
1559 5144 1678 5228 veletrae
1696 5171 1785 5229 boam
1805 5171 1873 5243 Sap.
1892 5171 1933 5243 lb,
1954 5170 1978 5228 7.

134 5240 262 5299 d'obscur
280 5248 328 5299 etc.
1238 5245 1268 5311 ὃ)
1287 5244 1328 5299 De
1346 5243 1436 5299 verbis
1454 5244 1550 5311 Aport.
1569 5256 1664 5298 sermo<
1685 5241 1728 5295 11.
