4732 5910
229 334 272 397 ss
552 338 554 343 2
757 427 760 435 Ι
825 395 828 401 ,
887 386 890 393 ,
1048 317 1410 393 aususausus.
1494 380 1499 386 .
2120 278 2124 279 f
2198 331 2239 394 ιι

70 558 74 564 ·
114 568 117 571 -
229 490 570 585 habebatnrdeorum
592 522 803 596 contemptor.
837 514 923 579 Nam
945 512 1207 596 quumoarnales
1259 512 1385 578 malitia
1406 513 1552 578 obruunt
1562 486 1839 597 et'exstinguunt,
1863 534 1918 578 eos
1930 512 2092 578 vellemus
2104 515 2238 596 impune

229 605 291 669 sibi
310 603 387 668 deos
405 605 578 685 fingerent,
599 599 682 663 nihil
701 598 834 665 facilius
846 608 921 664 erat
938 620 1038 681 quam
1049 599 1207 679 religione
1259 597 1331 662 Deo
1353 596 1513 664 illudere?
1557 597 1654 678 Quod
1684 600 1712 664 si
1735 600 1846 664 Deum
1870 609 2079 681 contemptae
2110 599 2162 668 vel
2183 600 2238 663 ab·

230 688 372 771 defimgi.
408 686 509 768 Atqui
531 683 690 760 videmus,
713 691 752 749 ιιῖ
773 686 892 749 aeriter
913 685 949 747 in
970 684 1134 748 derisores
1157 684 1207 747 in·
1258 684 1363 749 lectae
1396 703 1476 747 suae
1510 683 1636 766 gratiae
1669 704 1827 749 severum·
1858 704 1931 748 esse
1963 683 2131 749 vindicem
2165 683 2238 766 plus

121 830 126 839 .
229 772 394 838 vehantur
421 768 615 853 prophetae:
649 767 748 851 quod.
763 770 879 851 procul
915 768 1014 833 dubio
1041 789 1108 833 non
1136 768 1207 832 sine
1260 788 1359 850 quarn
1378 787 1519 850 aequum
1541 778 1602 845 est,
1625 790 1684 833 our
1705 770 1776 834 eius
1798 768 1978 845 vindictae,
2008 789 2093 851 quae
2115 768 2152 832 in
2173 771 2238 851 pri·

222 857 385 942 'maribus
412 857 519 921 oausie
546 854 682 919 faciunt.
733 854 824 1001 Ergo
851 855 1022 936 impietas,
1056 874 1139 934 quae
1172 872 1207 917 se
1259 855 1322 917 mis
1349 852 1516 918 laudanda
1544 863 1610 930 ost,
1638 854 1790 936 exempla
1816 865 1989 919 cernentes
2015 852 2237 945 offendimur?

230 943 401 1009 exserebat
422 942 457 1005 in
467 940 532 1005 Dei
549 939 695 1014 eeclesia,
715 959 780 1021 apu
820 939 1004 1004 incredulos
1025 938 1117 1003 nulla
1140 938 1208 1002 fere
1259 937 1332 1003 Imo
1354 938 1463 1020 potius
1484 938 1632 1017 decebat,
1659 947 1697 1003 ut
1722 940 1790 1002 iam
1812 938 1902 1017 dixi,¹
1927 939 2022 1005 sicuti
2051 939 2126 1015 boc¹
2144 938 2239 1004 modo

111 1107 113 1111 .
229 1037 307 1093 tuno
329 1026 491 1109 apparuit.
522 1026 581 1088 -An
602 1023 676 1087 ideo
690 1022 797 1106 legem
820 1023 1054 1106 etprophetiss
1076 1022 1208 1087 flabella
1260 1023 1424 1106 evangelii
1446 1024 1652 1089 maiestatem
1670 1023 1787 1088 asserit
1797 1023 1899 1102 Deus,
1921 1024 1968 1088 ita
1990 1025 2061 1088 eius
2082 1044 2239 1089 reveren-

230 1112 272 1179 ad
293 1132 367 1191 eam
389 1109 599 1175 excitandam
622 1109 722 1173 fuisso
745 1108 912 1177 disemus?
955 1110 1012 1173 An
1033 1106 1106 1172 ideo
1123 1128 1208 1190 pura
1260 1109 1341 1173 tiam
1371 1110 1407 1172 in
1435 1109 1554 1173 animis
1582 1109 1705 1173 nostrie
1732 1109 1862 1176 sanciri.
1905 1108 2145 1193 Evangelium,
2175 1130 2239 1192 qno

229 1197 360 1282 religio,
390 1214 474 1278 quae
503 1192 644 1276 hydram
670 1193 762 1257 illam
789 1193 824 1257 in
850 1193 959 1259 lucem
986 1193 1207 1275 protrahebat,
1259 1214 1295 1257 se
1316 1191 1410 1259 nobis
1439 1194 1474 1258 in
1497 1193 1555 1257 filii
1578 1213 1719 1276 persona
1746 1195 1842 1258 offert
1869 1215 1907 1260 ao
1929 1194 2045 1271 donat,
2075 1194 2239 1277 quomodo

229 1284 367 1348 minoris
389 1278 598 1346 censebitur?
643 1277 736 1358 Quin
757 1279 856 1343 etiam
876 1279 913 1342 in
931 1279 1002 1362 ipsa
1019 1278 1083 1342 Dei
1106 1278 1208 1343 eecle-
1260 1278 1340 1343 satis
1368 1276 1468 1362 digne
1495 1279 1603 1361 excipi
1631 1280 1760 1361 potest?
1806 1279 1909 1362 Atqui
1937 1285 2009 1357 [pag.
2029 1283 2083 1358 54]
2115 1280 2239 1344 incom-

229 1370 294 1444 sia,
323 1389 390 1431 non
412 1365 477 1430 nisi
497 1371 571 1448 post
592 1372 708 1427 natum
731 1363 833 1440 Isaac,
854 1363 1005 1428 Ismaelis
1027 1383 1151 1427 sannae
1172 1383 1208 1428 se
1260 1361 1441 1445 parabilem
1474 1363 1564 1428 buno
1596 1363 1789 1429 thesaurum
1822 1364 1952 1448 vulgari
1985 1365 2111 1430 honore
2145 1364 2239 1430 multi

228 1453 409 1536 proferunt.
445 1448 512 1530 Qui
534 1457 631 1516 antea
648 1447 813 1514 secundus
834 1460 906 1513 erat
927 1470 947 1513 a
968 1457 1082 1514 saneto
1100 1448 1208 1513 Abra·
1260 1451 1320 1515 vix
1346 1447 1542 1533 dignantur:
1571 1448 1629 1512 alii
1657 1448 1815 1514 abiiciunt
1842 1449 1884 1514 ad
1911 1449 2023 1531 pedes,
2057 1450 2114 1514 alii
2145 1449 2239 1514 vanis

230 1538 339 1614 hamo,
363 1545 499 1618 repente
521 1535 558 1598 in
580 1532 772 1598 sceleratum
796 1534 921 1616 gratiae
944 1533 1008 1597 Dei
1029 1532 1209 1597 ludibrium
1260 1532 1374 1598 muudi
1397 1533 1517 1599 delitiis
1546 1554 1660 1600 seoure
1682 1534 1900 1616 posthabent:
1926 1535 2022 1598 multi
2041 1536 2145 1599 etiam
2167 1544 2240 1598 tan-

223 1623 388 1704 'erumpit:
411 1640 474 1702 quo
497 1631 644 1683 meretur
663 1641 683 1682 a
704 1617 807 1700 patris
825 1619 949 1682 familia
965 1618 1118 1684 abdicari.
1153 1619 1208 1683 An
1260 1639 1360 1702 quam
1382 1619 1513 1700 aliquod
1532 1618 1711 1696 ludicrum,
1738 1621 1844 1684 iocose
1871 1618 1913 1684 ad
1940 1620 2111 1702 profanam
2134 1619 2239 1686 oblec-

231 1708 297 1772 tale
326 1705 514 1788 exemplum
544 1704 698 1769 Abrahae
725 1701 919 1769 domesticos
945 1725 965 1767 a
992 1713 1107 1768 sancta
1133 1723 1208 1785 pro·
1261 1705 1420 1770 tationem
1447 1711 1653 1770 convertunt.
1699 1703 1789 1784 Quid
1820 1713 1932 1786 postea
1961 1713 2140 1787 sequutum
2167 1703 2238 1770 est?

231 1793 329 1876 genie
357 1791 502 1856 alienare
531 1787 668 1860 debuit?
713 1789 834 1866 Porro,
869 1788 958 1870 quod,
983 1790 1019 1852 in
1040 1788 1134 1854 Isaeo
1159 1799 1208 1852 te-
1261 1788 1374 1869 Quum
1397 1789 1506 1871 aliqua
1527 1789 1645 1854 saltem
1666 1789 1782 1872 religio
1803 1810 1918 1855 eorum
1940 1789 2059 1855 animis
2071 1789 2239 1865 insideret,

231 1879 342 1943 nuiter
363 1877 427 1940 fuit
447 1874 689 1950 adumbratum,
712 1873 747 1937 in
770 1873 904 1938 Christo
926 1874 1047 1939 elarius
1069 1872 1209 1956 exprimi
1260 1896 1350 1940 nuno
1378 1894 1497 1940 eanum
1524 1875 1559 1938 in
1587 1893 1714 1939 morem
1741 1873 1899 1941 adversus
1927 1873 2039 1940 Deum
2051 1874 2076 1957 ¹)
2105 1874 2239 1939 latrant

231 1961 389 2045 oportuit:
423 1960 522 2042 idque
549 1960 673 2024 laetum
700 1965 841 2023 testatur
869 1959 1032 2042 evangelii
1061 1958 1207 2022 historia
1260 1962 1371 2041 Atque
1393 1959 1455 2024 hoo
1477 1959 1609 2042 quidem
1632 1960 1782 2025 aeumiue
1804 1959 1866 2025 sibi
1888 1960 2026 2042 plaoent,
2049 1961 2119 2024 irno
2143 1961 2240 2026 semi-

231 2045 363 2113 Soimus
387 2047 490 2121 euim,
520 2066 561 2109 ex
589 2065 653 2125 quo
682 2044 716 2107 iu
748 2043 909 2127 mundum
935 2045 1005 2126 ipse
1030 2042 1209 2126 productus
1260 2044 1313 2109 dei
1335 2043 1498 2123 videntur,
1522 2044 1608 2126 quod
1627 2044 1941 2129 nubibusoppedere
1958 2066 2025 2109 non
2036 2043 2202 2110 dubitant
2210 2045 2248 2128 α)’

230 2133 302 2209 fuit,
326 2140 527 2214 quantopere
549 2128 738 2193 efferbuerit
757 2148 873 2193 eornm
884 2130 1020 2206 insania,
1044 2128 1099 2211 qui
1117 2129 1209 2211 prius
1260 2131 1307 2194 At
1328 2150 1418 2206 vero,
1441 2129 1468 2193 si
1491 2127 1677 2213 prodigiosa
1698 2141 1748 2195 est
1764 2129 1907 2195 hominis
1928 2130 1964 2193 in
1981 2129 2143 2212 pecudem
2163 2152 2242 2196 oon-

230 2239 265 2283 se
297 2216 467 2299 religionis
507 2213 602 2278 titulo
636 2211 859 2278 venditabant.
916 2212 1029 2294 Quare
1061 2211 1210 2296 maligna
1262 2214 1381 2293 versio,
1403 2234 1441 2279 eo
1463 2215 1568 2298 magis
1579 2223 1659 2279 'sunt
1670 2214 1871 2297 deplorandi,
1895 2214 1980 2297 quod
1992 2214 2083 2279 nullo
2094 2215 2177 2281 mali
2188 2215 2242 2281 sui

230 2303 313 2367 haec
333 2303 474 2366 facessat
495 2299 616 2387 opinio,
638 2319 680 2362 ex
702 2296 867 2382 evangelii
878 2298 1027 2365 doctrina
1049 2298 1209 2364 soaturire
1261 2299 1371 2365 dolore
1393 2307 1584 2382 tanguntur.
1618 2301 1831 2383 Papistarum
1842 2298 1983 2381 ineptias
2000 2299 2241 2389 lepiderident,

46 2477 50 2485 ι
230 2387 409 2469 impietatis
431 2385 611 2451 licentiam:
635 2383 713 2465 quia
734 2382 828 2448 velut
850 2404 869 2448 e
889 2379 1034 2449 latibulis
1055 2384 1090 2447 in
1114 2404 1208 2463 aper·
1261 2383 1318 2449 sed
1328 2384 1392 2467 ipsi
1402 2384 1531 2468 indigni
1549 2395 1638 2461 sunt,
1656 2387 1711 2468 qui
1724 2384 2118 2468 unquamadpapismnm
2130 2406 2243 2451 rever-

231 2481 300 2553 tam
329 2471 450 2545 lucem.
471 2469 683 2552 protrahitur.
721 2466 832 2548 ,Quin
864 2470 973 2551 potius
1004 2469 1069 2533 boo
1100 2469 1209 2550 ipsum
1260 2478 1384 2534 tantur.
1407 2469 1522 2551 Neque
1533 2470 1622 2538 enim
1633 2470 1688 2536 vul
1750 2471 2244 2549 eseorumer'ritusesseoonve·

231 2578 291 2622 nos
312 2556 469 2632 oblectet,
498 2553 603 2637 retegi
632 2573 675 2618 er
702 2553 880 2619 multorum
909 2553 1060 2620 sordibus
1086 2555 1209 2638 cogita·
1260 2555 1358 2637 nit,⁸)
1376 2554 1495 2636 quibus
1513 2561 1547 2620 et
1565 2554 1695 2621 saeerll
1738 2557 1793 2621 isti
1812 2556 1955 2639 sanguis,
1978 2564 2012 2619 et
2028 2562 2167 2621 aeterna
2176 2557 2244 2622 Dei

208 2701 212 2708 .
230 2642 347 2713 tiones.
774 2678 776 2681 ·
1191 2676 1194 2682 -
1262 2640 1397 2718 veritas,
1427 2647 1460 2705 et
1479 2640 1539 2706 lux
1560 2640 1664 2718 vitae,
1689 2640 1816 2723 partim
1836 2640 1920 2708 risui
1940 2641 2091 2719 luerunt,
2119 2643 2244 2723 partim

320 2732 394 2806 [pag.
414 2729 468 2803 63]
490 2723 689 2806 Quanquam
716 2723 815 2790 huius
837 2724 886 2788 rei
913 2723 979 2790 aha
1001 2743 1130 2807 quoque
1151 2742 1213 2790 no·v
1261 2726 1475 2808 contemptui.
1508 2725 1555 2790 Et
1572 2735 1659 2791 certe
1677 2727 1733 2808 qui
1750 2747 1841 2791 nuno
1858 2726 1981 2809 passim
2001 2735 2119 2809 regnat
2136 2746 2248 2792 evan·

191 2868 193 2871 .
229 2810 335 2889 tanda
366 2817 417 2876 est
437 2809 546 2874 ratio:
586 2829 703 2891 nempe
736 2830 838 2890 quum
870 2809 1013 2874 oblatam
1046 2811 1210 2892 evangelii
1262 2809 1340 2893 galii
1360 2817 1564 2893 contemptus
1582 2818 1710 2877 certum
1719 2819 1770 2876 est
1778 2810 1945 2876 belluinae
1962 2810 2134 2876 cuiusdam
2152 2813 2244 2878 vitae

231 2894 372 2982 gratim
396 2895 451 2960 alii
474 2904 638 2977 respuant,
662 2894 718 2960 alii
740 2895 955 2978 contemptim
977 2895 1114 2959 summis
1137 2910 1209 2959 tan-
1261 2897 1477 2978 praesagium.
1522 2895 1619 2973 Nam,
1641 2896 1823 2978 quum'boo
1839 2897 2032 2979 ¹extremum
2055 2897 2100 2965 sit
2120 2916 2244 2962 ouran-

230 2993 304 3048 tum
325 2981 427 3047 labris
447 2988 591 3063 gustent,
606 2982 628 3058 ¹)
653 2979 708 3044 alii
730 2981 870 3061 superbe
892 2979 1074 3061 repudient,
1098 3001 1210 3046 annon
1262 2979 1313 3045 dis
1340 2980 1512 3045 bominum
1543 2982 1631 3046 vitiis
1659 2981 1857 3058 remedium,
1890 2982 1945 3046 ubi
1961 2981 2138 3048 Dominus
2167 3004 2246 3047 oum

109 3095 113 3103 ¹
162 3114 164 3116 ψ
231 3067 332 3151 digna
354 3074 404 3132 est
424 3066 574 3130 omnium
595 3063 812 3147 ingratitudo,
845 3062 886 3129 de
908 3084 972 3146 qua
997 3085 1064 3129 non
1086 3063 1209 3129 medio·
1262 3065 1438 3149 evaugelio
1468 3086 1527 3130 suo
1550 3066 1700 3149 affulget,
1729 3067 1849 3148 quibus
1871 3065 2112 3148 nibilprodost
2134 3080 2275 3137 temer

231 3173 321 3220 crem
349 3151 529 3217 vindictam
552 3149 644 3216 Deus
672 3149 805 3232 exigat?
849 3149 895 3213 Et
922 3150 1067 3232 prolecto
1096 3169 1209 3215 severe
1262 3148 1353 3215 dium
1375 3151 1452 3229 hoo,
1482 3172 1537 3219 eos
1565 3172 1636 3217 esee
1664 3152 1862 3216 inaurabiles
1878 3160 2025 3227 ,eonstat
2071 3150 2149 3232 Qui
2165 3173 2247 3219 uero

232 3237 416 3311 ulciscitur,
447 3255 550 3317 quum
577 3233 742 3316 adempto
758 3233 927 3317 religionis
955 3255 1053 3300 sensu
1075 3234 1110 3298 in
1133 3235 1209 3300 bor·
1262 3235 1427 3300 medicum
1449 3237 1591 3302 seientes
1612 3257 1650 3302 ao
1672 3235 1820 3302 volentes
1842 3246 1901 3301 aut
1923 3235 2061 3301 eludunt
2083 3245 2144 3301 aut
2166 3258 2246 3320 pro-

232 3322 370 3387 rendam
389 3322 487 3386 istam
505 3320 696 3386 eaecitatem
718 3338 773 3384 eos
795 3320 997 3401 praecipitat.
1042 3317 1211 3402 Quotquot
1262 3319 1314 3384 oul
1343 3321 1495 3405 abigunt,
1529 3321 1617 3386 ultro
1651 3321 1713 3385 sibi
1741 3321 1873 3402 quasvis
1906 3328 2079 3397 aooersuut
2105 3332 2245 3388 mortes.

196 3480 198 3483 ,
232 3429 310 3491 crgo
333 3406 492 3472 videmus
507 3403 605 3470 bodie
626 3403 824 3469 Lucianioos
846 3404 1006 3479 homines,
1030 3405 1086 3486 qui
1108 3413 1210 3469 totam
1262 3406 1309 3472 Ut
1331 3416 1433 3488 eaput
1452 3407 1514 3471 hoo
1534 3405 1742 3482 concludam,
1771 3406 1890 3487 quibus
1911 3417 2006 3471 atrox
2033 3405 2178 3484 malum,
2206 3416 2248 3472 ut

231 3492 356 3558 Obristi
396 3491 591 3575 religionem
631 3490 892 3573 subsannant:²)
933 3498 1092 3572 quotquot
1130 3490 1210 3555 item
1262 3499 1320 3568 est,
1344 3499 1496 3556 sensatur
1516 3492 1682 3573 impietas,
1715 3491 1751 3554 hi
1773 3511 1814 3555 ex
1836 3491 1899 3557 hac
1921 3492 2082 3574 gravitate
2104 3513 2245 3574 poenae,

231 3578 422 3661 Epicureos,
444 3577 501 3658 qui
523 3575 616 3640 nullo
627 3575 691 3640 Dei
715 3584 804 3640 metu
827 3574 868 3639 ad
893 3573 1074 3658 quamlibet
1095 3576 1209 3657 nequi·
1262 3597 1359 3658 quam
1388 3575 1523 3659 indigne
1544 3574 1708 3658 evangelii
1735 3577 1786 3640 sui
1815 3586 2040 3658 contemptum
2061 3577 2156 3641 ferat
2173 3579 2246 3643 Do-

230 3663 313 3727 tiam
332 3681 369 3726 se
413 3661 608 3726 rostituunt:
638 3659 774 3726 totidem
802 3661 944 3726 soiamus
973 3684 993 3724 a
1016 3661 1088 3724 Deo
1114 3659 1209 3725 nobis
1262 3662 1387 3739 minus,
1417 3661 1643 3743 aestimant:⁴)
1677 3668 1774 3742 atque
1800 3660 1862 3726 hoo
1890 3661 2083 3726 documento
2110 3663 2147 3726 in
2171 3665 2246 3736 eius

232 3755 310 3812 ante
331 3683 444 3810 oenias
465 3746 544 3825 poni
568 3744 731 3810 vindictae
741 3745 805 3809 Dei
827 3745 988 3827 exempla,
1010 3764 1094 3827 quae
1116 3740 1209 3810 nobis
1261 3745 1327 3810 fide
1348 3755 1382 3810 et
1404 3744 1588 3811 obedientia
1613 3748 1859 3812 confirmantur.
1904 3747 2102 3829 Agrippam,
2132 3746 2246 3818 Villa-

233 3830 396 3913 evangelii
408 3829 602 3912 dignitatem
620 3830 828 3911 pretiumque
845 3829 1082 3894 commendent.
1122 3831 1209 3895 Pau·
1260 3851 1435 3907 novenum,
1459 3830 1624 3909 Doletum,
1632 3831 1661 3912 ὅ)
1673 3840 1705 3894 et
1716 3830 1840 3895 similes
1851 3831 1950 3914 vulgo
1962 3839 2080 3895 notum
2098 3840 2150 3896 est
2169 3841 2247 3900 tan·

138 3982 141 3988 ,
231 3915 284 3980 lus
306 3915 424 3978 merito
445 3914 480 3977 in
502 3913 677 3994 reprobum
691 3934 832 3993 ,sensum
852 3922 886 3978 et
902 3914 1013 3978 foedae
1035 3914 1209 3996 probrique
1280 3985 1283 3988 ,

231 4000 348 4084 plenas
370 3997 565 4081 oupiditates
587 3997 746 4062 comestos
767 3997 868 4062 fuisse
889 3996 977 4074 dicit,
999 4001 1054 4079 qui
1064 3998 1129 4062 Dei
1151 4021 1209 4063 no-
1263 4008 1306 4012 “’
1417 4005 1464 4010 ”“·

194 4092 196 4095 .
232 4086 349 4162 titiam,
370 4083 477 4166 qualis
496 4105 541 4153 ¹ex
563 4082 631 4147 solo
651 4081 768 4146 mundi
791 4088 923 4165 aspectu
945 4083 1070 4165 oonoipi
1093 4091 1209 4165 potest,
1290 4132 1294 4139 .
1331 4118 1360 4177 1)
1379 4134 1439 4173 eum
1458 4083 1534 4171 Bm
1551 4123 1576 4172 et
1593 4118 1679 4172 Am
1708 4139 1713 4144 ἓ
2178 4128 2190 4135 γ’

232 4170 355 4235 iniuste
389 4176 654 4251 suppresserant:
688 4176 726 4230 ut
752 4167 809 4249 ‘¹¹¹³
835 4167 945 4232 Deum
977 4166 1211 4232 fraudaverant
1331 4186 1361 4252 a)
1378 4187 1468 4254 quens
1485 4187 1519 4240 as
1538 4194 1617 4239 osea
1634 4186 1755 4254 respiat
1772 4185 1798 4240 ιι
1817 4186 1866 4240 cat
1885 4195 1913 4239 a
1931 4194 2007 4240 toute
2026 4187 2154 4242 Divinitt.

233 4276 292 4320 suo
321 4255 462 4331 honore,
489 4261 656 4317 extremae
684 4251 884 4334 ignominiae
906 4252 1058 4329 subiecti,
1087 4252 1210 4318 iustam
1330 4254 1360 4319 3)
1380 4271 1413 4309 ne
1438 4256 1555 4324 doyvent
1580 4255 1655 4322 point
1678 4254 1830 4322 esempper
1851 4270 1903 4322 que
1923 4255 1991 4309 Dieu
2012 4253 2080 4309 m
2100 4256 2166 4315 sm
2189 4274 2246 4313 m

146 4334 148 4336 ’
233 4340 418 4422 reciperent
428 4337 679 4421 ingratitudinis
692 4358 769 4401 suae
779 4337 964 4402 mercedem
976 4338 1086 4421 (Rom.
1104 4343 1130 4414 1,
1143 4341 1209 4416 23),
1263 4325 1405 4377 execution
1421 4323 1533 4403 terrible
1552 4328 1580 4376 et
1598 4323 1643 4390 qui
1660 4322 1720 4376 face
1739 4322 1847 4376 dresser
1870 4322 1910 4375 les
1929 4321 2058 4376 cheveux‘
2069 4339 2104 4377 en
2122 4323 2152 4378 ls
2171 4330 2247 4383 teste

1263 4394 1279 4446 a
1297 4407 1364 4445 ceux
1383 4408 1427 4459 qur
1445 4407 1479 4445 en
1498 4397 1579 4459 oyent
1595 4390 1694 4458 parler.

169 4432 171 4434 v
233 4423 309 4504 QU⁰
330 4423 500 4522 iqdigniffl
521 4431 572 4488 θεῖ
588 4422 799 4521 ‚sfflfflegium
811 4423 975 4520 evffngelii
993 4433 1209 4521 fflnwmpfuffl
1331 4457 1361 4523 4)
1379 4458 1450 4510 Add.
1470 4458 1595 4526 Parquoy
1611 4465 1671 4512 tant
1688 4456 1745 4512 s’en
1763 4457 1823 4511 faut
1845 4456 1923 4525 qu’ils
1941 4463 2038 4526 soyent
2060 4458 2191 4512 troubles
2210 4461 2246 4515 de

234 4530 302 4573 non
324 4529 446 4572 mmm]
474 4520 541 4584 θῦῐ,
570 4529 597 4572 Sl
620 4518 761 4572 at1'0010r
789 4506 829 4570 de
858 4528 929 4589 lpso
958 4530 1045 4573 nuno
1067 4518 1212 4572 sumitur
1263 4528 1408 4580 voiroeux
1431 4528 1524 4594 quise
1548 4526 1713 4580 desbordcnt
1735 4526 1834 4581 atelle
1858 4525 2018 4594 impudenda
2041 4541 2095 4593 que
2118 4527 2247 4594 plustost

233 4591 389 4660 vindicta.
423 4591 512 4672 Quid
530 4591 641 4656 enim?
675 4594 730 4656 An
752 4592 810 4672 qui
832 4592 1028 4657 scintillulas
1044 4594 1079 4657 in
1096 4589 1212 4657 mnndi
1263 4595 1323 4650 cels
1338 4594 1379 4648 les
1397 4594 1532 4648 conforme
1549 4601 1597 4648 etc.

232 4678 356 4744 fabrica
378 4678 558 4742 emicantes
580 4697 640 4741 sua
658 4676 805 4742 socordia
826 4676 994 4760 exstingui
1017 4679 1103 4760 passi
1124 4687 1211 4756 suut,
1332 4661 1362 4727 5)
1384 4661 1517 4716 odoinus
1533 4662 1578 4717 ΜΟ
1592 4663 1687 4729 le'
1709 4676 1776 4716 ΜΘ
1793 4662 1894 4716 ΜΨ
1911 4661 2059 4729 ’ΜΝΜ
2071 4663 2247 4733 perarma

233 4765 305 4829 iure
323 4763 443 4846 plexos
465 4783 536 4827 esse
558 4762 746 4837 fatebimur:
777 4763 838 4843 qui
854 4771 967 4829 autem
986 4762 1120 4845 plenum
1143 4764 1212 4846 glo·
1243 4729 2254 4868 '{gammffiffljssiffif⁸⁸5fflawffiwffxffi-
2314 4779 2316 4785 ⁴

234 4851 302 4914 riae
320 4849 384 4912 Dei
403 4847 578 4932 fulgorem,
597 4847 652 4928 qui
675 4847 711 4910 in
734 4846 904 4930 evangelio
926 4847 1023 4925 lueet,
1047 4848 1210 4913 destinata
1260 4882 1339 4947 pam
1360 4883 1378 4919 a
1401 4866 1722 4947 thtssloeimroocpcb'i
1740 4867 1968 4946 contemptoribus
1989 4866 2166 4935 adnumeret,
2192 4883 2246 4923 aes

353 5070 358 5081 ,
470 5074 474 5081 ,
520 5076 525 5080 ,
811 5073 814 5080 ,
1053 5071 1056 5076 ,
1263 4932 1446 5084 ιιι
1462 4934 2159 5058 saraa
2189 5005 2246 5059 a

304 5067 332 5132 1)
351 5069 385 5123 ils
403 5074 518 5145 mettent
536 5068 562 5123 le
581 5080 754 5145 neztcomme
773 5083 806 5132 en
825 5073 962 5147 passast..
1249 5086 1327 5151 raas
1344 5070 1534 5151 depauperet
1551 5069 1766 5139 Descripturus
1787 5086 1884 5126 sanae
1905 5071 2057 5124 suarm
2095 5071 2246 5127 Fortassis

194 5153 198 5158 ·
270 5162 272 5167 ,
305 5134 336 5199 2)
350 5135 402 5190 *des
420 5151 581 5205 mosqueurs
599 5149 644 5203 qur
663 5148 727 5189 sous
746 5138 874 5192 couleurs
893 5135 1005 5190 subtiles
1020 5151 1049 5190 se
1062 5137 1162 5202 gabant
1180 5134 1213 5191 de
1265 5144 1346 5193 aaa
1361 5144 1691 5220 soepbasmrusaspeotam
1707 5141 1823 5195 babebat
1838 5145 1864 5193 et
1879 5139 2121 5206 meretricaris-s
2135 5140 2247 5207 praeta

87 5224 89 5227 v
235 5200 264 5255 la
282 5201 457 5258 chrestiente.
1265 5208 1336 5262 sutis
1352 5207 1452 5262 dubiae
1473 5213 1500 5261 et
1521 5213 1668 5262 seductae
1689 5208 1804 5278 tadeus,
1825 5208 1945 5277 theologo
1967 5208 2076 5276 aremii
2089 5209 2246 5265 'luciditate
2306 5212 2314 5219 “
