4800 5902
218 276 287 340 aaa
994 311 1002 325 .
1025 266 1091 335 na
1112 265 1336 334 munaus
1356 263 1441 329 om
2179 269 2244 330 aaa

227 462 295 527 Dei
328 456 511 525 cultoribus
541 457 655 523 utilius
682 456 917 522 moderationis
950 454 1125 520 consilium
1158 454 1214 520 de-
1267 472 1347 519 vero
1376 451 1418 518 de
1445 475 1481 519 re
1510 453 1584 537 ipsa
1616 450 1789 518 nobiseum
1815 452 2008 532 sentientes,
2040 453 2246 535 supprimere

230 546 334 621 disee,
375 563 474 625 quam
507 543 536 608 si
571 541 756 624 aquilarum
794 542 913 626 pennis
944 540 1081 606 vestitos
1116 560 1216 623 supra
1268 548 1380 603 tamen
1406 539 1539 604 malunt
1566 538 1655 603 hanc
1679 537 1846 604 doctrinae
1866 543 2010 621 partem,
2039 558 2082 603 ne
2101 537 2248 604 habenas

230 630 336 696 nubes
355 627 539 693 extulisset.
562 627 691 709 Quavis
709 628 799 692 enim
816 627 979 710 sapientia
995 627 1217 708 praestantior
1266 623 1382 689 laxent
1403 624 1582 708 impiorum
1603 622 1821 706 petulantiae,
1843 624 1943 688 nimis
1986 631 2175 706 raepostera
2195 632 2249 688 est

230 724 282 781 est
303 714 480 791 sobrietas,
509 734 595 796 quae
615 712 681 779 Dei
711 714 831 777 timore
853 712 988 777 subacta
1008 712 1098 776 iutra
1120 733 1216 795 prae·
1267 712 1332 775 ista
1353 710 1469 775 cautio.
1504 707 1609 790 Quasi
1630 729 1709 773 vero
1730 710 1851 775 nostris
1872 729 1949 773 men
1973 708 2053 774 aclis
2073 715 2248 799 protegen·
2274 746 2277 752 ·

230 801 391 882 scriptum
425 799 467 863 ab
502 819 541 864 oc
575 798 783 882 intelligendi
822 795 958 862 modum
991 818 1027 862 se
1059 797 1215 862 continet.
1268 795 1331 860 dus
1353 796 1397 859 sit
1417 792 1483 861 Dei
1505 794 1620 859 honor.
1652 793 1730 877 Ipse
1752 815 1831 861 vero
1853 793 1916 858 hoc
1938 794 2157 876 patrocinium
2179 815 2249 861 non

229 886 316 951 Eam
361 882 494 968 superbi
538 883 690 949 homines
732 883 941 968 ignorantiae
988 883 1138 958 nomine,
1188 883 1216 947 si
1267 879 1365 945 modo
1398 881 1493 946 nobis
1525 881 1681 958 remittit,
1695 881 1718 960 ¹)
1752 879 1809 945 sed
1841 900 1977 963 prorsus
2008 900 2144 947 exosum
2175 901 2249 946 esse

231 970 380 1048 libuerit,
406 970 583 1035 infament:
612 968 710 1035 modo
737 968 823 1052 quod
850 968 888 1032 in
916 989 997 1033 vera
1018 968 1180 1051 sapientia
1190 969 1215 1049 ¹)
1269 973 1411 1031 testatur
1431 966 1468 1030 in
1489 964 1573 1031 libro
1594 964 1662 1030 Iob.
1702 964 1854 1032 Oaveant
1874 966 1993 1048 potius,
2015 987 2058 1030 ne
2078 967 2248 1043 maiorem,

229 1056 445 1142 praecipuum
468 1064 519 1120 est
541 1059 663 1131 teneat,
686 1051 753 1120 Dei
774 1054 982 1120 voluntatem
1003 1073 1064 1137 pro
1086 1073 1217 1118 summa
1268 1071 1368 1133 quam
1396 1052 1563 1117 Dominus
1585 1051 1686 1116 verbo
1714 1071 1773 1116 suo
1799 1051 2008 1134 praeseribit,
2035 1050 2248 1133 prudentiam

230 1142 375 1208 metitiae
396 1161 515 1205 norma
532 1139 694 1219 habendo,
717 1138 879 1206 scamilli
898 1140 1128 1223 propriamque
1146 1138 1216 1221 glo-
1269 1136 1452 1203 affectando
1474 1137 1615 1224 duplicis
1636 1137 1785 1202 insaniae
1804 1157 1840 1201 se
1859 1157 1933 1202 reos
1953 1136 2085 1201 famant

229 1229 314 1292 riam
336 1226 492 1291 tribuere.
1355 1220 1555 1306 Quanquam
1566 1230 1604 1287 ut
1616 1221 1834 1305 reprimendis
1843 1221 2019 1304 impiorum
2032 1221 2248 1305 blasphemiis

317 1311 440 1395 Pigbio
462 1321 575 1376 tamen
596 1318 630 1375 et
652 1310 816 1375 similibus
838 1307 987 1374 nondum
1008 1310 1216 1375 safisfactum
1268 1309 1414 1372 maxime
1446 1308 1538 1373 utilis
1570 1308 1628 1385 sit,
1660 1328 1759 1390 quam
1790 1306 2036 1385 commendant,
2069 1308 2248 1374 sobrietas:

171 1450 174 1458 .
231 1405 291 1464 est.
336 1397 425 1461 Nam
446 1395 644 1461 simulantes
666 1416 764 1462 curae
786 1396 849 1461 sibi
871 1416 942 1460 esse
958 1395 1025 1461 Dei
1047 1395 1215 1474 honorem,
1269 1393 1355 1476 quod
1384 1402 1498 1458 tamen
1527 1392 1678 1458 homines
1698 1393 1771 1458 Deo
1800 1394 2029 1476 immorigeros
2056 1403 2124 1457 tam
2151 1393 2249 1460 facile

229 1483 327 1549 nobis
348 1481 530 1562 oblatrant,
560 1482 656 1565 quasi
677 1480 819 1546 alienam
840 1480 893 1545 illi·
912 1502 973 1546 sua
1001 1489 1121 1545 natura
1142 1500 1216 1544 cru-
1269 1478 1338 1545 suis
1360 1479 1491 1544 dictatis
1512 1480 1699 1545 frasnetum
1719 1480 1760 1543 iri
1782 1479 1844 1544 sibi
1865 1478 2079 1560 persuadent,
2106 1478 2250 1546 ridicula

230 1568 402 1634 delitatem
429 1567 674 1652 affingeutibus.
719 1566 830 1651 Negat
857 1566 920 1633 sibi
948 1586 1024 1631 cum
1044 1567 1118 1631 Deo
1145 1587 1217 1631 esee
1269 1575 1322 1630 est
1341 1585 1456 1630 eorum
1477 1564 1606 1630 fiducia.
1645 1565 1771 1630 Paulus
1792 1564 1849 1630 ubi
1871 1563 1912 1629 de
1933 1564 2061 1630 arcanis
2081 1565 2147 1630 Dei
2168 1585 2249 1630 con·

230 1661 410 1719 certamen.
456 1651 566 1733 Quam
591 1653 598 1666 ‘
627 1655 701 1730 tur,
724 1652 779 1718 vel
800 1653 895 1718 cuius
917 1671 1055 1717 causam
1077 1653 1219 1717 sustinet
1269 1649 1365 1727 siliis,
1395 1658 1557 1733 quatenus
1585 1671 1670 1733 opus
1697 1659 1782 1728 erat,
1813 1649 1984 1728 dissensit,
2013 1651 2106 1733 quasi
2126 1650 2249 1716 iniecta

228 1737 382 1804 Paulus?
405 1739 587 1821 Postquam
635 1759 673 1803 oo
694 1738 825 1802 axioma
842 1737 963 1821 posuit,
985 1737 1098 1802 Deum
1120 1757 1217 1819 quem
1269 1756 1371 1800 manu
1392 1735 1481 1800 ultra
1502 1735 1654 1819 progredi
1676 1744 1776 1802 vetat.
1812 1735 2004 1813 (lalcitrant,
2026 1736 2248 1818 proterviunt,

230 1824 308 1890 vult
328 1822 497 1903 indurare,
520 1832 555 1889 et
576 1825 669 1890 cuius
691 1822 767 1889 vult
787 1823 950 1889 misereri:
972 1844 1033 1906 per
1055 1822 1217 1907 anthypo·
1270 1842 1308 1885 ao
1327 1820 1507 1887 desultoria
1518 1822 1651 1888 levitate
1667 1821 1755 1886 ultra
1772 1822 1900 1886 finitam
1918 1820 1980 1887 sibi
1997 1831 2122 1887 metam
2138 1832 2249 1888 mane·

233 1910 373 1993 phorom
396 1909 583 1993 subiicit:²)
619 1908 712 1991 Quid
733 1929 813 1992 ergo
837 1913 912 1988 [pag.
937 1912 990 1987 21]
1012 1907 1120 1972 adhuc
1140 1928 1216 1973 con·
1271 1906 1385 1972 volant
1407 1908 1547 1992 inquieti
1571 1908 1761 1991 spiritusfl)
1784 1904 1946 1990 quomodo
1966 1907 2070 1990 igitur
2086 1907 2129 1972 ad
2147 1909 2248 1974 unius

232 1993 405 2078 queritur?
449 1994 625 2060 Voluntati
664 1995 735 2059 eius
772 1994 845 2076 quis
884 1993 1037 2059 resistet?
1090 1994 1217 2058 uanae
1271 1992 1323 2058 vel
1351 1992 1496 2058 alterius-
1509 1999 1629 2058 nutum
1650 1991 1846 2070 subsistent,
1874 1994 1930 2076 qui
1950 1992 2160 2076 angustiores
2182 1993 2249 2059 illis

229 2080 458 2164 blasphemiae
479 2102 548 2145 non
570 2079 661 2145 aliud
679 2101 778 2163 quam
790 2079 857 2144 Dei
872 2080 1054 2163 potentiam
1071 2079 1215 2162 opponit.
1269 2076 1385 2143 stadiis
1415 2078 1576 2144 earaeellos
1604 2077 1869 2161 circumornata)
1898 2100 1935 2144 ac
1958 2079 1986 2142 si
2012 2079 2086 2161 quis
2106 2079 2248 2144 ferocem

231 2163 271 2231 Si
287 2162 361 2230 Deo
379 2167 518 2249 tyranni
536 2186 714 2249 personam
731 2164 885 2243 induunt,
907 2166 964 2247 qui
983 2164 1025 2229 ad
1043 2175 1215 2230 aetemum
1269 2184 1400 2246 equum,
1424 2166 1480 2247 qui
1501 2165 1615 2230 fractu
1632 2164 1799 2248 repagulis
1807 2164 1836 2247 ⁴)
1855 2164 2009 2242 exsultat,
2032 2184 2172 2229 araneae
2192 2165 2249 2230 filo

230 2272 335 2334 usque
368 2251 440 2316 eius
473 2250 647 2316 consilium
687 2251 837 2316 referunt
875 2251 1046 2315 hominum
1079 2249 1216 2315 indura-
1268 2250 1411 2314 retinere
1433 2255 1509 2329 [pag.
1530 2255 1585 2328 23]
1608 2257 1723 2315 tentet.
1767 2249 1911 2328 Verum,
1938 2250 1975 2313 in
1996 2270 2032 2314 re
2053 2258 2123 2315 tam
2144 2251 2249 2315 ardua

229 2338 370 2402 tionem:
411 2356 474 2402 nos
506 2345 596 2403 certe
634 2357 702 2402 non
742 2357 857 2402 sumus
897 2336 996 2400 huius
1032 2337 1216 2401 sententiae
1269 2344 1303 2399 et
1323 2334 1492 2399 recondita
1513 2335 1599 2399 nihil
1620 2335 1739 2400 melius
1762 2356 1861 2418 quam
1882 2334 1989 2400 sobrie
2011 2356 2134 2418 sapere.
2163 2334 2249 2417 Quis

229 2426 411 2505 autores.⁸)
456 2419 496 2488 Si
517 2423 591 2488 Deo
614 2429 695 2487 eunt
715 2422 841 2500 iniurii,
863 2422 982 2504 quibus
1004 2421 1075 2486 eius
1097 2420 1215 2487 volun·
1268 2419 1390 2504 negat?
1435 2420 1628 2486 Videndum
1648 2430 1761 2486 tamen
1788 2421 1889 2503 simul
1911 2436 1976 2500 est,
2006 2421 2079 2503 quis
2101 2426 2248 2504 optimus

228 2507 457 2573 taeaomnibus
480 2509 589 2572 causis
610 2507 719 2590 potior
739 2516 800 2585 est,
822 2506 884 2572 hoc
905 2506 1032 2572 Paulus
1054 2515 1132 2571 ante
1154 2527 1215 2572 nos
1268 2506 1312 2572 sit
1333 2505 1519 2572 sobrietatis
1540 2505 1670 2572 modus:
1700 2527 1743 2571 ue
1764 2505 1852 2572 idem
1873 2505 1969 2572 uobis
1996 2505 2082 2590 quod
2108 2507 2248 2590 papistis

228 2591 375 2657 tradidit.
428 2593 514 2658 Oum
542 2614 581 2657 eo
608 2593 712 2675 igitur
737 2591 929 2674 disceptent.
981 2592 1096 2674 Neque
1125 2593 1215 2656 enim
1267 2591 1451 2675 contingat,
1480 2593 1536 2675 qui
1558 2602 1595 2656 ut
1616 2591 1791 2676 discipulos
1813 2592 1958 2657 habeant
1977 2593 2247 2675 obsequentes,⁶)

229 2677 319 2743 aliud
341 2677 379 2741 in
401 2677 591 2760 praesentia
609 2676 751 2760 disputo,
773 2699 872 2761 quam
894 2678 935 2743 ab
957 2698 996 2742 eo
1018 2679 1119 2742 fuisse
1139 2698 1215 2761 pro-
1268 2677 1374 2743 brutis
1395 2677 1576 2761 pecudibus
1602 2678 1727 2743 similes
1750 2698 1821 2744 esse
1843 2679 1966 2744 iubent.
2010 2677 2177 2748 Haeccine
2197 2687 2252 2743 eet

90 2788 94 2795 ·
189 2816 194 2826 .
230 2763 336 2828 ditum
359 2761 449 2845 quod
471 2761 635 2828 docemus.
680 2761 882 2845 Quanquam
910 2761 950 2828 de
978 2763 1115 2828 canibus
1141 2764 1215 2827 istis
1267 2762 1450 2829 christiana
1478 2763 1686 2847 simplicitas,
1715 2785 1844 2842 eorum,
1872 2783 1956 2846 quae
1977 2764 2070 2829 Deus
2090 2762 2246 2843 ostendit,

229 2869 298 2914 non
320 2847 402 2914 adeo
429 2869 538 2914 essem
566 2848 737 2913 eollioitus.
781 2849 893 2933 Magis
917 2847 1125 2931 quorundam
1148 2869 1215 2914 non
1267 2849 1439 2914 scientiam
1468 2851 1561 2933 quasi
1586 2851 1720 2915 noriam
1748 2848 1921 2933 refugere?
1965 2848 2053 2926 Hoc,
2081 2849 2247 2932 inquiunt,

226 2933 392 2999 malorum
414 2933 537 3016 alioqui
565 2932 739 2998 hominum
762 2933 913 2999 anxietas
942 2954 996 2999 me
1018 2942 1214 3013 commovet,
1267 2932 1389 3017 absque
1410 2935 1537 3000 iactura
1565 2936 1692 3001 nescire
1719 2936 1769 3000 fas
1796 2944 1855 3000 est.
1901 2933 2005 3016 Quasi
2033 2956 2102 2999 non
2129 2935 2247 3002 melius

228 3021 283 3103 qui
318 3019 398 3084 dum
437 3026 595 3085 metuunt
633 3018 810 3103 quidquam
844 3018 917 3084 Deo
957 3020 1029 3085 eius
1068 3019 1214 3085 bonitate
1267 3018 1462 3086 iudicaverit
1478 3021 1630 3104 coelestis
1646 3021 1813 3105 magister,
1830 3021 1910 3104 quid
1928 3021 2013 3087 scire
2028 3029 2063 3085 et
2078 3036 2248 3105 quousque

226 3104 403 3190 indignum
431 3104 632 3183 adscribere,
664 3105 728 3171 hoo
756 3104 867 3188 ipsum
895 3104 1092 3183 exhorrent,
1127 3105 1215 3188 quod
1267 3104 1429 3187 expediat.
1474 3106 1566 3190 Ergo
1597 3127 1640 3171 ne
1673 3106 1727 3172 vel
1758 3106 1796 3171 in
1823 3108 1917 3190 aquis
1945 3107 2160 3184 fluctuamur,
2193 3106 2246 3172 vel

227 3190 268 3255 de
295 3211 331 3256 se
360 3211 422 3274 per
448 3211 486 3256 oe
512 3190 611 3256 Pauli
638 3189 734 3256 Deus
761 3198 912 3256 testatur.
956 3191 1057 3256 Pium
1082 3190 1214 3274 quidem
1267 3191 1359 3256 dubii
1387 3198 1422 3257 et
1450 3193 1528 3276 vagi
1561 3192 1832 3259 circumferamur
1865 3213 1925 3275 per
1952 3190 2097 3257 medium
2125 3213 2246 3269 aerem,

226 3276 423 3343 asserendae
447 3277 488 3343 ab
513 3276 604 3353 omni
626 3276 794 3342 calumnia
814 3274 881 3339 Dei
901 3276 1044 3342 iustitiae
1067 3275 1214 3341 studium
1266 3277 1320 3342 vel
1342 3276 1441 3342 altius
1463 3276 1582 3361 pedem
1602 3276 1743 3362 figendo,
1765 3300 1865 3361 quam
1887 3298 1948 3361 par
1966 3286 2026 3356 est,
2054 3279 2088 3349 iu
2110 3278 2246 3362 profun-

226 3362 416 3446 ampleetor.
461 3361 648 3428 Laudanda
669 3383 797 3445 quoque
823 3360 986 3427 modestia
1013 3371 1113 3440 esset,
1147 3363 1212 3429 nisi
1266 3360 1345 3427 dum
1366 3383 1576 3448 mergamur:
1599 3365 1646 3431 sic
1668 3384 1729 3430 nos
1751 3363 1825 3429 Deo
1847 3364 2062 3447 praebeamus
2083 3363 2247 3447 regendos

226 3469 301 3514 eam
324 3449 477 3534 gigneret
504 3448 681 3514 morositas
709 3447 835 3514 occulto
863 3446 1006 3530 quodam
1032 3448 1118 3513 fastu
1142 3456 1212 3514 tur·
1266 3456 1299 3513 et
1320 3447 1497 3529 docendos,
1531 3459 1570 3514 ut
1597 3449 1739 3535 simplici
1767 3450 1840 3515 eius
1867 3452 1969 3516 verbo
1995 3451 2143 3516 contenti
2194 3450 2246 3515 lus

224 3534 315 3618 gida:
338 3533 501 3618 siquidem
524 3555 566 3599 er
588 3535 721 3617 proprio
743 3555 843 3600 sensu
864 3532 1054 3616 loquuntur.
1063 3534 1093 3617 ⁴)
1137 3534 1209 3600 (lur
1265 3535 1350 3600 scire
1372 3556 1471 3618 quam
1500 3535 1570 3602 illie
1591 3537 1793 3620 reperiemus
1820 3557 1863 3600 ne
1885 3543 2081 3618 appetamus
2102 3535 2159 3619 qui
2182 3557 2246 3614 em,

225 3620 316 3684 euim
342 3629 517 3699 verentur,
550 3619 579 3683 si
607 3618 687 3702 quid
716 3619 806 3685 ultra
833 3619 955 3684 mentis
976 3640 1056 3684 suae
1078 3628 1211 3702 captum
1265 3621 1364 3685 etim
1387 3622 1414 3686 si
1438 3620 1534 3687 detur
1553 3621 1702 3688 facultas.
1746 3621 1845 3696 Haeo,
1861 3621 2019 3699 docilitas,
2042 3641 2107 3704 qua
2127 3642 2246 3693 sensere

224 3704 289 3768 Dei
311 3705 481 3786 potentiae
503 3703 702 3784 concedant,
730 3726 773 3769 ne
795 3703 1001 3787 periclitetur
1023 3705 1094 3770 eius
1115 3706 1211 3772 iusti·
1264 3726 1379 3771 omnes
1401 3726 1478 3772 euos
1499 3709 1575 3791 pius
1592 3707 1691 3773 homo
1708 3709 1770 3772 sub
1781 3708 1846 3773 Dei
1866 3706 1968 3773 uerbo
1985 3709 2143 3784 continet,
2165 3727 2246 3772 vera

225 3791 281 3866 tia,
305 3789 371 3854 nisi
393 3791 472 3871 quia
493 3794 566 3854 eius
588 3789 734 3854 tribunal
756 3810 837 3854 suae
853 3791 1032 3874 cognitioni
1049 3791 1210 3858 subiicere
1264 3799 1314 3857 est
1336 3811 1374 3857 ao
1396 3793 1495 3858 unica
1516 3792 1664 3876 sapiendi
1681 3794 1805 3877 regula.
1833 3792 1921 3858 Nam
1943 3804 1977 3858 et
1998 3812 2166 3875 quousque
2183 3813 2245 3860 noe

227 3895 296 3939 nen
318 3872 493 3939 dubitant?
516 3875 645 3939 Paulus
666 3873 908 3939 intolerabilem
929 3895 1001 3940 esse
1022 3878 1210 3960 superbiam
1262 3885 1414 3961 porrecta
1439 3898 1541 3943 manu
1571 3879 1711 3945 ducitis
1733 3880 1789 3961 qui
1816 3880 1871 3944 via
1890 3885 1955 3958 est,
1989 3879 2082 3943 cuius
2109 3878 2247 3961 spiritus

226 3959 383 4039 ostendit,
403 3960 433 4026 si
454 3959 606 4024 mortalis
628 3960 726 4024 homo
748 3959 812 4025 sibi
834 3958 992 4026 iudicium
1014 3961 1050 4026 in
1072 3963 1209 4028 fratrem
1263 3984 1323 4046 per
1350 3963 1513 4047 apostolos
1540 3973 1574 4029 et
1594 3964 1772 4047 prophetas
1798 3964 1954 4048 loquutus
1976 3972 2041 4041 est,
2063 3973 2172 4028 tutum
2193 3970 2245 4029 est

226 4053 352 4123 sumat,
382 4046 460 4128 quia
481 4066 570 4110 nnus
591 4044 637 4110 sit
657 4043 774 4124 iudex,
802 4047 857 4111 cui
884 4055 1012 4112 stamus
1040 4069 1154 4115 omnes
1176 4058 1211 4114 et
1263 4050 1370 4131 sequi:
1393 4057 1477 4114 etsu
1501 4070 1680 4115 racmnem
1696 4050 1861 4115 humanae
1877 4049 1998 4115 mentis
2008 4048 2245 4133 perspicaciam
2300 4059 2304 4067 '

226 4131 384 4210 cadimus,
407 4139 442 4197 et
463 4132 514 4196 cui
536 4151 634 4199 omne
656 4150 747 4215 genu
768 4131 856 4196 flecti
878 4140 1006 4215 oportet
1028 4134 1138 4218 (Rom.
1159 4140 1208 4214 14,
1263 4134 1362 4218 longe
1383 4072 1517 4200 excellt
1538 4156 1654 4201 eorum
1674 4136 1869 4219 ignorantia,
1893 4135 2030 4219 quaein
2047 4133 2114 4199 Dei
2132 4134 2246 4200 schola

228 4217 293 4299 10).
338 4216 444 4284 Ouios
470 4237 550 4300 ergo
575 4217 725 4280 insaniae
752 4217 829 4295 erit,
862 4219 978 4284 oristas
1003 4219 1040 4284 in
1068 4219 1209 4286 iudicem
1263 4240 1332 4284 non
1360 4218 1540 4285 discuntur.
1584 4221 1703 4303 Itaque
1732 4242 1799 4286 non
1832 4221 1943 4286 minus
1971 4242 1991 4285 a
2024 4220 2093 4287 suis
2127 4220 2259 4291 ovibus,

227 4307 302 4380 [pag.
322 4305 377 4380 22]
404 4302 515 4384 ipsum
538 4301 705 4381 attollere,
735 4309 775 4366 ut
801 4305 871 4368 eius
892 4312 1087 4387 potestatem
1109 4328 1210 4372 seusu
1264 4306 1370 4388 exigit
1391 4305 1561 4385 Christus,
1594 4316 1633 4373 ut
1651 4307 1728 4372 ,voci
1749 4328 1827 4373 suae
1849 4305 2051 4383 auscultent,
2083 4326 2184 4389 quam
2206 4316 2246 4370 ut

225 4395 339 4453 nostro
360 4386 561 4452 metiamur?
588 4389 681 4472 Ergo
704 4389 761 4470 qui
783 4390 1016 4456 verecundiam
1038 4391 1125 4459 hanc
1147 4391 1209 4458 sibi
1264 4390 1448 4457 alienorum
1476 4391 1610 4458 vocibus
1643 4412 1741 4459 aures
1765 4391 1910 4459 habeant
1936 4392 2129 4460 obstructas.
2173 4391 2248 4458 Nec

226 4472 357 4538 obstare
380 4481 579 4553 causantur,
608 4494 652 4538 ne
676 4473 782 4540 Paulo
807 4475 1031 4543 subscribant:
1064 4480 1208 4561 primum
1263 4497 1343 4542 sane
1371 4476 1468 4542 aliter
1488 4479 1560 4544 fieri
1580 4485 1704 4561 potest,
1735 4498 1834 4561 qnam
1856 4485 1896 4543 ut
1921 4478 1957 4543 in
1978 4498 2117 4543 vacuam
2139 4476 2245 4542 solida

224 4558 394 4624 fateantur
421 4579 555 4625 neeesse
576 4572 642 4638 est,
675 4579 774 4642 quam
803 4560 876 4627 Deo
901 4562 1048 4629 iustitiae
1075 4563 1208 4629 laudem

225 4644 392 4724 ‘leserunt’
423 4666 459 4710 ⁸⁰
481 4645 523 4711 ad
545 4647 647 4711 animi
674 4647 727 4711 wi
748 4667 885 4712 ”nsum
907 4649 1121 4734 wlfingo&
1156 4650 1208 4714 Sin
1334 4698 1363 4765 1)
1382 4699 1402 4753 11
1418 4715 1488 4754 nous
1507 4699 1594 4768 quitte
1612 4715 1665 4754 une
1683 4700 1748 4754 telle
1766 4700 1847 4769 faqon
1865 4698 2056 4754 d’advocasser
2072 4714 2144 4768 poor
2161 4699 2215 4768 luy.

1331 4766 1363 4832 2)
1381 4768 1456 4823 Add.
1473 4783 1528 4822 nou
1547 4767 1657 4823 obstant
1675 4768 1703 4823 la
1720 4768 1832 4823 defense
1850 4768 1887 4823 du
1905 4767 2111 4836 sainct-Eeprit.

1332 4835 1363 4902 3)
1381 4836 1551 4891 blainteuant
1568 4837 1592 4891 ai
1609 4838 1740 4906 quelques
1756 4838 1879 4893 hommes
1895 4836 2008 4892 monela
2021 4837 2197 4892 retraucheut
2207 4835 2246 4891 de

294 4903 323 4966 l)
343 4901 475 4970 sapientia
494 4901 548 4957 iam
567 4900 675 4957 Ganos.
691 4909 717 4958 ct
734 4919 805 4973 seqq.
823 4919 923 4959 emises.
1264 4919 1296 4959 ce
1316 4920 1369 4974 que
1387 4904 1413 4960 S.
1431 4905 1500 4969 Paul
1518 4920 1536 4958 a
1553 4904 1609 4960 dict
1631 4912 1660 4960 et
1681 4906 1792 4960 voulent
1814 4906 1885 4960 tenir
1906 4906 1947 4961 les
1970 4904 2162 4962 entendemens
2178 4905 2243 4973 plue

293 4969 324 5036 2)
342 4971 361 5023 il
384 4969 517 5025 demando
541 4970 735 5040 al’oppcsite,
764 4988 866 5028 comme
891 4988 925 5027 en
948 4972 981 5030 la,
999 4987 1136 5041 personne
1159 4972 1208 5027 des
1264 4988 1392 5028 cnserrea
1415 4989 1468 5042 quc
1485 4971 1644 5029 l’Escriture
1661 4990 1696 5029 ne
1714 4973 1779 5044 fait,
1802 4976 1828 5028 ie
1844 4990 1913 5029 vous
1929 4975 2003 5043 prio,
2024 4989 2093 5028 ceux
2116 4973 2163 5042 qui
2180 4979 2242 5027 sont

225 5039 399 5092 mesdisam:
1264 5043 1333 5098 ainai
1350 5041 1462 5112 volagea
1481 5057 1510 5096 se
1528 5042 1666 5097 tiendront
1681 5043 1716 5097 ils
1735 5058 1800 5112 coya
1815 5045 1836 5099 a
1852 5043 1911 5098 leur
1927 5042 2051 5111 appetit?
2073 5104 2081 5117 ι

293 5104 324 5167 3)
343 5107 410 5159 mais
427 5106 453 5160 le
470 5107 560 5186 ¹attinet
575 5107 679 5174 Esprit.
1333 5108 1364 5176 4)
1384 5126 1465 5180 apres
1482 5109 1547 5179 qu’il
1564 5113 1654 5166 saucit
1670 5128 1768 5180 rompu
1784 5111 1859 5165 bride
1878 5110 1942 5166 liool
1960 5118 1988 5166 et
1998 5112 2086 5166 barre.

293 5175 325 5240 4)
344 5173 407 5229 Hoc
422 5175 546 5230 acum
564 5191 667 5231 mmo
685 5175 758 5233 deest
775 5178 807 5235 ia
823 5180 954 5233 macac.
1332 5178 1361 5247 b)
1380 5179 1499 5249 lesquels
1516 5195 1551 5234 nc
1568 5188 1696 5235 trouvent
1713 5180 1787 5235 nulle
1805 5181 1893 5235 bonne
1911 5180 2062 5248 simplicite.
