4604 5896
83 338 147 400 cor
847 332 1110 403 marsanam
1133 323 1357 402 swam.
2037 343 2100 407 soa
2162 355 2165 361 ’

89 532 285 601 commento,
318 543 395 588 rore
426 521 557 589 coelesti
590 524 860 590 transformatam
895 525 931 589 in
960 526 1071 590 Deum
1210 520 1307 602 Quod
1330 531 1399 590 tam
1421 524 1561 591 absurde
1584 533 1616 590 et
1637 524 1738 608 impis
1759 513 1959 604 effutivdrat,
1987 525 2103 593 Chris-

87 628 160 674 cssc
183 608 363 674 humanam
385 610 568 686 materiam,
590 628 699 676 novus
717 616 828 674 tamen
846 609 936 676 color
953 631 973 675 a
990 608 1070 675 Ser·
1122 616 1194 673 tum
1216 607 1385 675 hominem
1412 631 1480 675 non
1512 631 1583 676 esse
1615 619 1816 691 creaturam,
1838 633 1900 677 nec
1930 632 2026 695 posse
2053 613 2102 678 ita

88 702 165 761 veto
187 691 365 773 inducitur,
401 695 627 760 transformari
655 696 744 778 quod
771 695 837 760 alia
868 695 974 779 gloria
995 695 1070 760 illu-
1122 694 1250 771 vocari,
1282 716 1325 759 na
1338 706 1342 712 '
1357 716 1423 760 uno
1456 694 1589 778 quidem
1626 697 1726 762 verbo
1759 718 1901 782 purgare
1936 696 2100 780 dignatur.

89 787 216 845 suatur
235 799 334 862 quam
355 780 456 862 prius.
503 779 608 861 Quasi
636 802 715 847 vcro
742 782 866 846 formae
879 780 903 866 ¹)
930 782 1070 846 mutatio
1122 778 1228 860 Quasi
1259 779 1348 846 filius
1375 780 1516 847 Davidis
1545 803 1612 846 non
1645 784 1689 847 sit
1720 790 1887 848 creatura:
1920 783 2014 865 quasi
2046 785 2115 865 qui'

92 871 167 944 [pag.
193 871 268 944 196]
296 867 455 930 materiae
483 866 729 932 transformatio
751 865 814 931 dici
836 878 942 949 queat
986 866 1070 933 (lae-
1121 866 1228 930 factus
1260 864 1395 943 dicitur,
1428 876 1462 931 et
1494 874 1625 932 creatus
1654 887 1696 932 ex
1723 869 1874 947 homine,
1907 889 1975 932 non
2002 868 2103 933 ctiam

86 958 198 1016 terum
220 949 376 1017 irascitur
397 949 568 1030 Servatus,
590 953 668 1034 quia
684 951 810 1017 Ohristi
831 951 972 1049 gloriam
988 973 1070 1018 voco
1122 958 1273 1016 creatura
1297 960 1442 1017 vocetur.
1488 950 1688 1035 Quanquam
1716 952 1778 1018 hoc
1811 975 1872 1037 ego
1898 974 1964 1017 non
1991 954 2102 1018 minus

87 1035 289 1119 qualitatem,
324 1058 426 1119 quum
459 1036 518 1103 lux
550 1037 650 1103 fuerit
681 1037 915 1103 substanualis.
965 1036 1071 1118 Quasi
1123 1036 1249 1117 stupori
1271 1056 1370 1118 quam
1392 1037 1563 1118 superbiae
1585 1037 1703 1103 tribuo.
1739 1039 1781 1103 In
1802 1059 1868 1103 una
1890 1049 2002 1104 tamen
2022 1060 2103 1105 voce

87 1141 168 1189 vero
197 1124 360 1206 magicum
387 1122 460 1187 eius
493 1121 647 1187 delirium
681 1142 741 1205 pro
777 1122 925 1188 confesso
957 1123 1070 1188 valere
1122 1121 1255 1186 tandem
1274 1121 1418 1187 latebras
1440 1124 1618 1205 quaeritat,
1651 1122 1728 1205 quia
1755 1121 1796 1188 de
1816 1145 1889 1189 meo
1910 1123 2100 1189 adiecerim:

87 1207 176 1272 inter
207 1227 268 1272 nos
290 1206 416 1284 debeat,
449 1208 536 1290 quod
569 1229 611 1272 ax
633 1216 767 1273 aeterna
788 1209 853 1273 Dei
884 1209 1070 1274 substantia
1122 1204 1294 1286 Quatenus
1325 1207 1423 1272 homo
1455 1215 1515 1272 cst.
1559 1209 1663 1291 Atqui
1689 1208 1764 1290 plus
1796 1210 1867 1291 ipse
1899 1211 1967 1274 suis
1989 1210 2101 1275 verbis

88 1292 230 1358 formata
251 1294 293 1357 sit
316 1291 442 1358 Christi
465 1314 551 1370 caro,
573 1314 611 1358 ac
632 1314 700 1358 non
720 1294 827 1376 potior
849 1294 893 1358 sit
914 1294 977 1376 piis
998 1314 1069 1358 om·
1121 1301 1337 1375 expresserat,
1358 1314 1458 1376 quam
1476 1293 1663 1372 retrderam,
1685 1293 1851 1359 hominem
1870 1295 1979 1378 ipsum
1996 1296 2102 1361 cruci-

86 1378 186 1444 nibus
224 1379 408 1462 scripturae
442 1379 610 1457 autoritas,
650 1399 733 1460 quae
772 1378 897 1445 Christi
936 1400 1068 1446 carnem
1121 1378 1226 1441 fixum
1248 1375 1494 1457 demonstrans,
1517 1400 1559 1444 ne
1581 1379 1655 1461 quis
1677 1379 1718 1444 ad
1736 1400 1921 1445 sermonem
1942 1380 1977 1445 id
1999 1381 2100 1445 refer·

86 1470 237 1537 testatur,
279 1486 382 1547 quum
420 1466 514 1548 prius
547 1464 696 1530 mortalis
729 1472 816 1531 esset
848 1474 881 1530 ct
917 1474 1069 1530 terrenae
1121 1472 1182 1527 ret.
1212 1460 1310 1542 Quod
1332 1464 1360 1527 si
1382 1472 1534 1528 creatura
1558 1484 1626 1528 non
1647 1464 1710 1529 fuit
1731 1464 1829 1531 homo
1850 1465 1905 1531 ille
1926 1487 1986 1548 pro
2005 1466 2100 1532 nobis

86 1550 174 1615 vitae
195 1550 337 1615 miseriis
358 1551 508 1628 obnoxia,
530 1550 628 1615 beata
649 1550 896 1616 immortalitate
913 1549 1070 1615 donatam
1121 1547 1309 1627 crucifixus,
1337 1548 1500 1631 quomodo
1521 1549 1622 1615 stabit
1642 1548 1740 1615 illud:
1783 1550 1853 1615 Nos
1873 1570 2005 1616 carnem
2028 1571 2100 1616 essa

87 1655 167 1700 asse.
224 1635 439 1718 Respondeat
469 1635 554 1700 mihi
581 1633 753 1714 Servatus,
789 1635 916 1701 nihilne
941 1635 1069 1701 Christi
1121 1655 1164 1698 ex
1185 1633 1255 1698 cius
1277 1632 1397 1698 carne?

85 1720 179 1787 carni
201 1721 378 1785 contulerit
388 1720 609 1787 resurrectio?
633 1719 800 1804 Quidquid
812 1729 924 1786 autem
933 1742 1069 1804 respon·
1207 1718 1334 1783 Eadem
1356 1718 1521 1784 dementia
1538 1720 1684 1804 praecise
1702 1740 1819 1788 varum
1830 1719 2099 1803 esscrespondet.

87 1803 164 1870 deat
185 1807 263 1889 ipse,
286 1816 413 1872 norunt
433 1805 558 1885 fideles,
585 1827 628 1871 ex
654 1828 719 1889 quo
746 1808 781 1871 in
804 1807 977 1873 coelestem
1021 1808 1068 1871 lo-
1121 1803 1208 1887 quod
1235 1805 1383 1870 continet
1402 1805 1561 1871 vicesima
1589 1806 1687 1871 tertia
1713 1806 1908 1888 propositio,
1936 1826 2039 1871 unam
2067 1816 2101 1870 et

86 1892 172 1956 riam
193 1899 326 1974 recepta
347 1900 407 1970 est,
430 1891 529 1975 longe
551 1891 690 1958 diversis
706 1913 810 1973 quam
828 1893 920 1975 prius
937 1829 1068 1958 dotibus
1121 1887 1261 1954 candem
1294 1889 1465 1968 deitatem,
1505 1910 1588 1973 quae
1626 1900 1677 1956 est
1715 1891 1752 1954 in
1790 1901 1898 1974 patre,
1936 1890 2005 1956 filio
2036 1892 2099 1955 im·

86 1976 188 2041 luisse
210 1986 369 2042 ornatam.
415 1975 529 2057 Quum
551 1975 706 2053 dixisset,
736 1998 777 2042 ex
808 1978 926 2061 spiritu
947 1978 1013 2043 Dei
1035 1985 1069 2043 ct
1120 1972 1261 2038 mediato
1274 1979 1297 2052 ¹)
1342 1983 1378 2062 et
1417 1976 1629 2059 corporaliter
1674 1976 1775 2041 fuisse
1813 1977 2098 2041 communicatam.

86 2061 235 2127 humana
252 2064 362 2127 anima
380 2062 565 2128 constitisse
586 2063 621 2126 in
640 2062 773 2129 Christo
793 2085 894 2129 unam
914 2064 1067 2130 substan-
1121 2057 1210 2139 Quid
1239 2068 1349 2124 autem
1381 2059 1444 2125 sibi
1470 2062 1543 2126 vult
1564 2060 1755 2126 immediata
1782 2069 1815 2125 et
1836 2060 2014 2144 corporalis
2034 2062 2101 2125 ista

87 2147 200 2212 tialem
223 2148 377 2227 animam,
411 2154 445 2213 et
472 2167 605 2212 carnem
634 2149 705 2214 aius
733 2169 775 2213 ex
797 2148 859 2214 Dei
884 2146 1069 2214 substantia
1120 2145 1387 2223 communicatio,
1427 2147 1493 2212 nisi
1532 2146 1617 2228 quod
1657 2147 1747 2210 filius
1779 2167 1911 2212 carnem
1946 2144 2098 2226 induens,

88 2253 171 2310 esse,
200 2254 284 2316 quae
307 2234 534 2298 exsistentiam
556 2241 723 2299 aeternam
745 2234 855 2312 habet,
889 2235 1069 2300 excusandi
1120 2232 1392 2305 momentoDcus
1413 2252 1484 2297 esse
1505 2231 1652 2315 incepit?
1681 2230 1781 2296 Ridet
1798 2231 2099 2313 hancconscqucn·

89 2317 144 2383 vel
166 2317 275 2401 petius
297 2318 538 2403 tergiversandi
561 2340 659 2384 causa
675 2319 774 2404 Bauli
796 2318 920 2386 dictum
939 2320 1066 2386 obiicit:
1120 2317 1201 2379 tiam
1232 2314 1407 2394 Servatus,
1441 2317 1518 2400 quia
1551 2318 1594 2383 sit
1627 2318 1667 2383 ab
1701 2316 1822 2400 angulo
1854 2313 1897 2380 ad
1928 2317 2096 2399 parietem.

86 2401 153 2483 Qui
195 2402 352 2469 adhaeret
390 2404 543 2483 Domino,
583 2426 688 2469 unum
727 2406 881 2489 spiritum
896 2450 901 2456 -
918 2426 995 2471 cum
1029 2426 1067 2471 ao
1119 2400 1196 2483 Ipse
1218 2409 1329 2466 autem
1350 2401 1407 2484 qui
1428 2423 1464 2467 se
1486 2412 1658 2468 versutum
1679 2401 1887 2467 dialecticum
1903 2422 1975 2467 esse
1987 2402 2098 2480 iactat,

85 2489 179 2553 effici.
226 2488 331 2570 Quasi
367 2510 447 2555 vero
487 2490 588 2554 talem
624 2490 856 2570 mixtionemv)
895 2490 1067 2556 hominum
1119 2490 1266 2564 verset2)
1288 2486 1381 2552 sein
1403 2508 1519 2554 omnes
1542 2493 1616 2569 [pag.
1642 2492 1714 2565 198]
1738 2487 1867 2553 modos:
1897 2509 1964 2551 non
1986 2496 2100 2552 tamen

84 2595 159 2639 cum
183 2575 256 2639 Deo
283 2575 486 2658 imaginatus
520 2575 565 2640 sit
593 2575 731 2655 Paulus,
767 2597 833 2659 qua
865 2576 961 2641 homo
995 2577 1067 2660 ipse
1115 2572 1209 2638 *hunc
1230 2573 1386 2655 laqueum
1407 2573 1561 2656 expediet
1581 2594 1645 2656 quo
1662 2574 1808 2638 irretitus
1820 2581 1960 2637 tenetun
1983 2572 2098 2655 Neque

85 2660 179 2726 Deus
215 2660 287 2724 fieri
322 2661 467 2744 incipiat,
506 2669 545 2725 ut
579 2660 643 2725 dici
677 2662 784 2745 possit
823 2672 958 2727 aeterna
997 2663 1067 2729 eius
1119 2658 1208 2722 enim
1230 2668 1331 2742 negat
1351 2659 1431 2740 quin
1453 2659 1580 2725 Ohristi
1600 2659 1757 2725 nativitas
1776 2656 1958 2724 secundum
1979 2679 2098 2742 corpus

84 2746 235 2811 essentia
1119 2744 1299 2825 temporale
1324 2742 1477 2809 habuerit
1503 2745 1710 2828 principium.
1760 2744 1834 2809 Hoc
1867 2763 2035 2822 concesso,
2069 2744 2099 2809 si

172 2831 349 2897 Caeterum
371 2836 410 2894 ut
431 2852 485 2895 me
516 2831 728 2896 temerarium
751 2851 921 2897 censorem
942 2833 1066 2915 probet,
1119 2829 1179 2892 toti
1200 2829 1267 2893 filio
1295 2828 1483 2895 immediato
1505 2830 1746 2896 communicata
1766 2830 1831 2893 fuit
1852 2828 1966 2907 deitas,
1996 2851 2098 2913 quum

85 2916 127 2982 ad
148 2936 283 2982 causam
305 2915 404 3000 longe
425 2916 590 2982 diversam
608 2917 735 2983 transit.
758 2916 962 2984 Damnatam
978 2917 1067 2983 enim
1119 2935 1219 2978 carne
1241 2916 1381 2980 vestitus
1408 2915 1506 2980 homo
1534 2918 1569 2980 in
1591 2914 1753 2980 mundum
1775 2913 1905 2996 prodiit,
1935 2936 2099 2997 quaenam

85 3023 185 3066 ame
213 3000 314 3066 fixisse
343 3002 552 3086 astrologiam
584 3003 807 3086 conqueritur.
852 3002 989 3069 Veritus
1017 3012 1068 3069 est
1118 2999 1182 3064 erit
1203 3001 1380 3083 superioris
1401 3002 1557 3084 temporis
1579 2999 1682 3067 ratio?
1727 2999 1857 3082 Quibus
1883 2999 1938 3066 hic
1959 3002 2099 3085 argutiis

85 3087 210 3154 scilicet
232 3107 275 3151 ne
297 3087 436 3152 lectores
465 3088 632 3152 nescirent
661 3087 813 3154 omnibus
835 3086 979 3154 Satanae
1001 3089 1066 3154 fas·
1118 3105 1200 3167 opus
1227 3096 1293 3165 est,
1320 3094 1357 3151 ut
1386 3093 1455 3151 tam
1481 3106 1591 3152 crassa
1619 3086 1772 3170 impietas
1797 3085 1953 3170 patefiat?
2000 3085 2098 3167 Quod

82 3173 167 3240 cinis
188 3173 298 3255 ipsum
320 3172 421 3238 fuisse
440 3171 675 3251 dementatum,
697 3174 764 3239 nisi
776 3173 1067 3258 astrologiaeiudi-
1119 3171 1148 3235 si
1169 3169 1283 3236 eadem
1313 3172 1407 3238 nobis
1440 3171 1543 3237 deitas
1565 3171 1834 3248 communicatur,
1868 3170 2003 3236 totidem
2025 3193 2097 3237 osse

82 3258 203 3325 ciariae
231 3265 408 3340 patronum
435 3279 471 3323 se
498 3260 717 3340 profiteretur.
762 3258 1002 3344 Astrologiam,
1030 3267 1068 3325 ut
1119 3253 1198 3321 deos
1220 3258 1382 3337 convenit,
1415 3266 1496 3339 quot
1527 3267 1625 3322 erunt
1657 3259 1692 3321 in
1716 3256 1840 3321 mundo
1862 3255 1983 3321 fideles.
2028 3257 2096 3321 Por

81 3365 143 3427 par
164 3351 245 3420 erat,
269 3344 338 3409 suis
356 3344 474 3409 ornari
495 3342 660 3409 laudibus:
689 3347 852 3430 magicam
873 3366 953 3412 vero
973 3345 1066 3411 illam
1118 3342 1277 3424 gratiam,
1308 3342 1418 3425 inquit
1450 3340 1620 3408 Servatus.
1674 3339 1762 3421 Quid
1795 3341 1856 3406 hoc
1889 3340 1932 3406 ad
1963 3361 2032 3420 me,
2066 3341 2097 3406 si

83 3428 367 3511 superstitionem,
400 3449 485 3512 quac
518 3451 631 3495 rarum
670 3431 820 3495 omnium
851 3439 991 3497 eventus
1024 3452 1067 3496 ex
1118 3427 1337 3492 essentialiter
1370 3427 1447 3492 deos
1480 3428 1558 3493 facit
1589 3426 1687 3504 fides,
1720 3446 1801 3508 quos
1832 3429 1996 3509 scriptura
2017 3446 2096 3491 suae

84 3521 249 3580 astrorum
289 3514 398 3596 positu
438 3512 593 3580 divinans
632 3515 699 3580 lato
738 3515 854 3598 alligat
893 3515 1065 3580 hominum
1117 3512 1320 3577 infirmitatis
1342 3533 1441 3578 sensu
1463 3511 1583 3595 ubique
1605 3510 1779 3576 humiliat?
1825 3511 2096 3594 Comparationcs

82 3599 201 3677 vitam,
224 3606 258 3662 ct
279 3597 351 3665 Deo
372 3599 489 3664 mundi
511 3599 784 3684 gubernationem
805 3600 916 3684 eripit,
939 3620 982 3664 an
1004 3621 1065 3685 ego
1118 3597 1216 3661 nimis
1250 3597 1370 3663 liberas
1402 3605 1556 3679 usurpat,
1595 3597 1652 3678 qui
1691 3595 1925 3679 redemptionis
1964 3604 2095 3663 nostrae

81 3684 221 3768 probare
259 3684 413 3768 potuitfl)
463 3690 536 3764 [pag.
574 3690 648 3764 197]
686 3686 760 3752 Iam
799 3705 853 3750 me
894 3684 1065 3755 Simonem
1116 3683 1312 3770 mysterium
1340 3703 1418 3748 cum
1440 3680 1534 3747 donis
1566 3681 1774 3748 inferioribus
1802 3680 2018 3761 confundens,
2053 3683 2095 3748 ad

81 3791 218 3854 magum
247 3770 391 3853 appellet
411 3769 594 3850 Servatus,
627 3791 727 3852 quem
755 3772 892 3837 fictitius
916 3770 973 3835 ille
992 3771 1066 3837 (lle-
1115 3766 1293 3852 particnlas
1316 3767 1565 3849 Quodammodo
1587 3776 1620 3833 ct
1641 3767 1728 3832 Fere
1750 3767 1905 3851 confugit.

81 3876 177 3921 mens
204 3856 267 3920 hoc
294 3856 491 3939 praesertim
517 3856 650 3921 nomine
672 3857 825 3934 infamat,
859 3857 936 3938 quia
957 3863 1063 3922 astro-
1201 3853 1344 3918 Dixerat
1361 3853 1514 3936 spiritum
1528 3864 1678 3919 sanctum
1693 3850 1900 3918 descendisse
1918 3853 2096 3935 inaposto·

81 3962 155 4006 rum
179 3940 323 4006 dominio
346 3941 520 4007 hominum
547 3942 650 4007 vitam
673 3942 856 4007 subiicerct.
902 3939 971 4007 Sed
993 3943 1063 4007 cius
1115 3939 1180 4018 los,
1210 3939 1307 4004 sicuti
1333 3939 1370 4002 in
1398 3945 1528 4004 uterum
1551 3938 1691 4024 virginis
1713 3937 1884 4004 descendit
1906 3959 2029 4017 sermo,
2059 3948 2097 4004 ut

80 4025 270 4093 vecordiam
302 4027 409 4092 modis
448 4026 600 4092 omnibus
638 4027 686 4091 ita
717 4025 881 4092 Dominus
918 4025 1063 4092 mirabili
1115 4045 1247 4089 carnem
1282 4024 1443 4090 indueret.
1494 4023 1656 4090 Videmus
1690 4044 1787 4107 quam
1820 4022 2010 4089 deformiter
2042 4047 2096 4090 res

81 4111 216 4177 consilio
255 4112 459 4195 traduxit,⁴)
499 4121 538 4175 ut
569 4112 718 4196 insignes
752 4111 885 4194 reprobi
920 4111 1063 4177 hominis
1116 4110 1213 4193 longe
1235 4108 1384 4176 diversas
1405 4110 1610 4192 permisceat
1656 4107 1745 4189 Quid
1767 4111 1857 4174 enim
1879 4108 1986 4174 simile
2007 4109 2096 4175 inter

79 4204 176 4262 notas
214 4198 338 4276 ferens,
374 4198 542 4261 neminem
579 4197 644 4261 nisi
683 4198 848 4263 volentem
887 4195 1061 4281 deciperet.
1116 4214 1270 4260 arcanam
1302 4195 1396 4261 verbi
1435 4214 1512 4260 cum
1545 4216 1645 4262 carne
1684 4196 1858 4272 unionem,
1892 4202 1927 4258 ct
1959 4194 2094 4276 spiritus

80 4282 183 4365 Atqui
211 4282 266 4347 hic
293 4289 453 4348 ventosus
475 4281 618 4366 Gorgias
646 4303 760 4347 rerum
787 4283 935 4347 omnium
956 4283 1062 4349 scien·
1115 4279 1238 4345 donum
1271 4301 1334 4362 quo
1361 4281 1481 4346 imbuti
1509 4280 1647 4363 apostoli
1674 4277 1830 4345 fuerunt?
1874 4279 1931 4342 An
1958 4278 2094 4361 spiritus

80 4367 163 4431 tiam
184 4367 246 4433 sibi
265 4367 453 4446 vendicans,
463 4368 493 4445 ὁ)
515 4388 577 4432 nos
599 4366 641 4433 ad
659 4369 909 4452 grammaticam
926 4368 1061 4452 relegat,
1113 4376 1193 4432 tunc
1215 4364 1268 4431 vel
1290 4385 1389 4432 carne
1410 4365 1630 4432 circumdatus
1652 4375 1712 4444 est,
1735 4364 1787 4429 vel
1802 4363 1982 4428 humanam
1994 4372 2092 4429 natu·

79 4452 158 4535 quia
178 4473 246 4517 non
264 4455 311 4518 fin
336 4454 420 4518 ‘mus
438 4453 548 4519 inDsi
568 4453 785 4519 substantiam
803 4454 949 4520 converti
967 4454 1062 4536 quid·
1116 4472 1189 4516 ram
1210 4449 1332 4531 induit,
1363 4451 1418 4517 vel
1446 4450 1566 4517 coaluit
1596 4452 1633 4515 in
1663 4470 1766 4515 unam
1799 4469 1875 4513 cum
1902 4447 2093 4516 hominibus

78 4536 159 4620 quid
179 4536 253 4604 Deo
276 4560 316 4606 vc
350 4538 574 4623 pergratiam
596 4540 649 4607 vel
671 4539 735 4605 alio
757 4539 854 4605 modo
876 4540 1000 4604 unitur.
1112 4555 1302 4620 personam,
1332 4545 1371 4601 ut
1398 4545 1486 4602 esset
1512 4537 1634 4602 Petrus
1660 4542 1694 4600 et
1719 4533 1907 4599 Iohannes?
1953 4533 2093 4603 Serveto

1113 4623 1194 4688 satis
1215 4632 1265 4687 est
1287 4621 1395 4687 dicere
1416 4619 1581 4705 quandam
1601 4641 1673 4686 esse
1685 4618 1944 4698 similitudinem,
1967 4628 2000 4686 et
2012 4621 2093 4686 dum

1114 4729 1208 4772 ame
1229 4708 1429 4791 coarguitur,
1451 4728 1504 4772 me
1525 4725 1642 4772 vocare
1664 4705 1802 4789 Magum
1824 4705 2030 4788 phantasma
2041 4709 2070 4789 ⁸)

148 4826 179 4892 1)
198 4827 232 4884 de
250 4825 343 4895 ΜΝ.
1199 4791 1367 4858 Vicesima
1387 4794 1504 4875 quinta
1525 4791 1701 4874 propositio
1723 4791 1822 4873 plane
1839 4791 1984 4856 continet
2005 4791 2092 4873 quod

147 4894 165 4948 2
197 4893 338 4951 conflante.

149 4901 179 5031 ΒΞ
198 4964 273 5019 Aac.
302 4964 349 5035 Q'a
371 4965 430 5019 estc
447 4964 585 5032 doneques
608 4981 643 5017 un
668 4964 762 5019 labeur
784 4964 894 5019 louabls
912 4967 929 5019 a
946 4981 1008 5035 moy
1025 4965 1059 5021 de
1112 4949 1316 4958 m*—

79 5032 244 5088 condamner
268 5050 320 5087 une
339 5034 404 5087 telle
423 5032 561 5087 diablerie.
597 5032 714 5087 Maenas
733 5033 750 5086 il
768 5031 812 5102 n'y
834 5049 851 5085 a
873 5034 921 5087 nul
938 5033 1060 5088 Dootsur
1181 5032 1210 5095 1)
1231 5048 1265 5085 cn
1282 5047 1318 5084 un
1336 5036 1461 5084 moment.

80 5101 218 5156 chrestien
254 5103 281 5155 ui
298 5101 364 5155 n’ait
379 5101 446 5155 faict
463 5101 488 5154 lc
507 5100 662 5155 semblable.
1179 5101 1207 5163 2)
1226 5103 1243 5153 il
1262 5115 1346 5168 souge
1365 5106 1393 5152 st
1409 5099 1521 5152 rumine.
1620 5118 1624 5124 ·

148 5169 179 5235 4)
198 5169 226 5223 A
247 5170 273 5223 d.
294 5186 396 5225 comme
414 5170 511 5223 deseos
529 5186 564 5222 un
584 5167 731 5223 eschafaut.
1181 5167 1211 5230 3)
1231 5178 1260 5224 et
1277 5167 1338 5222 dum
1357 5205 1364 5219 .
1384 5206 1390 5221 .
1409 5205 1415 5219 .
1435 5207 1441 5220 .
1459 5167 1628 5234 phantasma.
1664 5165 1722 5219 Pro
1744 5165 1788 5219 bia
1813 5163 1911 5220 Gallus
1934 5166 2026 5222 babet:
2055 5169 2091 5223 Et

148 5238 179 5306 5)
192 5254 269 5325 'avec’
283 5254 314 5292 sa
332 5239 443 5293 bravctt
461 5236 615 5305 d'Espagne
633 5237 653 5290 il
671 5235 811 5292 s’attribue
829 5242 877 5292 etc.
1113 5237 1181 5292 faire
1200 5237 1233 5291 de
1252 5237 1279 5323 la
1296 5237 1446 5302 harangcre
1467 5252 1532 5291 avec
1551 5251 1595 5290 ses
1613 5234 1780 5288 sbrrilitudes.
