4680 5918
196 280 262 342 cn
553 217 558 226 ⁴
1077 368 1079 371 Ι
1103 271 1308 343 saevam
2152 274 2219 338 eso

203 470 302 533 serod
322 463 476 542 Obristus,
504 464 561 543 qni
578 485 640 545 pro
663 465 710 528 eis
729 465 776 530 ita
794 485 884 530 orare
905 463 1017 542 voluit,
1040 485 1090 530 eos
1117 464 1186 531 Deo
1238 462 1443 544 baptieatus?
1484 423 1652 543 'Qiiorsam
1685 461 1740 526 bac
1774 463 1968 527 discrimen?
2018 463 2138 526 Annon
2166 461 2219 526 bic

204 549 429 618 commendans.
478 548 603 632 Arpinis
635 550 752 628 adbuc,
787 551 1053 614 circumcisionem
1085 551 1187 631 fuisse
1237 550 1456 614 discernuntur
1485 548 1563 630 lepis
1595 553 1623 611 et
1649 547 1800 629 eoanpelii
1827 548 1994 628 tempora?
2042 548 2099 611 De·
2120 548 2218 612 aeteri

204 639 281 702 alim
302 635 499 718 smaeulum
519 631 605 713 fidei,
628 637 708 699 sicut
729 655 810 698 nunc
832 641 878 700 est
898 635 1093 715 baptismus:
1115 656 1186 718 erpo
1236 635 1356 715 foedere
1383 635 1465 716 dicit
1493 632 1646 697 Abrabae
1673 633 1779 698 Deris:
1811 632 1887 696 Erit
1913 634 2024 714 foedus
2050 654 2154 697 meam
2180 636 2216 697 in

99 754 104 763 ·
204 724 286 788 sient
317 720 495 801 infantibus
529 720 586 783 illa
616 720 827 798 conueniebat,
861 723 907 785 ita
939 725 967 784 et
1002 721 1185 801 baptismus.
1237 740 1332 786 carne
1352 725 1464 784 nestra.
1508 718 1630 782 Deinde
1657 719 1746 783 nobis
1761 739 1823 799 per
1843 719 2026 804 proplietam
2046 720 2108 782 ait:
2140 718 2216 782 Fra

202 806 394 872 Antecedens
425 805 602 885 probans1)
645 827 685 871 en
720 806 823 870 Paulo
855 808 899 871 ad
934 805 1024 870 Rom.
1049 811 1078 869 4.
1141 807 1187 869 At
1235 807 1347 888 foedus
1368 825 1470 868 meum
1492 806 1528 867 in
1549 805 1665 884 spiritu
1686 810 1793 869 uestro.
1841 804 1925 869 Olim
1946 806 1981 868 in
2007 806 2132 870 carnali
2152 805 2215 885 foe·

205 892 331 959 Paulus
352 892 398 955 ibi
420 896 525 971 aperte
546 892 637 971 docet,
662 893 926 957 cerumtamen
942 893 979 955 in
1002 891 1186 956 Abrabamo
1237 892 1308 955 dere
1331 895 1405 969 [pag.
1426 896 1502 969 618]
1519 890 1655 970 paruuli
1675 891 1784 956 carnis
1805 891 2084 971 censebanturfilii.
2120 891 2216 954 Nunc

199 980 303 1061 fuisse
331 977 529 1059 sipnacalum
557 978 701 1042 iustitiae
729 977 805 1058 fidei
831 978 952 1057 ipsius,
980 997 1061 1058 quae
1080 978 1185 1058 fuerat
1238 977 1288 1040 illi
1321 976 1381 1040 sali
1408 981 1481 1038 sunt
1505 975 1582 1056 filii,
1615 972 1670 1055 qui
1694 976 1874 1056 perfidem
1904 976 1983 1055 fiam
2011 977 2075 1055 filii
2102 975 2176 1040 Dei.
2191 975 2214 1056 Ι)

203 1066 239 1129 in
255 1063 434 1142 praeputio.
482 1061 554 1124 Nan
571 1065 625 1141 ait,
648 1064 683 1128 in
705 1062 883 1143 infantibus
904 1083 970 1128 esse
988 1063 1186 1146 sipunculum
1242 1064 1346 1142 Quen
1365 1061 1477 1142 foedus
1499 1061 1579 1126 illud
1606 1063 1646 1125 ab
1668 1062 1791 1142 inferno
1814 1081 1875 1125 non
1896 1061 2050 1139 libraret,
2077 1067 2105 1125 et
2124 1081 2215 1124 mun-

197 1149 415 1231 praeeedentis
432 1167 537 1211 eorum
553 1147 640 1228 fidei,
662 1168 741 1228 quae
761 1149 897 1231 fueriti)
920 1150 952 1212 in
971 1169 1076 1213 eorum
1090 1168 1185 1230 prae-
1237 1149 1324 1212 dana
1345 1145 1505 1223 tribueret,
1535 1147 1578 1211 ad
1599 1146 1635 1210 id
1657 1145 1897 1210 admittebantur
1925 1148 2073 1225 infantes,
2102 1152 2137 1210 ut
2158 1145 2216 1210 sub

198 1236 298 1316 patio.
343 1233 449 1314 Lonpe
469 1234 583 1297 arelius
601 1234 813 1312 conclusisses,
833 1235 936 1298 instar
957 1233 1109 1298 Abrahae
1129 1254 1185 1297 nos
1237 1231 1303 1296 Dei
1324 1234 1516 1312 protectione
1543 1232 1688 1295 eicerent.
1737 1230 1886 1295 Cornelis
1913 1232 1973 1297 illa
1997 1233 2112 1312 filiatio
2139 1232 2216 1296 olim

203 1339 291 1385 aeros
311 1318 396 1398 filim
418 1319 541 1383 adultos
562 1318 668 1383 debere
689 1319 826 1400 accipere
847 1319 1046 1402 sipnaoumm
1066 1320 1186 1399 fideiet
1235 1317 1393 1401 fipurabat
1420 1317 1632 1381 sublimiorem
1658 1317 1773 1394 diam,
1804 1336 1898 1397 quarn
1926 1318 2032 1381 attulit
2060 1317 2215 1382 Obristns.

204 1405 355 1470 iustitiae.
405 1405 492 1485 Quod
513 1405 552 1468 de
574 1410 768 1468 sacramenta
791 1406 1000 1486 poenitentiae
1021 1404 1066 1468 ibi·
1088 1405 1183 1482 ludis,
1241 1404 1329 1483 Quod
1346 1404 1381 1465 in
1396 1403 1548 1482 paruulis
1565 1404 1672 1467 earnis
1689 1402 1764 1467 olba
1778 1402 1949 1484 parebatur,
1968 1403 2127 1486 fimorabot
2143 1403 2215 1467 sub

204 1492 372 1572 indipnum
401 1494 447 1553 est
473 1492 685 1570 responsione,
713 1509 809 1568 quum
842 1495 1059 1572 arpumentum
1080 1491 1185 1561 facias
1238 1489 1363 1554 limiora
1385 1488 1452 1552 alia
1474 1490 1510 1551 in
1522 1488 1673 1567 paremio
1689 1489 1824 1569 spiritus
1839 1508 1900 1568 per
1912 1487 2073 1552 Christum
2091 1490 2216 1572 futura.

204 1596 244 1641 ea
260 1575 386 1639 omibus
398 1594 461 1654 pro
479 1579 534 1638 tua
553 1573 683 1639 libidine
700 1575 845 1654 confidis,
868 1575 952 1655 quod
969 1596 1023 1657 epo
1044 1576 1183 1640 detestor.
1237 1573 1397 1654 Expedita
1426 1575 1492 1637 mm
1519 1579 1564 1637 est
1591 1575 1753 1656 responsio
1782 1573 1824 1637 ad
1850 1574 1902 1652 id,
1930 1575 2011 1654 quod
2031 1576 2070 1638 de
2090 1575 2218 1639 mendi

206 1661 296 1724 Haec
317 1665 363 1724 est
382 1662 433 1723 uis
454 1662 628 1742 arpumenti
650 1661 711 1723 tui:
746 1660 988 1725 Oiraemcisione
1009 1661 1184 1741 infantibus
1237 1660 1353 1723 sanine
1374 1658 1524 1723 Abrabae
1542 1665 1576 1723 tu
1598 1660 1685 1724 citas.
1726 1658 1798 1722 Viee
1818 1659 1960 1724 aarrmlis
1980 1665 2025 1724 est
2045 1661 2135 1725 nobis
2151 1661 2218 1740 spi·

205 1748 297 1823 data,
336 1745 555 1809 cummanere
598 1746 693 1810 corda
731 1746 797 1808 uiri
835 1745 945 1809 deinde
982 1746 1186 1810 moriebantur
1237 1744 1354 1808 rituale
1386 1763 1497 1808 sernen
1547 1746 1657 1808 Semen
1683 1743 1836 1808 Abrabae
1859 1744 2006 1810 Gbristns
2032 1752 2090 1823 cst,
2125 1752 2154 1809 et
2179 1746 2216 1821 ii,

205 1830 314 1914 (Dent.
339 1836 384 1893 10
404 1835 433 1894 et
455 1829 517 1893 Ier.
543 1835 587 1906 4),
616 1851 688 1913 erpo
717 1829 892 1911 baptismus
919 1830 1096 1911 infamibus
1117 1851 1186 1896 con-
1237 1832 1293 1911 qui
1314 1831 1344 1892 ei
1364 1830 1502 1893 eredunt.
1549 1830 1636 1910 Quod
1664 1830 1782 1894 dictam
1810 1830 1891 1896 illud
1913 1830 2063 1895 Abrabae
2091 1852 2156 1896 nan
2173 1831 2217 1894 ad

205 1918 300 1995 uenit,
326 1919 362 1977 ut
382 1916 509 1995 pariter
537 1920 731 1980 maneantur.
787 1914 895 1996 Inepte
918 1916 1049 1996 penitus
1074 1917 1184 1997 infers,
1235 1915 1319 1995 filios
1338 1917 1454 1992 camis,
1477 1916 1531 1979 sed
1548 1916 1591 1979 ad
1610 1916 1694 1996 flios
1715 1916 1849 1995 spiritus
1866 1916 1971 1980 debeat
1986 1917 2077 1981 bodie
2092 1917 2217 1998 referri,

205 2003 300 2081 idam
321 2002 439 2082 napis,
468 2001 545 2081 quia
573 2021 635 2063 non
657 2007 703 2064 est
723 2002 845 2083 intepra
865 2000 1048 2065 similitudo.
1092 2002 1184 2082 Bap
1236 2001 1398 2079 manifeste
1419 2001 1500 2064 docet
1524 1999 1660 2079 Paulus,
1689 2001 1808 2077 dicem,
1836 2022 1897 2065 nare
1915 2001 2001 2080 filios
2021 2004 2140 2081 carnis,
2162 2001 2218 2066 sed

202 2088 290 2151 tismi
312 2087 361 2150 ais
382 2106 443 2148 non
464 2087 498 2148 in
518 2106 551 2150 eo
573 2087 723 2164 consistit,
754 2090 828 2164 [pig.
848 2091 924 2162 617]
946 2092 982 2150 ut
1004 2087 1043 2150 ab
1064 2089 1185 2170 infante
1236 2105 1295 2162 eos,
1318 2085 1373 2165 qui
1401 2106 1440 2148 ea
1465 2085 1526 2166 fele
1552 2092 1638 2164 sunl,
1667 2105 1733 2150 esse
1757 2085 1844 2164 filios
1865 2086 2027 2165 Abrabae,
2056 2093 2084 2151 et
2111 2107 2218 2152 sennen

270 2171 705 2334 >m
728 2173 1185 2337 f,
1236 2170 1680 2249 u
1706 2173 2217 2254 >u

202 2344 386 2407 eumcisam:
406 2362 477 2424 erpo
494 2361 555 2405 noa
573 2347 641 2404 erat
657 2347 898 2420 sacraruntum,
914 2363 976 2421 per
992 2343 1073 2422 quod
1091 2343 1184 2409 salus
1233 2340 1317 2420 flios
1337 2343 1446 2405 carnis
1466 2362 1529 2406 non
1546 2362 1611 2406 esse
1629 2341 1883 2422 filiasAbraluae,
1905 2345 1959 2408 sed
1974 2344 2059 2423 filios
2077 2345 2220 2424 spadas

202 2428 417 2503 illuderetur,
436 2427 814 2509 utinbaptismodatm·.
850 2428 1080 2509 Arpumentum
1099 2430 1183 2493 idem
1229 2446 1292 2507 per
1316 2426 1417 2501 belem
1466 2427 1533 2491 Eos
1560 2428 1641 2492 solos
1668 2447 1733 2491 esse
1758 2428 1843 2507 filios
1866 2430 2092 2508 promissionis
2119 2429 2217 2507 docet,

200 2515 238 2577 in
260 2515 412 2592 teipsum
433 2517 608 2592 mrquetur:
630 2533 722 2577 coena
743 2515 778 2575 in
796 2515 918 2594 anemis
933 2514 1028 2596 facta,
1052 2516 1088 2579 in
1110 2535 1183 2596 anu
1235 2531 1332 2591 quam
1354 2512 1397 2576 ad
1425 2532 1476 2576 eas
1496 2514 1579 2577 solos
1600 2513 1785 2577 extendatur
1804 2513 1895 2577 leodic
1917 2516 2091 2593 mansuem
2112 2515 2218 2594 spiri-

202 2601 266 2663 mis
291 2598 483 2662 sinceritatis
516 2597 681 2662 ambulare
708 2598 773 2661 oiri
800 2604 977 2676 monemur,
1007 2600 1183 2680 infantibus
1234 2596 1363 2660 taalitrr
1391 2597 1549 2662 intellecta.
1593 2597 1645 2661 De
1674 2597 1851 2663 Eeeeliielis
1876 2599 1956 2663 dido
1983 2601 2132 2664 similiter
2162 2600 2216 2665 di-

202 2685 308 2765 arymi
324 2703 429 2764 panes
450 2688 521 2745 tunc
548 2683 723 2760 dabantur,
752 2687 825 2747 teste
847 2685 917 2763 ipso
944 2683 1028 2762 Deo,
1057 2691 1090 2748 ut
1118 2706 1184 2765 mp-
1234 2682 1373 2760 undum,
1400 2683 1501 2763 fuisse
1521 2689 1595 2753 ,tune
1615 2683 1701 2763 filios
1728 2685 1843 2747 earnis
1886 2683 1978 2750 Deus
2001 2685 2136 2762 dicebat,
2163 2705 2219 2750 eos

202 2770 292 2834 elerii
309 2769 420 2832 deinde
441 2772 650 2832 momrentur:
672 2788 744 2850 erpo
761 2768 940 2850 infantibus
957 2789 1039 2834 nanc
1056 2770 1184 2834 dabitur
1234 2769 1325 2832 nosci
1346 2768 1406 2831 sibi
1425 2768 1517 2847 filios,
1539 2769 1617 2848 qaia
1638 2775 1728 2832 erant
1748 2768 1806 2832 sub
1827 2770 1930 2849 nisius
1943 2776 2078 2851 paterna
2094 2776 2219 2851 pratea

201 2873 310 2930 coena,
339 2858 374 2916 ut
394 2854 521 2932 pariter
547 2858 739 2917 moereantur.
783 2854 829 2917 At
855 2860 890 2918 tu
917 2874 1042 2918 coenam
1063 2856 1182 2936 differs,
1235 2854 1324 2928 tione,
1353 2858 1381 2916 et
1400 2855 1478 2933 quia
1497 2854 1603 2934 fedari
1625 2859 1716 2917 eram
1737 2853 1806 2918 Deo
1828 2857 1928 2933 sacri,
1957 2856 2070 2920 urrebra
2091 2860 2218 2936 futerro

201 2940 333 3019 iduum)
355 2939 389 3000 in
410 2943 532 3018 tempus
553 2939 700 3018 ineptum,
722 2944 779 3003 aut
796 2939 835 3002 ab
853 2939 984 3004 etbnicis
1001 2943 1183 3022 praescrip
1234 2958 1315 3001 rum.
1368 2938 1441 3001 Veri
1477 2940 1561 3002 enim
1586 2939 1649 3019 filii
1677 2938 1745 3003 Dea
1776 2946 1950 3005 naseuntur
1984 2944 2020 3006 in
2052 2943 2217 3023 baptismo,

202 3028 277 3100 tum,
307 3029 363 3087 aut
383 3029 437 3087 tuo
452 3022 573 3102 placito
601 3024 763 3088 decretum.
829 3024 916 3089 Unde
943 3024 1001 3089 tibi
1029 3027 1184 3091 autoritas
1233 3025 1394 3087 nativitme
1421 3043 1566 3103 superna.
1609 3023 1664 3087 Ea
1690 3024 1796 3089 radice
1823 3031 1933 3090 sancta
1960 3048 2011 3091 eos
2043 3029 2096 3092 ais
2122 3028 2217 3091 nasei

200 3109 408 3175 mastituendi
428 3114 568 3187 tempora
590 3113 618 3172 et
639 3109 744 3192 depes?
1234 3114 1363 3187 sanctos,
1385 3129 1482 3190 qaum
1499 3131 1568 3174 vere
1585 3115 1756 3173 amnentur
1771 3110 1837 3190 filii
1854 3113 1931 3189 irae,
1953 3119 1989 3175 ut
2006 3114 2073 3192 ipse
2089 3113 2217 3193 fater-is.

1238 3193 1470 3275 Qualiscumque
1497 3196 1540 3258 sit
1561 3195 1824 3274 praedestinatio,
1851 3196 1914 3276 felii
1943 3199 2011 3262 irae
2040 3204 2218 3263 naseuntur

1233 3298 1304 3343 eum
1329 3279 1445 3357 Panto,
1474 3286 1502 3343 et
1527 3280 1606 3360 feles
1627 3284 1736 3360 postea
1763 3301 1814 3345 eos
1834 3303 1905 3346 occe
1934 3285 2013 3364 facit
2031 3283 2118 3364 filios
2138 3283 2216 3349 Dei.

378 3362 611 3428 EPISTOLA
634 3363 819 3429 DECIMA
842 3364 1005 3431 SEXTA
1237 3363 1475 3446 Cornparatione
1501 3365 1544 3428 ad
1573 3366 1657 3445 filios
1683 3364 1873 3431 ethnicorum
1900 3369 2003 3448 faeta,
2030 3368 2218 3434 dicebantur

1233 3451 1299 3530 ipsi
1313 3452 1424 3529 potius
1444 3452 1533 3514 nasci
1554 3452 1664 3529 sancti,
1686 3452 1721 3514 id
1742 3456 1795 3529 est,
1817 3452 1888 3516 Dea
1907 3456 2011 3537 napis
2021 3456 2218 3536 praeparati

288 3536 585 3617 Paedobaptismum
614 3535 692 3599 aliis
713 3535 892 3600 rationibus
920 3536 1076 3618 defendis,
1104 3539 1181 3618 quia
1235 3534 1278 3599 ad
1300 3536 1426 3600 oerbiun
1450 3537 1519 3599 eius
1540 3537 1784 3617 decipiendum.
1829 3537 2030 3619 sanctificare
2049 3541 2152 3617 enim,
2186 3541 2217 3603 si

198 3624 275 3690 olim
297 3624 380 3687 dinit
402 3621 507 3699 Deus,
535 3641 569 3684 se
592 3622 660 3701 fore
680 3619 786 3684 Deum
810 3621 970 3700 Abrabae,
993 3628 1022 3686 et
1042 3623 1182 3687 carnalis
1234 3619 1375 3685 bebraice
1395 3622 1544 3704 nostri,²)
1566 3621 1650 3685 idem
1667 3626 1720 3699 est,
1741 3622 1903 3703 quodDeo
1920 3645 2125 3706 praeparare.
2162 3625 2217 3689 Ea

197 3709 329 3774 seminis
357 3709 433 3784 eires,
463 3708 499 3770 in
518 3706 629 3788 foedus
645 3725 740 3769 suum
754 3725 873 3784 pueros
897 3708 1004 3770 carnis
1026 3710 1181 3789 accipiens
1234 3707 1428 3770 matrimonii
1456 3707 1697 3786 sanctificatione
1724 3708 1873 3772 dicuntur
1903 3710 2006 3774 Paulo
2034 3713 2124 3774 enasci
2148 3711 2214 3791 filii

199 3796 295 3875 (Gen.
318 3796 386 3872 17).
432 3790 521 3866 Item,
543 3792 620 3870 quia
639 3791 730 3869 dixit,
765 3789 990 3856 Israelitarum
1010 3793 1097 3873 flios
1118 3794 1181 3858 sibi
1233 3793 1349 3869 saneti,
1377 3792 1412 3856 id
1439 3797 1484 3855 est
1505 3812 1567 3856 noa
1588 3792 1708 3871 spurii,
1730 3813 1791 3857 nan
1812 3795 1968 3860 manendi
2000 3797 2047 3875 (1.
2073 3795 2143 3877 Cor.
2170 3800 2215 3878 7).

199 3879 290 3944 nasci
315 3877 399 3956 filios
428 3876 645 3956 (Erecb.16).
691 3875 816 3939 Facitis
841 3882 886 3940 est
912 3877 1070 3958 absolutio,
1099 3881 1182 3943 sieut
1235 3876 1456 3943 Immundities
1484 3877 1601 3941 diadar
1633 3879 1668 3940 in
1696 3880 1820 3957 spuriis
1847 3886 1874 3943 et
1902 3881 1983 3960 filiis
2015 3882 2215 3959 etbnicorum,

193 3964 412 4046 praecedentis
436 3963 474 4024 de
506 3961 740 4025 circumcisione
768 3963 956 4044 arpumenti,
982 3965 1012 4027 si
1028 3965 1125 4046 probe
1146 3968 1180 4026 ta
1228 3964 1437 4042 praeparatio
1458 3968 1486 4026 et
1501 3964 1652 4043 manitas
1669 3964 1712 4027 ad
1734 3965 1912 4030 immundos
1929 3973 1957 4029 et
1974 3967 2136 4033 obscaenas
2153 3989 2215 4049 pa-

152 4104 154 4107 ,
199 4049 371 4131 intellipas,
403 4051 491 4109 aetus
517 4050 545 4109 et
573 4066 684 4108 nouam
710 4052 941 4127 testamentum,
968 4069 1024 4112 seu
1046 4055 1180 4114 oetaset
1232 4053 1356 4111 reectum
1376 4052 1525 4126 marcai)
1561 4048 1603 4111 In
1622 4050 1791 4114 emamus
1810 4057 1912 4115 autem
1932 4053 2153 4133 sanatifieatio‚
2173 4053 2216 4116 ad

199 4155 312 4200 nonam
331 4132 442 4216 foedus
463 4132 606 4212 differre,
634 4133 713 4196 sicut
732 4133 872 4214 fpuram
889 4138 917 4196 et
936 4135 1115 4216 fpnratum,
1137 4137 1181 4200 si-
1233 4153 1358 4197 saeram
1381 4139 1455 4212 [pag.
1478 4137 1553 4211 619]
1581 4134 1667 4197 olam
1694 4136 1797 4198 maior
1818 4140 2036 4217 praeparatio.
2087 4138 2216 4203 Nileilo»

199 4227 248 4287 cut
271 4221 415 4284 umbram
441 4224 468 4282 et
493 4217 660 4281 amitalem.
707 4217 802 4282 Nileil
829 4219 873 4282 ad
893 4221 1067 4300 perfeetum
1088 4223 1181 4286 duxit
1232 4219 1339 4282 minus
1359 4219 1423 4298 filii
1450 4220 1519 4285 irae
1540 4224 1713 4283 naseuntur
1740 4240 1852 4287 ornnes
1895 4223 2093 4306 Lonpissime
2115 4225 2217 4289 distat

198 4313 286 4371 aetus
303 4306 362 4370 illa
377 4305 489 4384 pactio,
512 4322 592 4365 nana
610 4308 714 4367 autem
731 4323 788 4367 aas
798 4307 952 4385 perfectos
968 4308 1079 4384 reddit,
1102 4327 1180 4371 emn-
1230 4305 1390 4385 ueneratio
1411 4325 1450 4368 ea
1471 4303 1689 4388 sanquinibus,
1717 4310 1772 4369 aut
1793 4326 1831 4369 en
1851 4326 1953 4386 carne,
1975 4330 1996 4372 a
2015 4312 2217 4392 peroratione

198 4393 359 4455 manicata
381 4390 468 4453 nobis
485 4389 588 4470 pratis
616 4389 688 4469 ipsa
712 4388 833 4454 Oleristi
849 4392 1051 4472 perfectione,
1081 4399 1117 4456 ut
1137 4392 1180 4456 ad
1233 4409 1313 4469 qnae
1335 4394 1379 4453 est
1398 4411 1436 4453 ee
1452 4389 1521 4455 Deo
1539 4389 1645 4466 (Ioan.
1670 4389 1717 4472 1)ss
1761 4390 1892 4457 Sanctus
1912 4400 1997 4460 vocat
2016 4393 2146 4460 Paulus
2168 4397 2218 4460 iu·

200 4477 370 4552 Hebraeos,
395 4475 588 4539 Colossenses
611 4480 640 4537 et
662 4475 741 4540 alibi
759 4477 885 4557 passim
907 4478 990 4540 docet
1010 4478 1177 4558 apostolus.
1231 4474 1335 4554 fantes
1364 4495 1424 4537 nore
1454 4473 1639 4557 baptieatos,
1674 4481 1702 4538 et
1730 4483 1764 4540 tu
1791 4479 1863 4543 inde
1886 4478 2057 4561 baptizatos
2084 4482 2216 4563 irefers?

199 4561 253 4624 Ea
275 4563 388 4643 ipitar,
418 4581 477 4640 per
498 4580 578 4640 quae
606 4564 853 4625 eonnnunicatur
878 4559 996 4625 Cbmsti
1023 4565 1177 4646 perfectio,
1235 4558 1362 4624 Constat
1384 4559 1429 4623 ibi
1447 4580 1509 4623 non
1531 4559 1698 4640 baptizari,
1719 4583 1816 4643 quum
1831 4567 2020 4643 praesertim
2041 4571 2119 4631 esset
2142 4574 2219 4632 tunc

198 4648 304 4710 airum
337 4648 463 4727 eaipnnt
488 4645 693 4726 perfectionis
724 4666 884 4726 capacem,
915 4647 990 4725 fidei
1024 4668 1177 4729 capacem.
1233 4645 1344 4725 infans
1371 4645 1404 4707 in
1430 4651 1582 4724 potestate
1608 4648 1717 4725 patris
1745 4649 1868 4712 etbniei.
1916 4651 2004 4730 Quod
2025 4653 2061 4715 in
2077 4654 2137 4731 pii
2158 4675 2220 4735 pa-

201 4733 306 4814 Quare
330 4731 475 4796 Obristus
503 4736 546 4794 est
568 4733 730 4811 paruulus
758 4731 974 4808 eircunnisus,
1001 4733 1178 4798 etaduttus
1230 4732 1328 4793 uentis
1355 4731 1494 4813 pratum
1513 4732 1581 4812 filio
1614 4731 1704 4797 Deus
1736 4734 1921 4815 benefaciat,
1953 4736 2131 4816 alumnae
2155 4761 2219 4805 non

143 5052 145 5055 ’
264 4971 296 5105 bb
315 4971 425 5095 bdbrbebs
1299 5037 1328 5101 1)
1347 5054 1398 5105 per
1416 5038 1496 5093 fidem
1514 5037 1561 5094 filii
1578 5041 1631 5096 Dei
1649 5051 1718 5097 sunt„

265 5107 296 5171 3)
315 5117 411 5171 postea
428 5123 480 5159 orn.
1297 5106 1328 5169 2)
1347 5109 1427 5161 nosti.

265 5174 296 5239 4)
315 5177 394 5244 idque
413 5193 464 5230 ora.
979 5239 984 5248 ι
1297 5173 1327 5240 3)
1347 5192 1461 5230 amarae.
