4786 5910
153 273 216 338 317
914 272 1399 343 ΡΒΑΕΒΕΒΤΙΝΑΤῙΟΝΕ.
2102 285 2164 348 318

153 461 188 526 in
213 478 356 542 persona
383 457 476 524 Adae
503 467 609 524 totum
638 479 743 542 genus
770 458 952 524 humanum
982 458 1134 525 excidere
1186 479 1284 540 quam
1308 459 1455 527 damnati
1482 470 1561 528 sunt
1589 482 1631 528 ex
1658 483 1761 549 aequo
1789 486 1918 547 omnes,
1951 468 2088 534 minime
2114 471 2164 536 las

153 565 271 629 passus
293 543 414 609 fuerit?
459 544 540 608 Dixi
562 546 628 609 iam
651 564 761 628 supra,
784 543 914 627 lapsum
936 542 1030 609 Adae
1052 544 1133 609 utile
1186 543 1240 608 vel
1260 565 1402 628 aequum
1425 567 1507 627 esse,
1529 550 1603 614 Deo
1619 548 1728 633 legem
1744 551 1878 634 imponi,
1903 557 1977 631 [pag.
1994 559 2068 634 122]
2083 556 2163 638 quin

153 631 294 716 posteris
326 629 427 695 fuisse
456 630 653 695 humilitatis
684 629 924 696 rudimentum:
958 637 997 694 ut
1028 651 1063 695 se
1091 629 1133 693 ad
1185 629 1383 694 misereatur
1409 634 1502 698 onius
1524 633 1675 699 voluerit.
1720 633 1789 702 Sed
1815 658 1894 703 vere
1915 640 2125 722 Augustinus
2137 641 2163 724 ¹)

153 717 260 784 vitam
289 714 549 799 recuperandam
576 714 660 780 nihil
688 735 760 782 esse
788 737 849 781 nec
876 735 972 799 posse
994 714 1131 795 ducant,
1185 713 1369 795 contendit,
1398 717 1564 784 humanae
1585 720 1729 786 institiae
1757 721 1852 788 modo
1873 723 2074 789 metiendam
2096 747 2162 791 non

154 805 190 869 in
213 822 278 887 qua
299 801 355 866 ille
377 803 508 885 integer
533 822 600 865 non
622 802 722 866 stetit.
767 801 845 866 Una
865 809 976 866 tamen
997 808 1049 866 est
1070 803 1132 865 rite
1185 819 1256 864 esso
1279 799 1436 867 divinam.
1482 803 1673 885 Caeterum,
1698 806 1754 871 ubi
1782 810 1892 873 omnia
1915 807 2003 875 dicta
2023 811 2161 877 fuerint:

154 886 301 971 sapiendi
329 886 460 971 regula,
495 887 523 952 si
552 907 586 951 se
615 907 709 952 mens
739 887 882 952 hominis
911 886 967 951 illo
990 886 1131 951 admira·
1185 884 1230 948 sit
1256 885 1336 950 haec
1364 888 1512 952 omnium
1541 888 1799 973 disputationum
1827 894 1987 973 clausula,
2020 906 2059 959 ut
2085 918 2161 962 cum

153 975 252 1040 tionis
266 978 289 1052 ¹)
311 973 424 1038 fraeno
446 987 639 1055 compescat.
1184 969 1288 1034 Paulo
1316 972 1356 1035 ad
1386 980 1512 1039 tantam
1534 975 1790 1057 profunditatem
1813 1000 2076 1062 expavescamus.
2122 980 2161 1049 Si

240 1059 417 1125 Caeterum
446 1059 670 1140 quaestionem
694 1058 780 1124 hanc
807 1079 874 1123 non
901 1057 974 1122 ideo
1002 1064 1132 1121 tantum
1185 1056 1378 1139 obstrepant
1394 1060 1582 1141 petulantes
1599 1062 1781 1146 linguae,²)
1804 1085 1847 1128 ne
1860 1064 2038 1130 identidem
2052 1067 2161 1134 excla-

152 1145 284 1230 parcius
307 1144 469 1226 attingere
491 1145 653 1221 convenit,
676 1143 763 1227 quod
785 1144 936 1209 abstrusa
956 1150 1014 1221 est,
1037 1143 1131 1207 acin
1183 1162 1276 1207 mare
1304 1164 1379 1207 cum
1406 1144 1520 1210 eodem
1543 1148 1688 1228 apostolo
1711 1147 1763 1212 vel
1785 1148 1924 1232 pudeat,
1953 1152 2006 1217 vel
2032 1154 2158 1236 pigeat:

154 1230 314 1314 penitiore
342 1229 521 1295 sanctuarii
543 1230 606 1294 Dei
635 1229 735 1313 adyto
757 1228 939 1295 recondita:
974 1226 1031 1293 sed
1053 1228 1131 1311 quia
1184 1224 1346 1308 Ohomo,
1369 1237 1406 1294 tu
1429 1231 1502 1313 quis
1524 1252 1559 1296 es
1582 1233 1638 1315 qui
1660 1232 1770 1318 litiges
1791 1256 1867 1300 cum
1890 1235 1982 1301 Deo?

154 1318 258 1391 otiosa
286 1317 458 1381 curiositas
485 1315 604 1380 alenda
631 1337 696 1380 non
725 1323 787 1393 cst,
825 1315 918 1380 auius
945 1313 1004 1378 illa
1033 1314 1130 1377 nimis
1249 1313 1460 1394 Caeterum,
1493 1318 1555 1382 etsi
1587 1318 1743 1398 absurda,
1778 1341 1861 1403 quae
1882 1321 1961 1388 hino
1982 1323 2059 1387 inde
2081 1344 2159 1389 con-

154 1402 223 1467 alta
244 1401 422 1485 speculatio
444 1400 579 1465 alumna
600 1411 651 1465 est
671 1401 770 1465 simul
792 1422 830 1466 ac
853 1400 974 1465 nutrix.
1015 1396 1130 1479 Quan-
1183 1407 1305 1480 gerunt
1333 1399 1430 1465 huius
1456 1401 1624 1467 doctrinae
1647 1406 1842 1484 adversarii,
1870 1415 1909 1470 nt
1938 1429 2010 1472 eam
2034 1409 2159 1475 calum·

154 1509 253 1571 quam
272 1486 407 1551 interim
428 1507 512 1569 quae
529 1487 739 1570 Augustinus
767 1486 850 1551 libro
877 1485 918 1550 da
941 1485 1066 1551 Genesi
1088 1484 1130 1549 ad
1183 1484 1274 1548 niose
1301 1484 1476 1566 infamant,
1510 1488 1545 1551 in
1577 1510 1651 1554 mea
1673 1490 1887 1557 Institutione
1921 1491 2060 1558 dilucido
2089 1515 2157 1559 non

152 1572 283 1639 literam
303 1571 476 1637 undecimo
499 1571 684 1651 disserit,²)
706 1593 807 1654 qnnm
830 1571 873 1637 ad
894 1572 959 1636 Dei
979 1572 1129 1635 timorem
1181 1569 1294 1633 minus
1326 1590 1425 1652 quam
1458 1574 1622 1640 succincte
1649 1577 1824 1656 refutasse,
1858 1586 1892 1641 et
1924 1579 2019 1643 simul
2045 1581 2158 1662 pravis

153 1666 186 1724 et
212 1657 432 1724 reverentiam
463 1658 574 1722 omnia
598 1664 773 1740 temperet,
805 1657 943 1722 minime
969 1655 1128 1740 improbo.
1182 1654 1365 1738 figmentis,
1388 1658 1504 1739 quibus
1527 1679 1562 1724 se
1583 1661 1728 1743 imperiti
1750 1661 1910 1727 deludunt
1930 1672 2028 1746 atque
2050 1664 2158 1748 impli-

152 1744 269 1810 Altera
291 1750 400 1809 antem
428 1764 519 1826 pars,
548 1742 635 1826 qnod
660 1765 702 1808 cx
724 1741 880 1808 damnata
899 1742 992 1807 Adac
1016 1741 1126 1807 sobole
1182 1747 1273 1818 cant,
1308 1741 1459 1808 obviasse
1490 1745 1574 1808 mihi
1607 1746 1733 1811 videor:
1778 1749 1851 1831 quia
1892 1758 2003 1814 tamen
2036 1751 2157 1835 Pighio

151 1830 245 1895 Deus
273 1850 353 1913 quos
386 1829 492 1895 visum
525 1838 576 1893 est
604 1829 710 1913 eligit,
745 1850 825 1911 quos
858 1828 933 1893 vult
965 1826 1127 1910 reprobat,
1181 1828 1411 1908 responsiones
1433 1849 1523 1895 meas
1545 1831 1697 1898 arrodere
1718 1832 1829 1910 libuit,
1853 1836 1922 1900 eius
1944 1834 2157 1901 virulentiam

151 1916 249 1983 sicuti
281 1914 323 1981 ad
355 1912 455 1979 fidem
486 1913 703 1980 exercendam
728 1914 825 1998 longe
854 1914 960 1996 aptior
982 1922 1049 1995 est,
1082 1913 1128 1976 ita
1181 1911 1302 1975 iterum
1326 1911 1451 1978 diluere
1470 1936 1536 1979 non
1558 1918 1728 2000 gravabor.
1764 1913 1938 2000 Quaerunt
1954 1924 2156 2004 praeposteri

150 2003 274 2067 maiore
307 2002 416 2067 fructu
449 2008 619 2066 tractatur.
668 2000 711 2064 In
741 1999 803 2065 hac
834 1999 937 2083 igitur
968 1996 1126 2077 doctrina,
1180 1995 1346 2076 homines,
1376 2000 1537 2081 quomodo
1565 2003 1605 2067 de
1627 2002 1734 2068 salute
1757 2026 1831 2081 sua,
1862 2027 1944 2088 quae
1971 2008 2007 2070 in
2036 2027 2156 2073 arcano

150 2107 233 2170 quae
255 2087 420 2152 humanae
447 2094 585 2151 naturae
613 2092 647 2151 et
673 2086 913 2169 corruptionem
942 2092 976 2150 et
998 2093 1128 2150 reatum
1181 2082 1245 2145 Dei
1273 2083 1408 2149 consilio
1435 2085 1538 2165 latet,
1559 2090 1639 2152 certi
1665 2111 1737 2154 esse
1765 2091 1941 2172 poterunt?
1986 2093 2156 2175 Respondi

153 2175 190 2237 in
212 2194 247 2238 se
270 2174 429 2250 continet,
461 2171 620 2238 libentius
648 2172 777 2237 insisto:
811 2171 910 2238 sicuti
932 2192 997 2235 non
1020 2169 1126 2235 solum
1179 2166 1265 2249 quod
1287 2189 1401 2234 verum
1424 2178 1504 2237 erat.
1539 2170 1652 2253 Quum
1670 2174 1763 2239 nobis
1782 2176 1816 2239 in
1835 2175 1967 2241 Christo
1986 2180 2154 2260 proposita

150 2257 192 2324 ad
225 2259 380 2341 pietatem
420 2259 554 2340 propius
595 2257 760 2332 conducit,
802 2255 861 2323 sed
897 2257 1003 2340 magis
1041 2254 1124 2319 mihi
1179 2253 1223 2316 sit
1256 2253 1372 2319 salutis
1404 2255 1580 2335 certitudo,
1614 2280 1803 2343 perperam,
1835 2283 1896 2327 nec
1929 2263 2001 2328 sine
2027 2263 2154 2329 Christi

148 2343 280 2410 videtur
306 2344 537 2428 theologica.⁸)
586 2343 839 2409 Meminerimus
868 2350 994 2420 tamen,
1023 2342 1058 2405 in
1087 2362 1127 2406 aa
1177 2339 1281 2420 ipsius
1302 2341 1432 2418 iniuria,
1455 2343 1571 2423 facere,
1595 2345 1651 2427 qui
1671 2348 1848 2429 praeterito
1866 2347 1928 2413 hoc
1945 2350 2034 2413 vitae
2052 2350 2152 2427 fonte,

149 2450 278 2514 quoque
317 2429 423 2495 sobrie
466 2428 678 2511 modesteque
719 2426 1035 2512 philosophandum:
1081 2447 1125 2491 ne
1178 2445 1219 2487 ex
1247 2446 1312 2507 quo
1339 2425 1472 2500 haurire
1501 2437 1690 2513 promptum
1712 2438 1797 2510 erat,
1827 2453 1868 2497 ex
1891 2433 2067 2498 reconditis
2089 2435 2153 2499 Dei

149 2516 287 2580 ulterius
320 2514 474 2600 progredi
504 2519 578 2594 [pag.
613 2521 685 2593 121)
714 2521 892 2592 tentemus,
929 2533 1028 2596 quam
1055 2512 1124 2578 Do·
1177 2508 1305 2594 abyssis
1337 2512 1441 2577 vitam
1475 2535 1589 2580 eruere
1621 2516 1815 2582 moliuntur.
1872 2517 1987 2584 Tradit
2019 2519 2152 2602 quidem

148 2601 260 2666 minus
286 2622 347 2668 nos
375 2601 475 2668 verbo
504 2621 564 2665 suo
593 2599 733 2666 deducit.
779 2598 888 2681 Quam
918 2598 1028 2665 dulces
1057 2598 1124 2664 sint
1176 2595 1317 2675 Paulus,
1351 2619 1410 2663 nos
1439 2608 1517 2664 ante
1543 2602 1658 2666 mundi
1687 2605 1883 2669 creationem
1917 2605 2036 2670 eleetos
2064 2625 2150 2670 esse:

150 2688 355 2772 argutiarum
382 2685 568 2764 illecebrae,
602 2686 677 2768 plus
708 2687 788 2751 satis
816 2693 932 2751 notum
959 2693 1023 2750 est:
1058 2704 1123 2766 quo
1176 2679 1234 2746 sed
1256 2683 1291 2746 in
1308 2681 1442 2749 Christo
1466 2685 1602 2768 (Ephes.
1626 2693 1652 2766 1,
1675 2689 1719 2837 ff.
1749 2689 1801 2754 Ne
1824 2690 1896 2773 quis
1919 2712 1997 2775 ergo
2019 2690 2152 2756 aliunde

147 2775 251 2837 maior
267 2771 453 2838 adhibenda
470 2779 522 2837 est
538 2772 656 2851 cautio,
679 2778 717 2836 nt
736 2793 852 2837 sensus
866 2792 980 2836 omnes
993 2776 1122 2845 nostros
1177 2766 1344 2834 electionis
1367 2790 1446 2835 suae
1470 2776 1543 2850 [pag.
1559 2778 1632 2853 123]
1655 2775 1678 2837 fi
1703 2775 1807 2840 nciam
1826 2783 1926 2858 petat,
1950 2776 2013 2841 nisi
2031 2775 2153 2842 librum

148 2859 209 2925 sibi
232 2859 403 2924 devinctos
424 2858 544 2923 habeat
565 2857 642 2922 fidei
661 2857 862 2941 simplicitas.
908 2855 1006 2937 Quod
1029 2854 1121 2921 Deus
1147 2835 1150 2918 l
1177 2855 1280 2933 vitas,
1302 2854 1337 2918 in
1360 2876 1423 2937 qno
1445 2858 1588 2940 scriptus
1612 2869 1677 2937 est,
1704 2859 1813 2925 delere
1835 2862 1924 2926 velit.
1969 2863 2044 2926 Non
2068 2862 2152 2928 alius

147 2965 265 3011 arcano
287 2945 426 3028 spiritus
454 2944 568 3008 afflatu
597 2942 638 3008 ad
668 2964 703 3009 se
730 2943 880 3008 homines
909 2942 1034 3019 trahat,
1069 2941 1121 3006 vel
1147 2939 1149 3034 l
1175 2931 1428 3023 est'adoptionis
1451 2943 1540 3019 finis,
1569 2965 1668 3026 quam
1694 2956 1732 3010 ut
1760 2969 1954 3013 censeamur
1980 2949 2066 3012 inter
2088 2949 2151 3013 Dei

146 3030 355 3113 quotidianae
382 3049 495 3112 preces
517 3039 649 3094 nostrae
672 3038 780 3095 testes·
795 3036 888 3093 sunt:
920 3048 997 3092 nam
1018 3047 1121 3110 quum
1147 3036 1148 3045 ’
1174 3024 1267 3089 filios.
1297 3028 1400 3109 Atqui
1422 3029 1594 3111 scriptura,
1615 3031 1801 3115 quicunque
1823 3035 1857 3097 in
1875 3033 1979 3098 filium
1995 3035 2057 3098 Dei
2076 3036 2151 3098 uni-

146 3137 207 3201 pro
240 3114 529 3199 persequutoribus
560 3135 705 3193 oramus,
742 3113 820 3197 quid
853 3116 995 3197 petimus
1022 3111 1120 3190 alind,
1174 3110 1322 3194 genitum
1351 3112 1504 3194 credunt,
1532 3115 1597 3179 Dei
1624 3116 1709 3181 filios
1735 3128 1769 3182 et
1796 3119 1953 3184 haeredes
1981 3140 2053 3185 esse
2075 3141 2151 3202 pro·

143 3223 243 3285 quam
281 3209 318 3267 ut
347 3202 429 3266 fiant
460 3221 502 3265 ex
533 3199 719 3266 nolentibus
746 3200 911 3279 volentes,
945 3221 986 3263 ex
1022 3219 1121 3281 repu·
1173 3197 1311 3262 nunciat
1343 3198 1470 3283 (loann.
1501 3206 1533 3279 1,
1571 3205 1608 3263 12
1616 3226 1625 3282 3
1659 3202 1734 3268 Gal.
1758 3208 1793 3281 1,
1824 3211 1859 3283 7;
1893 3204 1988 3268 Βοιιι.
2013 3211 2047 3281 8,
2085 3206 2149 3288 17).

145 3287 324 3371 gnantibus
342 3287 591 3365 consentientes,
610 3307 652 3351 ex
667 3286 934 3369 oppugnantibus
947 3282 1119 3350 amantes?
1173 3281 1327 3348 Christus
1357 3304 1435 3367 ergo
1463 3293 1615 3351 aeternae
1642 3295 1675 3351 et
1703 3288 1910 3355 absconditae
1931 3291 1996 3354 Dei
2018 3289 2150 3355 electio-

144 3375 263 3456 Atqui,
296 3373 407 3456 palam
434 3378 576 3450 constat,
607 3392 675 3436 non
707 3372 860 3437 omnibus
893 3370 1121 3436 indifferenter
1173 3369 1226 3432 nis
1247 3375 1319 3433 tum
1341 3368 1546 3435 luculentum
1575 3373 1671 3438 nobis
1693 3374 1862 3456 speculum
1884 3383 1951 3453 est,
1981 3384 2051 3439 tum
2074 3396 2150 3441 arra
2256 3372 2259 3378 ’

145 3457 208 3522 hoo
229 3456 315 3536 dari,
342 3464 380 3523 ut
402 3458 525 3525 centies
547 3457 688 3523 exitium
713 3458 848 3523 meritos
869 3455 963 3523 Deus
985 3462 1120 3539 repente
1172 3473 1301 3536 quoque
1323 3462 1356 3518 et
1377 3456 1506 3538 pignus.
1547 3457 1772 3538 Fidenatem,
1796 3481 1894 3542 qnam
1916 3461 2010 3524 Deus
2031 3460 2067 3524 in
2087 3459 2149 3526 hoa

145 3543 215 3608 vita
237 3543 399 3628 dignetur.
445 3542 616 3625 Quomodo
649 3543 735 3609 hanc
767 3544 909 3627 gratiam
943 3541 1119 3624 dispenset,
1172 3538 1304 3622 speculo
1339 3541 1434 3605 nobis
1462 3550 1703 3624 repraesentat,
1739 3545 1844 3610 vitam
1871 3546 2147 3628 contemplamur:

143 3629 250 3712 inquit
261 3629 480 3714 Augustinus,
489 3629 519 3715 ⁴)
536 3628 616 3695 alios
630 3629 812 3694 secundum
829 3628 1120 3694 meritumfaciens
1172 3625 1237 3689 fide
1264 3625 1385 3708 pignus
1413 3624 1474 3692 hoc
1502 3648 1674 3710 arramque
1701 3629 1938 3713 amplectimur.
1987 3632 2034 3696 Et
2060 3632 2148 3698 unda

142 3736 224 3780 vasa
257 3716 343 3793 irae,
377 3714 557 3781 secundum
589 3714 731 3798 gratiam
765 3713 846 3779 alios
880 3735 959 3781 vasa
991 3711 1120 3778 miseri-
1172 3711 1364 3795 probamus,
1392 3712 1535 3794 gratuito
1563 3713 1681 3779 electos
1708 3735 1780 3780 esse
1808 3737 1849 3780 ex
1876 3716 2063 3781 hominibus
2088 3717 2148 3782 ali·

142 3799 289 3867 cordiae:
312 3801 387 3885 quis
404 3822 440 3866 co
464 3802 702 3867 novitsansum
714 3799 872 3865 Domini?
896 3798 1120 3881 Quantumvis
1171 3817 1262 3880 quos,
1285 3796 1349 3862 nisi
1371 3797 1448 3879 quia
1469 3799 1587 3884 spiritu
1606 3801 1769 3867 suoDeus
1786 3823 1867 3884 qnos
1883 3802 1956 3868 vult
1972 3803 2147 3883 illuminat,

142 3893 251 3953 tamen
275 3886 391 3951 mundi
408 3823 640 3970 velsuperbia,
663 3887 718 3952 vel
734 3886 903 3970 protervia
919 3884 1118 3962 calcitret:⁵)
1172 3890 1210 3947 ut
1232 3880 1296 3947 fide
1317 3883 1509 3948 inserantur
1525 3886 1561 3949 in
1579 3883 1705 3951 Christi
1728 3887 1867 3973 corpus?
1897 3887 1992 3953 Fidei
2015 3888 2148 3972 quidem

140 3973 278 4038 minime
310 3971 482 4038 ferendum
515 3981 580 4050 est,
615 3980 653 4037 ut
682 3972 825 4038 deterior
859 3971 902 4036 sit
929 3971 993 4035 Dei
1020 3991 1119 4053 quam
1171 3975 1303 4033 nostrae
1325 3970 1416 4053 origo
1444 3978 1477 4033 et
1498 3990 1599 4036 causa
1620 3984 1672 4036 est
1698 3971 1810 4040 divina
1832 3974 1959 4039 electio:
1990 3974 2047 4040 sed
2070 3977 2148 4057 quia

140 4059 288 4124 mortalis
311 4058 453 4125 hominis
476 4058 626 4123 conditio.
661 4057 726 4124 Cui
744 4066 854 4124 autom
877 4056 1030 4122 creditori
1051 4077 1119 4120 non
1171 4053 1344 4120 invisibilis
1366 4064 1417 4120 cst
1433 4056 1527 4122 Deus
1549 4060 1580 4140 (1
1594 4058 1677 4122 dim,
1695 4064 1721 4137 1,
1736 4064 1800 4139 17),
1823 4059 1995 4142 lucemque
2019 4060 2148 4126 habitat

141 4143 332 4210 conceditur
364 4145 405 4210 ab
439 4167 504 4209 uno
534 4147 681 4230 exigere,
715 4143 801 4228 quod
830 4144 926 4208 alteri
953 4140 1117 4207 remittit?
1170 4141 1371 4206 inaccessam
1395 4141 1428 4226 (1
1444 4142 1571 4220 Tine,
1594 4147 1658 4223 16),
1681 4153 1715 4209 et
1736 4147 1901 4211 neminem
1924 4146 2146 4211 consiliarium

141 4227 235 4310 Quae
269 4228 450 4295 similitudo
483 4252 548 4294 non
577 4232 635 4339 abs
661 4251 698 4294 re
731 4232 828 4295 toties
859 4230 900 4295 ab
929 4231 1118 4313 Augustino
1171 4224 1316 4291 admittit
1337 4228 1446 4305 (Rom.
1473 4233 1522 4308 11,
1546 4232 1602 4309 34;
1634 4235 1649 4292 l
1675 4230 1748 4295 Cor.
1773 4234 1802 4310 2,
1831 4236 1896 4310 16),
1920 4240 2049 4315 praeter
2070 4233 2145 4295 uni-

141 4317 310 4398 repetitur.
355 4315 448 4380 Fieri
481 4314 615 4398 quidem
649 4317 707 4381 vix
740 4322 864 4400 potest,
896 4316 978 4398 quin
1010 4314 1118 4399 primo
1170 4315 1329 4397 genitum,
1352 4314 1408 4396 qui
1427 4333 1558 4397 semper
1575 4316 1639 4380 fuit
1655 4317 1691 4379 in
1709 4317 1780 4382 cius
1798 4318 1874 4383 sinu
1893 4318 2021 4395 (loann.
2038 4323 2065 4395 l,
2082 4322 2144 4396 18),

141 4401 252 4465 statim
291 4410 458 4466 momento
495 4402 647 4468 turbetur
685 4423 780 4468 mens
818 4401 977 4479 hominis,
1017 4420 1119 4483 quum
1170 4407 1283 4465 tenere
1311 4406 1457 4463 mentem
1479 4400 1605 4466 Christi
1633 4410 1776 4484 oportet,
1807 4425 1844 4469 ac
1872 4402 1936 4469 fide
1960 4404 2148 4484 illuminari,

141 4489 282 4569 gratiam
294 4484 360 4551 Dei
383 4488 499 4570 negari
521 4489 731 4571 quantumvis
753 4487 897 4572 indignis
916 4485 1015 4564 audit,
1036 4505 1119 4569 quae
1171 4492 1209 4550 ut
1237 4484 1331 4550 nobis
1358 4487 1506 4636 ssaoefiat’
1542 4507 1626 4569 qnae
1653 4488 1690 4551 in
1719 4488 1815 4554 corda
1842 4489 1907 4554 Dei
1933 4490 2026 4572 prius
2052 4489 2150 4555 latuit

139 4573 275 4654 perinde
304 4571 451 4657 indignis
482 4573 587 4638 datur.
638 4572 706 4640 Sed
733 4573 996 4651 meminerimus,
1029 4577 1118 4654 post-
1172 4570 1312 4654 adoptio.
1386 4571 1494 4654 iquis
1516 4574 1611 4637 malit
1632 4576 1788 4639 crassius:
1812 4575 1909 4639 Prior
1930 4575 2062 4658 quidem
2085 4573 2150 4640 tide

1171 4665 1222 4722 est
1243 4657 1368 4736 electio,
1391 4657 1449 4722 sed
1471 4679 1513 4723 ex
1535 4658 1600 4723 fide
1622 4657 1767 4724 discitur.
1812 4659 1906 4740 Quae
1927 4660 2072 4725 breviter
2094 4659 2148 4726 bic

1171 4741 1287 4822 delibo,
1310 4742 1415 4807 fusius
1432 4744 1468 4807 in
1485 4765 1560 4809 mea
1576 4743 1789 4810 Institutione
1808 4745 1970 4828 explicata
1983 4746 2149 4828 reperient

207 4845 237 4980 ἑ)
255 4844 331 4965 311111.
351 4845 414 4966 mdiu
432 4847 590 4968 appartgergt
609 4846 656 4901 des
675 4847 813 4917 ingemens
831 4847 942 4902 estroits
961 4846 994 4901 de
1012 4845 1090 4900 Dieu.
1169 4827 1358 4911 lectores-⁸)
1408 4828 1525 4912 Itaque
1560 4828 1716 4898 Christus
1743 4838 1910 4897 aeternam
1945 4851 2077 4896 suorum
2112 4830 2148 4894 in

206 4978 236 5048 3)
258 4928 554 5050 pidipconvibibleaa
577 4956 605 5038 la
630 4984 794 5039 chrestiente
818 4991 846 5038 et
869 4984 941 5038 aussi
965 4999 1035 5052 pour
1052 4940 1115 5052 plns

137 5049 241 5106 editior.
1238 5051 1268 5117 1)
1286 5051 1328 5105 De
1346 5051 1443 5107 Praed.
1461 5059 1490 5107 et
1507 5053 1595 5120 gratia
1613 5069 1671 5122 cap.
1690 5053 1715 5106 2.

207 5118 236 5184 4)
256 5118 314 5173 Lib.
334 5119 368 5173 ad
386 5120 509 5174 Bonifac.
528 5119 542 5172 1
563 5136 621 5188 cap.
639 5118 681 5173 20.
1237 5119 1267 5185 2)
1287 5120 1310 5173 si
1328 5120 1377 5175 des
1394 5120 1502 5176 sausses
1520 5123 1563 5176 lan
1603 5139 1632 5176 cs
1650 5125 1747 5177 iettent
1764 5122 1824 5175 leur
1840 5120 1920 5175 venin
1939 5125 2033 5175 contm
2051 5120 2130 5176 Dieu.

207 5186 238 5252 b)
256 5187 348 5243 iacent
364 5189 406 5258 icy
424 5188 473 5244 des
492 5190 613 5244 chevaur
631 5189 793 5257 eschappez.
1237 5187 1268 5254 3)
1287 5187 1349 5244 Hac
1370 5205 1475 5244 comma
1496 5205 1552 5246 non
1566 5139 1670 5262 isicem
1687 5193 1718 5246 in
1742 5194 1865 5246 canoas
1886 5189 1994 5260 cadmo.
2037 5188 2147 5245 Proca
