4762 5918
160 373 254 433 er
910 396 911 399 κ
983 369 1349 438 ensonrnrnrs.
1774 382 1777 389 ¹
1850 399 1853 402 >
2128 340 2185 450 es.
2252 436 2258 447 .

205 562 244 606 ae
274 541 397 607 referre
431 550 618 624 promptum
651 549 752 620 esset,
785 541 935 607 consulto
957 548 1136 625 praetereo.
1189 539 1318 620 vitium,
1340 542 1427 624 quod
1449 543 1483 607 in
1498 557 1538 609 'se
1555 554 1706 624 cernunt,
1730 545 1927 613 damnarent
1942 547 2052 631 petius
2070 570 2184 631 quam·

158 563 230 693 god
247 626 329 691 haec
347 635 381 690 et
397 625 461 689 alia
478 627 653 691 innumera
669 628 805 710 quisque
816 626 904 709 apud
916 647 951 691 se
963 622 1136 709 expendet
1189 625 1252 690 alio
1264 645 1396 692 eausam
1414 629 1652 694 transferrent?
1681 629 1749 705 Sed
1760 630 1910 715 agedum,
1929 633 2008 716 quia
2023 634 2171 716 qualem·

159 711 235 777 Iam
252 711 409 776 mulieres
426 710 467 775 ad
485 721 623 777 mortem
641 714 766 795 raptari
784 712 886 790 aiunt,
905 715 929 795 ¹)
947 733 1011 794 quo
1027 712 1137 775 minus
1190 732 1319 794 cunque
1342 710 1504 777 duntaxat
1525 713 1737 797 blasphemiis
1755 717 1824 781 suis
1842 725 2054 800 praetextum
2071 740 2171 801 quae·

160 797 306 862 habeant
333 796 451 861 veniae
479 817 545 861 non
574 798 645 873 viri,
664 804 809 875 tantum,
838 795 896 862 sed
922 797 982 861 toti
1009 795 1136 880 pepuli:
1189 805 1282 861 runt:
1310 796 1523 863 ostendamus
1544 819 1611 864 uno
1633 799 1748 879 verbe,
1777 801 1870 866 nullo
1897 823 1951 868 eos
1978 803 2085 869 colore
2106 805 2173 868 im-

142 882 217 969 ⁴qui
237 889 276 945 ut
292 882 426 946 brevem
449 880 591 947 caducae
611 883 700 965 pacis
723 903 859 947 usuram
881 881 1081 947 redimerent
1102 883 1138 946 in
1168 946 1169 949 ,
1188 881 1351 964 pudenter
1372 881 1574 949 maledicere.
1611 883 1720 965 Quem
1742 885 1911 952 voluntate
1933 908 2070 969 peceare
2092 910 2167 954 cen·

160 965 294 1045 mundo,
313 965 418 1032 filium
435 965 501 1031 Dei
519 975 671 1032 aeternae
689 969 776 1033 vitae
794 974 942 1033 autorem
963 969 1136 1051 abnegare,
1189 974 1267 1043 stat,
1289 967 1362 1033 isne
1384 969 1592 1034 innocentem
1614 991 1650 1034 se
1667 969 1821 1036 iactabit?
1854 971 1922 1038 Ubi
1944 973 2055 1038 omnia
2076 972 2170 1039 dire-

161 1073 262 1134 seqne
287 1051 418 1117 coelesti
445 1053 516 1117 eius
541 1072 645 1136 regno
677 1052 810 1135 privare
843 1073 909 1117 non
938 1052 1151 1116 dubitarent
1188 1052 1270 1130 rint,
1310 1052 1390 1118 illuc
1424 1051 1557 1118 demum
1588 1053 1804 1134 veniendum,
1843 1056 1943 1137 nihil,
1982 1058 2046 1123 nisi
2081 1058 2170 1140 quod

161 1138 344 1216 Postremo,
367 1157 525 1219 quorsum
547 1138 721 1219 profutura
742 1138 810 1202 sint
829 1158 913 1219 quae
931 1137 1029 1221 vulgo
1047 1157 1138 1201 nune
1189 1144 1305 1219 sponte
1324 1139 1551 1219 committunt,
1581 1138 1648 1207 illis
1676 1161 1696 1204 a
1721 1141 1793 1205 Deo
1818 1141 1983 1224 imputari.
2028 1144 2075 1207 Et
2095 1145 2170 1227 quis
2284 1141 2287 1145 ’

161 1224 199 1288 in
219 1222 375 1305 gravibus
397 1222 494 1288 malis
516 1232 719 1303 reputantur,
741 1222 906 1287 Dominus
930 1223 1002 1304 ipse
1018 1221 1138 1287 molius
1189 1221 1361 1287 hominum
1387 1225 1477 1306 ipsos
1504 1226 1539 1288 in
1568 1224 1765 1292 voluntariis
1794 1226 1976 1293 malefactis
1998 1227 2167 1293 absolvet?

162 1308 265 1372 novit.
301 1308 458 1372 Nostrum
476 1315 536 1385 est,
555 1306 718 1390 quidquid
731 1309 955 1375 calamitatum
973 1307 1136 1386 acciderit,
1188 1306 1293 1371 Porro
1315 1308 1401 1390 quod
1418 1308 1567 1375 homines
1584 1310 1658 1374 iure
1675 1309 1843 1391 damnant,
1866 1332 1910 1375 an
1928 1311 2084 1377 damnare
2101 1335 2169 1378 non

161 1394 238 1458 forti
266 1392 379 1457 animo
407 1392 567 1474 accipere,
592 1394 732 1472 exitum,
763 1392 868 1475 qualis
891 1392 1055 1475 optandus
1077 1399 1136 1471 est,
1189 1394 1253 1456 erit
1279 1393 1352 1457 Deo
1379 1393 1545 1458 liberum?
1590 1395 1694 1478 Atqui
1721 1404 1834 1460 tamen
1863 1417 1939 1463 eum
1965 1396 2039 1463 Dee
2068 1418 2168 1480 expo·

161 1501 184 1544 a
203 1479 347 1543 Domino
376 1485 560 1560 sperantes:
596 1499 725 1561 semper
757 1477 890 1561 quidem
922 1477 985 1542 hoe
1017 1477 1137 1542 habere
1189 1477 1330 1556 stulant,
1359 1477 1447 1560 quod
1475 1500 1545 1547 non
1568 1480 1738 1545 meliorem
1765 1480 1831 1546 illis
1859 1491 2019 1560 mentem,
2054 1491 2088 1547 et
2115 1504 2171 1548 cor

46 1568 53 1577 ’
159 1565 388 1641 constitutum,
412 1573 577 1646 utcunque
600 1563 641 1627 ad
659 1573 789 1646 tempus
806 1571 976 1646 prematur
993 1561 1137 1639 eeclesia,
1190 1563 1289 1627 etiam
1307 1565 1426 1628 rectius
1444 1563 1579 1629 dederit.
1616 1563 1719 1646 quasi
1737 1586 1814 1635 vero
1831 1586 1899 1631 non
1910 1566 2057 1632 dedisset
2066 1567 2169 1632 initio.

158 1649 324 1732 eptimam
346 1656 488 1731 patrem,
518 1648 574 1731 qui
601 1649 804 1731 singularem
825 1650 896 1714 eius
918 1667 1031 1714 euram
1053 1649 1139 1732 gerit
1189 1647 1276 1712 Nam
1300 1650 1522 1730 pravitatem,
1554 1670 1636 1734 quae
1665 1652 1702 1715 in
1728 1650 1823 1717 nobis
1852 1660 1984 1736 regnat,
2020 1650 2172 1718 doctrina

161 1755 332 1816 nunquam
348 1754 535 1817 passurum,
553 1743 591 1797 ut
607 1734 726 1798 obruta
742 1733 880 1799 deficiat
916 1731 955 1798 si
966 1732 1136 1797 Christum
1190 1742 1303 1797 nestra
1325 1754 1390 1798 non
1412 1735 1476 1798 fert
1498 1744 1664 1818 acceptam
1684 1734 1748 1800 Dei
1767 1738 1933 1815 creationi,
1957 1735 2016 1802 sed
2033 1745 2171 1804 naturae

160 1819 332 1905 inmedio
360 1819 507 1883 hostium
536 1816 701 1887 dominari
724 1839 743 1882 o
767 1825 866 1895 ortet,
895 1817 980 1888 siout
1001 1817 1137 1901 spiritus
1189 1819 1391 1901 corruptioni
1426 1819 1580 1903 assignat
1637 1821 1819 1903 Excipiunt
1849 1840 1981 1901 rursus,
2019 1823 2172 1905 iniquum
2230 1862 2236 1875 ·

160 1904 349 1970 testim0nio
362 1905 390 1986 ²)
409 1903 488 1967 olim
500 1911 716 1968 testatumest
733 1840 836 1989 (li'sal.
852 1907 921 1982 110,
935 1904 979 1984 2),
997 1923 1138 1986 regnum
1190 1923 1277 1981 esse,
1311 1904 1409 1969 alieni
1442 1904 1552 1970 delicti
1587 1926 1726 1988 poenam
1759 1906 1821 1971 sibi
1848 1906 1966 1991 infligi.
2011 1908 2064 1972 Ea
2088 1908 2171 1973 terte

160 1991 235 2055 eius
256 1990 346 2053 inter
367 2009 426 2054 nos
449 1989 519 2053 sine
536 1989 656 2053 militia
672 1989 885 2054 steentinuis
903 1986 1138 2054 certaminibus
1190 1989 1338 2071 exceptio
1359 1989 1510 2055 nonnihil
1533 1991 1669 2057 haberet
1690 1991 1821 2070 celeris,
1848 1992 1877 2057 si
1898 2012 1919 2055 a
1940 1993 2072 2075 proprio
2095 2013 2171 2074 pee-

160 2094 238 2140 essc
255 2093 320 2138 nen
336 2082 448 2157 potest.
486 2072 599 2139 Sinos
618 2073 735 2139 ovibus
754 2073 878 2139 similes
890 2080 1138 2138 sumusmaota-
1191 2080 1263 2138 cato
1278 2074 1342 2157 ipsi
1358 2074 1522 2140 immunes
1534 2074 1640 2140 aliena
1650 2076 1747 2158 eulpa
1758 2074 1891 2161 gravari
1902 2097 1938 2142 se
1948 2075 2168 2142 ostenderent

162 2159 247 2224 tieni
279 2157 464 2239 destinatis,
496 2158 678 2224 adversarii
711 2169 822 2226 autem
850 2158 1004 2241 luporum
1032 2157 1139 2222 instar
1190 2155 1259 2223 Sed
1281 2179 1385 2241 quum
1406 2169 1531 2225 rectam
1552 2160 1587 2223 in
1610 2160 1717 2244 prime
1737 2171 1873 2242 parente
1894 2166 1969 2240 [pag.
1993 2165 2049 2241 46]
2072 2169 2170 2225 natu-

150 2245 253 2310 ¹rabie
275 2242 403 2309 ardent:
435 2244 547 2311 veniat
573 2242 667 2309 nobis
693 2245 728 2309 in
750 2241 1047 2314 memoriamillud
1069 2242 1138 2307 De·
1191 2263 1262 2306 ram
1278 2242 1303 2326 ¹)
1330 2243 1379 2308 ita
1407 2242 1628 2326 perdiderint,
1655 2253 1692 2309 ut
1710 2253 1827 2329 sponte
1849 2246 1915 2310 sint
1937 2245 2061 2323 vitiosi,
2090 2238 2172 2328 quid

54 2371 61 2382 -
160 2329 242 2394 mini
270 2336 502 2413 praeceptum,
538 2327 750 2412 possidendas
786 2349 858 2394 esse
896 2329 931 2392 in
965 2327 1139 2393 tolerantia
1190 2327 1261 2406 sibi,
1273 2335 1430 2411 tanquam
1440 2329 1634 2407 insontibus,
1652 2331 1723 2401 fieri
1735 2338 1981 2412 conqueruntur
1990 2329 2169 2395 iniuriam?

160 2414 304 2491 animas,
330 2413 433 2481 donee
459 2435 552 2480 suam
579 2415 650 2497 ipse
677 2416 834 2481 virtutem
855 2414 891 2478 in
912 2420 1025 2479 nostra
1044 2413 1138 2478 infir·
1191 2410 1324 2479 Scilicet
1349 2414 1488 2492 faciunt,
1522 2413 1608 2497 quod
1636 2414 1848 2499 perditissimi
1877 2414 2020 2480 latrones
2047 2415 2169 2480 solent:

134 2501 276 2565 ‚mitate
297 2500 444 2582 perficiat
478 2499 561 2566 Luc.
583 2502 633 2578 21,
655 2500 735 2584 let·
764 2498 863 2565 Certe
885 2498 989 2564 nihilo
1010 2497 1137 2564 felicius
1189 2498 1247 2581 qui
1272 2498 1351 2564 dum
1378 2498 1420 2575 ad
1448 2499 1646 2583 supplicium
1678 2499 1870 2587 rapiuntur,
1903 2491 2032 2582 probris'
2065 2500 2171 2581 unde·
2240 2493 2245 2501 ’
2282 2537 2286 2544 -

158 2582 327 2652 habebant
354 2580 468 2668 aposto
482 2585 507 2664 i,
536 2605 637 2668 quum
662 2583 825 2669 intrepide
853 2583 1047 2651 clamarent:
1089 2584 1139 2649 Ut
1189 2582 1317 2666 cunque
1349 2585 1490 2667 arreptis
1522 2583 1665 2650 iudicem
1697 2584 1853 2651 lacerant
1897 2585 1944 2649 Et
1977 2593 2057 2649 sunt
2084 2586 2171 2650 eius-

92 2731 97 2737 .
159 2669 240 2754 quid
257 2670 505 2736 tumultuantur
525 2678 651 2754 gentes,
674 2678 708 2735 et
729 2669 842 2753 pepuli
863 2668 1065 2735 meditantur
1085 2670 1138 2733 in-
1189 2667 1279 2733 modi
1306 2669 1734 2752 heminessaepenumero,
1767 2670 1853 2734 sieut
1882 2669 1924 2734 ad
1951 2667 2171 2752 perpetranda

160 2756 239 2822 ania
267 2757 355 2837 (Act.
376 2759 406 2834 4,
426 2754 504 2837 tul?
547 2756 616 2820 Nos
643 2775 780 2839 quoque,
808 2756 837 2821 si
866 2761 1038 2820 teneamus
1060 2752 1138 2837 quid
1189 2751 1349 2820 maleficia
1363 2755 1515 2837 prompti,
1533 2756 1581 2819 ita
1597 2755 1697 2820 etiarn
1712 2754 1845 2821 facundi
1856 2754 1899 2820 ad
1911 2752 2172 2822 conviciandum.
2208 2775 2210 2779 ’
2277 2756 2281 2761 ’

159 2841 270 2908 valeat
285 2838 378 2917 illud,
401 2842 436 2905 in
454 2841 542 2907 eoele
559 2840 668 2906 Deum
686 2839 793 2906 ridere
812 2840 913 2922 (Peal.
925 2842 954 2917 2,
966 2843 1012 2921 4),
1035 2843 1137 2922 quum
1190 2836 1409 2918 Qrudantem
1425 2836 1473 2905 ita
1490 2840 1641 2905 ferociter
1656 2838 2066 2923 insultando'prefieiunt?
2104 2840 2172 2905 Ne·

159 2926 272 3009 impiis
301 2923 449 2992 habenas
472 2926 577 3005 laxat,
609 2925 722 2992 eadem
756 2932 823 3009 qua
853 2923 991 3007 apostoli
1018 2923 1138 2990 fiducia
1189 2934 1252 3006 que
1280 2925 1369 2989 enim
1397 2934 1454 2989 aut
1476 2924 1607 2990 levatur
1628 2946 1743 2991 eorum
1764 2925 1964 3010 ignominia,
1993 2933 2049 2990 aut
2072 2924 2173 2992 iudici

160 3011 315 3086 instructi
337 3013 397 3076 toti
419 3010 543 3075 mendo
563 3012 715 3095 quamvis
741 3017 866 3076 armato
894 3029 1007 3076 secure
1033 3009 1137 3074 insul·
1189 3009 1319 3075 maeula
1340 3009 1409 3075 nlla
1425 3011 1578 3076 inuritur.
1614 3009 1720 3093 quue
1736 3010 1798 3093 ipsi
1816 3018 1955 3076 norunt:
1978 3010 2037 3079 sed
2057 3009 2172 3093 despe-

56 3183 62 3191 ·
160 3095 312 3162 tabimus.
1189 3095 1316 3160 ratione
1337 3097 1500 3161 excaecati
1524 3096 1683 3161 miserum
1709 3116 1752 3160 ex
1776 3095 1917 3162 ridicula
1939 3095 2065 3160 ultione
2087 3094 2173 3160 sola*

47 3820 50 3825 -
159 3778 304 3857 fruetus,

248 3179 445 3264 Sequuntur
471 3180 640 3259 seandala,
673 3202 756 3264 quae
782 3181 903 3246 iterum
925 3201 967 3245 ex
989 3178 1138 3245 doctrina
1189 3179 1276 3243 tium
1289 3181 1432 3262 capiunt.
1468 3181 1640 3247 Hactenus
1656 3201 1769 3246 eorem
1780 3180 1996 3263 blasphemiis
2007 3179 2173 3263 respondi,

161 3267 261 3350 vulgo
287 3265 469 3334 ereduntur
520 3269 686 3346 revenire,
719 3264 777 3333 sed
804 3287 840 3331 re
866 3284 947 3330 vera
972 3264 1137 3330 humanae
1189 3265 1246 3347 qui
1275 3265 1479 3348 impietatem
1511 3287 1552 3332 ex
1584 3267 1730 3348 professo
1761 3286 1856 3331 suam
1888 3263 2042 3350 produnt
2099 3264 2169 3331 Sed

161 3352 219 3419 vel
239 3354 435 3435 proterviae,
459 3288 518 3418 ved)
532 3354 695 3432 inscitiae,
717 3352 771 3417 vel
792 3350 993 3417 curiositatis
1014 3349 1138 3432 proprii
1190 3358 1317 3416 restant
1344 3349 1504 3430 Sadoleti,
1531 3351 1658 3435 Pighii,
1673 3353 1702 3434 ²)
1726 3349 1947 3432 similiumque
1976 3346 2168 3428 calumniae,
2219 3388 2222 3392 ι

162 3446 245 3502 eunt
273 3459 310 3503 ae
344 3438 493 3522 germani
527 3439 642 3504 foetus.
705 3435 881 3520 Scriptura
921 3435 961 3500 de
998 3442 1137 3500 naturae
1189 3435 1309 3518 quibus
1332 3435 1524 3501 doctrinam
1553 3446 1699 3501 nestram
1725 3435 1903 3512 infamant,
1936 3434 2031 3515 quasi
2061 3434 2170 3513 varias

161 3523 530 3605 nostraeeorruptione
556 3524 603 3588 ita
631 3523 739 3600 docet,
771 3520 859 3605 qued
885 3521 1074 3604 ingenitam
1095 3541 1136 3585 ex
1191 3530 1224 3584 et
1235 3540 1336 3603 prope
1352 3521 1499 3586 infinitas
1517 3519 1736 3585 absurditates
1755 3538 1865 3583 seeum
1884 3517 2040 3582 traheret
2069 3517 2169 3600 Illinc
2230 3526 2232 3529 ’

160 3614 261 3672 utero
289 3607 495 3674 vitiositatem
522 3629 559 3675 ae
589 3608 748 3674 malitiam
775 3608 965 3672 afferamus:
995 3605 1043 3670 ita
1070 3626 1136 3670 non
1190 3626 1268 3671 vero
1298 3606 1325 3670 si
1353 3605 1431 3687 qnid
1459 3613 1509 3670 est
1535 3604 1695 3683 scandali,
1729 3603 1803 3668 ideo
1830 3610 1911 3681 est,·
1928 3601 2016 3684 qaod
2045 3602 2168 3684 scripta

139 3697 240 3770 [pag.
263 3697 318 3771 45]
337 3708 439 3841 <posse
466 3715 508 3758 ex
535 3693 630 3758 mala
649 3694 765 3758 arbore
790 3691 920 3774 prodire
948 3689 1011 3755 nisi
1033 3690 1137 3755 malos
1190 3698 1303 3755 nostra
1335 3711 1402 3755 non
1429 3690 1594 3773 leguntur.
1640 3687 1728 3770 Quid
1752 3707 1830 3772 erge
1852 3688 2011 3767 facerem,
2039 3687 2104 3752 nisi
2129 3695 2169 3752 ut

360 3798 441 3843 enee
471 3777 598 3846 Christi
630 3779 736 3862 gratia
766 3778 869 3843 simus
900 3776 937 3839 in
969 3776 1137 3859 integrum
1189 3795 1303 3840 omnes
1324 3795 1380 3840 eos
1397 3773 1521 3853 horter,
1540 3775 1596 3858 qui
1613 3780 1825 3857 praepostera
1841 3772 2020 3838 offensione
2039 3771 2168 3856 abrepti

161 3862 314 3928 restituti.
359 3863 426 3928 Hie
453 3863 577 3947 colligit
603 3863 751 3929 hamana
779 3863 877 3938 ratio,
911 3883 976 3925 nen
1005 3868 1137 3925 tantum
1189 3861 1337 3944 ignotam
1358 3859 1533 3925 veritatem
1556 3859 1733 3943 refugiunt,
1755 3880 1797 3924 ne
1818 3857 1980 3941 duplicem
2001 3858 2168 3923 temerita-
2239 3896 2241 3900 ,

160 3968 274 4014 carere
302 3947 452 4013 homines
479 3950 567 4031 ipsos
595 3949 691 4031 eulpa
717 3947 795 4013 dum
817 3955 962 4031 peccant,
986 3944 1043 4010 sed
1066 3946 1137 4010 Deo
1191 3947 1232 4013 tis
1264 3964 1404 4028 poenam
1437 3945 1499 4011 sibi
1533 3943 1723 4010 accersant?
1768 3943 1856 4018 Nam
1888 3950 1921 4008 et
1953 3964 1989 4008 sc
2013 3942 2169 4008 fraudant

158 4033 290 4115 culpam
318 4035 437 4097 merito
462 4054 556 4116 pesse
584 4034 739 4110 adscribi,
768 4035 823 4116 qui
851 4032 934 4096 tales
961 4051 1016 4095 eos
1038 4038 1136 4108 creat,
1190 4030 1298 4096 oblata
1320 4030 1380 4116 sibi
1403 4031 1525 4110 salutm
1548 4051 1609 4116 neo
1631 4029 1697 4094 illis
1719 4030 1853 4110 impune
1870 4027 1973 4107 cedet,
1995 4047 2095 4093 eausa
2116 4028 2169 4092 in·
2251 4099 2254 4104 ἶ

161 4127 201 4182 ut
222 4117 300 4181 nati·
313 4116 355 4182 ad
377 4117 578 4201 peccandum
599 4118 781 4183 videantur.
826 4117 1016 4200 Interroget
1036 4137 1136 4181 unus·
1189 4113 1317 4194 audita,
1348 4115 1528 4180 secundum
1555 4114 1764 4180 mendacium
1786 4114 1900 4180 statim
1920 4113 2167 4196 pronunciasse.

160 4203 300 4285 quisque
324 4224 418 4268 suam
440 4204 686 4269 conscientiam:
715 4203 867 4286 protinus
889 4202 1059 4268 convictus
1081 4198 1137 4265 ob·
1276 4198 1373 4281 Quod
1390 4222 1468 4266 vero
1484 4199 1739 4284 praedestinatio
1757 4219 1848 4263 mare
1861 4206 1913 4263 est
1925 4197 2167 4277 scandalorum,

159 4297 336 4354 mutescat
387 4289 461 4354 Illic
493 4291 581 4354 enim
624 4290 825 4371 reperiemus
841 4351 843 4353 ,
858 4286 943 4369 quod
974 4286 1138 4368 scriptura
1188 4285 1277 4351 unde
1303 4285 1338 4351 id
1365 4286 1539 4369 contingit,
1576 4285 1641 4349 nisi
1668 4306 1710 4349 ex
1739 4294 1852 4349 nestra
1884 4281 1936 4349 vel
1969 4284 2180 4362 curiositate,

161 4375 258 4438 toties
280 4381 431 4453 testatur,
452 4375 574 4439 fontem
595 4376 740 4438 omnium
764 4373 919 4437 vitiorum
938 4391 1008 4437 esse
1027 4372 1137 4453 pravi·
1189 4371 1242 4437 vel
1270 4370 1474 4454 petulantia?
1519 4370 1584 4436 Hic
1607 4368 1647 4435 de
1669 4389 1789 4434 arcano
1812 4366 1876 4432 Dei
1898 4367 2019 4433 iudieio
2047 4367 2168 4451 agitur,

159 4467 271 4536 tatem,
292 4479 378 4540 qnae
399 4461 435 4523 in
458 4459 551 4526 nobis
572 4459 696 4525 haeret.
741 4459 809 4524 Nos
826 4457 899 4522 ideo
918 4457 1006 4521 mala
1027 4456 1138 4521 omnia
1189 4458 1281 4523 cuius
1304 4456 1428 4540 fulgere
1451 4455 1613 4520 humanas
1634 4464 1771 4533 mentes,
1795 4454 1823 4517 si
1845 4454 1979 4536 propius
2001 4453 2168 4534 accedant,

160 4554 365 4624 perpetrare,
407 4545 483 4625 quia
517 4544 601 4626 quod
637 4545 709 4610 Dee
744 4543 895 4625 displicet
933 4549 1135 4624 appetamus.
1189 4563 1256 4606 non
1278 4542 1455 4626 perstringi
1476 4539 1572 4606 modo
1593 4547 1626 4604 et
1647 4539 1804 4618 hebetari,
1828 4537 1886 4603 sed
1907 4539 2039 4622 penitus
2057 4539 2170 4623 absor-

160 4625 231 4717 Qui
258 4630 295 4693 fit
320 4630 424 4712 igitur
452 4642 505 4708 ut,
530 4651 611 4712 quos
635 4631 724 4694 intus
753 4649 826 4693 reos
855 4629 983 4711 peragit
1005 4628 1137 4709 propria
1190 4625 1259 4692 beri
1280 4646 1413 4692 necesse
1436 4635 1495 4691 est.
1540 4626 1585 4689 Et
1603 4632 1714 4689 tamen
1732 4635 1892 4707 quantum
1908 4623 2035 4689 ferebat
2052 4632 2168 4707 eaptus

157 4715 366 4793 conscientia,
389 4735 494 4780 vanas
511 4716 739 4780 excusationes
757 4714 835 4779 hinc
852 4712 929 4777 inde
946 4711 1042 4777 avide
1059 4732 1137 4776 eon·
1189 4719 1310 4790 nester,
1328 4719 1552 4794 quantumque
1569 4716 1682 4775 nostra
1700 4710 1866 4788 intererat,
1885 4707 2049 4773 Dominus
2064 4709 2168 4789 scrip·

157 4799 303 4881 quirent,
325 4800 366 4864 ad
386 4822 422 4866 se
444 4808 478 4865 et
499 4800 580 4865 elios
608 4809 702 4865 reatu
730 4797 941 4865 eximendos?
971 4817 1076 4879 neque
1099 4817 1137 4862 eo
1189 4797 1274 4860 turis
1298 4796 1465 4878 patefecit:
1509 4796 1578 4860 Nos
1607 4794 1731 4860 scilieet
1763 4815 1833 4860 esse
1866 4813 1979 4858 omnes
2010 4790 2167 4886 perditos,

157 4886 321 4960 contenti,
354 4887 463 4952 Deum
495 4906 623 4969 quoque
652 4887 689 4949 in
722 4886 848 4950 crimen
880 4882 1019 4948 vocent?
1063 4883 1138 4948 Nisi
1189 4882 1252 4945 nisi
1281 4901 1362 4963 quos
1390 4880 1431 4945 ad
1458 4881 1563 4945 vitam
1590 4879 1632 4945 eli
1656 4878 1740 4944 endo
1768 4899 1787 4941 a
1816 4887 1921 4942 morte
1948 4875 2093 4940 redimrt:
2124 4874 2168 4939 ad

155 4979 275 5053 sponte
293 4993 328 5036 se
345 4972 457 5037 fallere
474 4972 511 5036 in
528 4992 626 5037 suum
643 4971 782 5035 exitium
800 4969 866 5033 illis
882 4968 1008 5043 liberet,
1027 4988 1136 5033 annon
1189 4986 1244 5032 eos
1272 4965 1400 5032 Christi
1427 4966 1567 5050 gratiam
1597 4900 1683 5030 sebas
1713 4962 1900 5046 pervenire,
1934 4960 1989 5042 qui
2020 4959 2170 5041 gratuita

157 5114 197 5120 ..b
202 5114 232 5119 .—
246 5112 365 5119 ΑΜ
1190 5107 1394 5114 -——.—-.—

228 5175 258 5238 1)
276 5191 310 5229 en
329 5190 430 5230 aucuns
448 5175 521 5250 lieux
538 5174 731 5255 d'Allemagne.
894 5203 896 5207 .
954 5142 956 5147 Ι
1060 5204 1063 5207 Δ
1123 5237 1127 5244 ¹
1194 5245 1197 5250 .
1259 5167 1288 5232 l)
1307 5165 1367 5223 leur
1383 5170 1503 5224 dreiture
1522 5175 1552 5222 et
1568 5169 1694 5236 integnte
1711 5161 1852 5232 naturalle.

228 5244 259 5309 2)
278 5259 380 5298 comme
400 5243 487 5321 David
504 5243 540 5298 l'a
557 5243 724 5312 prophetae.
958 5319 960 5321 ‚
1035 5255 1037 5258 ⁴
1199 5250 1202 5256 ·
1256 5237 1286 5301 ἓ)
1306 5237 1379 5292 aaa.
1398 5237 1446 5292 des
1464 5237 1594 5319 advocate
1612 5235 1645 5290 de
1664 5236 1691 5287 la
1707 5231 1837 5299 Papeute.
1919 5313 1957 5367 3*
