4762 5918
237 361 360 428 xxrv
1050 358 1415 427 Paonncounru.
1452 452 1455 456 Δ

237 551 397 635 scriptum
418 551 519 618 fnisse
541 557 575 615 ot
596 549 791 629 absolutum,
815 570 853 614 eo
871 547 1004 613 consilio
1020 552 1061 612 ut
1076 548 1179 631 priori
1196 547 1355 623 adversus
1366 549 1524 635 Pighium
1543 550 1630 617 edito
1648 526 1741 636 quasi
1759 550 2035 635 complementum
2054 551 2247 634 adderetnr3

109 703 114 707 <
236 670 350 745 postea
372 683 451 728 vero
474 662 613 729 Calvino
636 661 770 746 dignum
794 661 912 735 visum,
936 659 992 741 qui
1013 660 1162 742 patribus
1184 661 1327 726 civitatis
1348 662 1533 740 offerretur,
1560 683 1642 747 quos
1663 684 1701 729 eo
1718 670 1866 747 tempore
1892 662 1975 760 haec
2002 665 2146 730 maxime
2168 685 2247 732 oon·

238 775 398 839 troversia
419 774 603 853 exercebat,
625 779 659 839 et
679 770 812 854 quidem
834 771 926 836 velut
947 772 1130 853 communis
1159 771 1306 835 omnium
1337 773 1565 838 ministrorum
1592 773 1671 839 fidei
1697 774 1888 853 declaratio,
1916 776 1987 858 ipso
2011 797 2070 841 suo
2097 777 2248 842 unanimi

236 906 397 951 consensu
418 887 631 970 peregrinum
652 883 821 948 hominem
843 889 877 947 et
893 881 1138 965 imprudentem
1155 881 1309 947 facillime
1331 883 1576 950 debellantium.
1622 883 1679 952 Sic
1701 907 1743 951 ex
1771 886 1893 968 scripto
1914 884 2045 951 Calvini
2067 907 2158 951 mere
2178 889 2247 971 pri·

236 1003 315 1062 vato
332 994 500 1078 publicum
523 1003 556 1061 et
577 997 671 1079 quasi
688 995 917 1061 authenticum
936 992 1148 1091 orthodoxiae
1171 995 1366 1076 genevensis
1391 995 1624 1061 documentum
1645 997 1770 1064 iactum
1793 1004 1851 1075 est,
1875 995 1961 1080 qnod
1982 996 2136 1081 deinceps
2158 997 2246 1082 apud

236 1107 410 1173 historicos
432 1107 666 1173 Consensus
689 1106 937 1192 genevensis
959 1106 1092 1170 nomine
1119 1103 1285 1188 designari
1312 1105 1460 1190 contigit
1506 1106 1616 1189 Quem
1642 1119 1753 1174 tamen
1782 1114 1929 1174 caeterae
1957 1107 2138 1174 helveticae
2165 1110 2246 1176 eivi-

237 1226 322 1284 tates
343 1239 523 1301 nunquam,
547 1216 635 1302 quod
656 1219 806 1296 sciamus,
830 1238 871 1282 ex
893 1217 1150 1301 magistratuum
1172 1218 1347 1282 autoritate
1365 1225 1568 1301 receperunt

391 1329 543 1395 Reousne
565 1335 616 1395 est
641 1329 697 1394 hic
717 1328 907 1395 Consensus
935 1326 1024 1412 apud
1045 1326 1231 1393 Gallasinm
1260 1349 1333 1412 pag.
1357 1333 1544 1410 879-946;
1573 1329 1661 1413 apud
1687 1331 1809 1395 &eam
1840 1350 1913 1414 pag.
1941 1333 2131 1396 ele-1005
2155 1333 2246 1397 etin

237 1438 380 1506 editione
407 1440 511 1504 altera
536 1460 609 1524 pag.
641 1444 829 1519 ret-8453
857 1440 892 1504 in
915 1437 1089 1505 Stoeriana
1110 1458 1184 1523 pag.
1210 1442 1394 1520 ese-7303
1424 1442 1458 1505 in
1480 1439 1781 1506 Amstelodamensi
1801 1461 1875 1525 pag.
1901 1444 2079 1507 593-629.
2124 1444 2248 1510 Exstat

236 1571 363 1635 quoque
384 1552 420 1614 in
442 1550 643 1617 Oolleotioue
671 1552 911 1617 confessionum
938 1551 973 1615 in
1000 1550 1145 1615 ecclesiis
1172 1551 1358 1616 reformatis
1385 1552 1625 1633 publicatarum
1653 1550 1702 1617 ed
1725 1552 1841 1617 Herm.
1866 1554 1929 1636 Ag.
1953 1553 2131 1637 Niemeyer
2152 1556 2245 1638 Lips

241 1667 322 1728 raro
344 1682 418 1746 pag.
443 1665 623 1727 ars-310.

391 1768 556 1840 Gallicam
579 1774 766 1840 versionem
787 1774 908 1857 absque
931 1771 999 1838 ulla
1020 1794 1115 1839 mora
1136 1772 1239 1838 latino
1259 1774 1439 1858 archetypo
1457 1775 1610 1840 comitem
1627 1772 1772 1839 additam
1789 1775 1890 1840 fuisse
1908 1773 2003 1840 nobis
2020 1796 2099 1842 vero
2117 1775 2246 1841 similli-

237 1906 329 1950 mum
352 1883 491 1950 videtur.
536 1883 637 1949 Oerte
658 1885 816 1968 praefatio
839 1883 882 1950 ad
901 1883 1063 1951 Senatum
1086 1885 1169 1950 citra
1190 1883 1326 1951 dubium
1349 1886 1428 1951 viris
1450 1884 1679 1951 consularibus
1707 1906 1859 1951 sermone
1886 1886 2063 1952 vernaculo
2089 1893 2247 1970 concepta

237 1996 387 2062 exhiberi
408 1994 530 2074 debuit,
553 1994 639 2079 quod
660 2017 699 2062 eo
718 1995 846 2062 facilius
867 1995 929 2060 tibi
950 1994 1163 2078 persuaseris,
1186 1995 1273 2079 quod
1291 2017 1311 2061 a
1328 1995 1433 2062 latina
1449 1996 1651 2062 dedicatione
1669 1997 1811 2062 multum
1829 1996 1949 2075 differt,
1967 1995 2104 2080 ideoque
2122 1997 2247 2065 anobis

237 2129 279 2173 ex
300 2113 394 2191 parte
417 2106 459 2172 ad
479 2115 653 2191 utramque
674 2108 814 2173 formam
835 2105 1048 2172 describenda
1069 2107 1142 2171 fuit.
1193 2107 1308 2171 Etiam
1335 2114 1496 2174 tractatus
1520 2108 1591 2191 ipse
1617 2107 1698 2174 satis
1726 2107 1868 2173 liberum
1896 2107 2104 2174 translatoris
2133 2108 2247 2174 stilum

238 2226 395 2302 expertus
416 2227 475 2297 est,
504 2239 617 2301 quem,
646 2221 698 2285 sin
719 2219 829 2285 minus
850 2219 957 2301 ipsius
980 2216 1110 2285 Oalvini
1132 2218 1233 2284 fuisse
1256 2219 1427 2285 nobiseum
1454 2220 1612 2311 suspicari
1634 2219 1727 2299 velis,
1749 2220 1889 2285 fortasse
1910 2225 2022 2284 tamen
2051 2219 2246 2285 amanuensi

237 2330 367 2397 cuidam
389 2327 599 2396 tribuendum
621 2329 807 2407 conlocans,
829 2330 877 2394 ita
898 2330 1002 2395 officio
1024 2351 1084 2394 suo
1105 2331 1256 2414 fungenti
1274 2338 1312 2395 ut
1329 2338 1423 2395 autor
1440 2332 1510 2414 ipse
1527 2331 1616 2413 operi
1636 2329 1804 2396 condendo
1820 2330 2045 2414 invigilaverit
2061 2329 2247 2395 conditum·

237 2462 301 2526 que
323 2442 528 2526 expoliverit.
551 2441 552 2444 ’

391 2553 485 2619 Haeo
504 2573 633 2637 quoque
654 2553 765 2619 versio
786 2552 888 2647 semel
917 2558 1046 2618 tantum
1074 2554 1250 2635 separatim
1278 2572 1399 2618 excusa
1423 2552 1546 2636 prodiit
1573 2560 1606 2617 et
1632 2553 1802 2617 rarissima
1827 2553 1898 2617 eius
1926 2559 2007 2616 suut
2035 2552 2244 2635 exemplaria

236 2664 278 2729 In
300 2671 371 2729 tota
391 2663 550 2730 Helvetia
570 2665 705 2729 unicum
727 2664 907 2730 Turicense
936 2662 1028 2730 nobie
1056 2664 1200 2728 innotuit
1227 2684 1290 2747 quo
1318 2665 1418 2728 etiam
1444 2663 1481 2727 in
1511 2662 1659 2746 paranda
1691 2682 1781 2728 nova
1815 2662 1988 2746 archetypi
2021 2662 2165 2729 editione
2193 2662 2247 2728 usi

237 2795 362 2841 sumus.
408 2774 538 2840 Iitnlus
559 2779 623 2840 est:

392 2873 477 2954 DE
507 2872 592 2955 LA
622 2871 984 2976 PREDEsul-,l
1013 2883 1206 2951 aaaron
1223 2883 1518 2949 essersene
1534 2883 1539 2968 ι
1558 2883 1596 2947 se
1622 2882 1725 2961 oea,
1756 2904 1824 2964 par
1856 2884 1989 2967 asmo
2021 2885 2066 2950 os
2093 2904 2151 2949 aas
2179 2889 2248 2950 aaa

236 2995 602 3079 eleuther-llatlee
626 2997 932 3063 ommutescere
959 2994 2248 3083 kurwadmaotioulAuasidelaprocideaccpcrlopeelleilpouuerlue

238 3107 283 3172 lea
309 3106 414 3180 aare
437 3107 636 3191 tamine}
808 3106 859 3194 l.
890 3095 1060 3178 'lhaictd
1090 3095 1297 3202 tresvtile‚
1337 3095 1657 3179 nouuellement
1688 3124 1802 3177 com·
1830 3094 1836 3197 Ι
1862 3103 1965 3206 pose
2004 3107 2050 3178 et
2083 3096 2163 3178 mis
2194 3124 2249 3179 en

239 3206 431 3289 lumiere.
460 3211 465 3316 Ι
493 3217 636 3302 (Annon
653 3227 770 3297 Crispini
791 3229 849 3284 sus
871 3219 1014 3299 nepoti
1040 3218 1088 3285 M
1110 3218 1153 3283 D.
1177 3217 1259 3283 LII.

390 3330 514 3394 Forma
536 3328 651 3394 eadem
673 3351 711 3395 ao
730 3331 826 3395 latini
852 3330 1059 3415 exemplaris.
1110 3328 1351 3411 Quatemiones
1373 3328 1515 3396 sedecim
1539 3327 1686 3414 (a-Q).
1738 3328 1890 3412 Paginae
1911 3337 2104 3399 numeratae
2129 3333 2191 3395 252
2214 3337 2250 3396 et

237 3440 302 3505 duo
325 3440 402 3505 folia
422 3441 459 3505 in
481 3440 573 3506 albis.
618 3442 769 3508 Reousus
793 3448 843 3507 est
871 3449 982 3508 textus
1011 3440 1148 3526 gallicus
1169 3441 1204 3505 in
1226 3440 1424 3506 collectione
1451 3441 1684 3525 opusculorum
1711 3441 1844 3506 Bosana
1864 3460 1938 3525 pag.
1954 3444 2190 3522 lale-13143
2212 3441 2249 3506 in

235 3550 412 3618 Stoeriana
430 3573 502 3638 pag.
530 3553 750 3617 1393-1504.

1016 4051 1222 4138 CAPUT
1253 4052 1474 4135 XXXIII.

800 4319 801 4325 .
831 4270 1104 4418 ochrae
1132 4313 1452 4412 annuens,
1509 4305 1659 4406 1552.

168 4650 172 4657 ‚
315 4625 316 4629 ,
393 4573 446 4638 Dc
470 4570 569 4637 huius
591 4568 693 4635 libelli
714 4569 841 4654 origine
863 4576 897 4633 et
918 4569 1085 4633 occasione
1107 4567 1164 4634 vix
1186 4566 1346 4633 habemus
1368 4564 1455 4651 quod
1478 4563 1634 4631 dicamus.
1678 4565 1768 4630 Besa
1790 4572 1824 4630 et
1841 4562 2044 4630 Oolladonus
2061 4563 2097 4628 in
2115 4562 2184 4629 suis
2206 4563 2249 4629 de

237 4666 309 4751 vita
330 4682 462 4750 Oalvini
485 4682 728 4747 commentariis
751 4679 876 4745 nullam
900 4680 971 4745 eius
992 4680 1192 4746 mentionem
1215 4681 1378 4756 fecerunt,
1408 4699 1514 4762 neque
1535 4676 1641 4743 ullum
1668 4671 1814 4742 eiusdem
1842 4677 1876 4740 in
1899 4674 2046 4759 epistolis
2068 4674 2192 4740 euteria
2214 4683 2249 4739 et

235 4796 420 4861 amicorum
440 4793 566 4858 mutuis
587 4792 764 4876 vestigium
786 4791 1040 4876 deprehendisse
1062 4792 1281 4856 meminimus.
1318 4787 1408 4870 Quid
1425 4787 1511 4873 quod
1528 4789 1599 4871 ipse
1614 4789 1651 4851 in
1663 4809 1723 4853 sua
1744 4786 1946 4871 praelatione
1967 4784 2010 4850 sd
2029 4785 2249 4851 christianum
2291 4810 2296 4816 ·

235 4907 394 4972 lectorem
415 4903 492 4969 data
514 4903 555 4969 dc
586 4902 729 4970 utilitate
760 4902 892 4988 quidem
915 4902 1102 4987 argumenti
1133 4901 1310 4985 complura,
1327 4931 1329 4934 ·
1345 4901 1386 4965 de
1418 4908 1556 4966 externa
1577 4920 1672 4989 vero,
1706 4919 1805 4981 quam
1826 4918 1889 4963 nos
1913 4895 2066 4974 dicimus,
2100 4895 2248 4980 opusculi

236 5015 376 5081 historia
397 5015 495 5098 plane
517 5015 600 5081 nihi]
619 5015 753 5099 profert
799 5013 893 5095 Quae
914 5034 1016 5097 quum
1037 5016 1084 5077 ita
1105 5013 1188 5091 sint,
1216 5013 1253 5076 in
1274 5019 1420 5077 mentem
1448 5011 1543 5077 nobie
1570 5010 1676 5088 venit,
1710 5009 1783 5074 fieri
1815 5008 1961 5092 potuisse
1982 5014 2021 5072 ut
2043 5007 2249 5074 Calvinusa

238 5125 386 5192 Roberto
408 5124 578 5209 Stephano
600 5132 745 5212 rogatus,
767 5126 823 5210 qui
840 5147 907 5192 non
929 5127 976 5191 ita
997 5123 1053 5189 diu
1075 5131 1174 5189 antea
1194 5123 1332 5188 Parisiis
1351 5121 1526 5188 Genavam
1542 5122 1753 5205 migraverat,
1772 5119 1809 5184 in
1828 5120 1892 5185 heo
1908 5117 1989 5184 urbe
2006 5119 2114 5202 magia
2132 5138 2248 5184 secure

235 5259 337 5321 quam
360 5238 394 5302 in
418 5240 523 5320 patria
545 5239 674 5332 prelum
697 5229 910 5316 exerciturm,
933 5239 1003 5305 viro
1024 5236 1160 5301 honesto
1182 5233 1246 5318 ipsi
1269 5254 1402 5317 operam
1423 5254 1516 5299 susm
1539 5231 1704 5311 offerenti,
1733 5231 1811 5314 quia
1832 5231 1915 5318 forte
1936 5229 2065 5295 nullum
2087 5219 2250 5312 seriptum
