4786 5910
262 299 324 359 347
1060 286 1125 350 ΒΕ]
1146 286 1367 353 ΑΕΤΕΗΝΑ
1388 287 1474 352 Dal
2210 295 2276 360 348

259 480 321 545 sibi
343 478 430 563 quod
451 479 515 544 Dei
537 477 707 561 proprium
729 483 779 542 est
800 484 971 560 arrogent:
998 477 1151 560 loquendi
1175 476 1237 542 061-
1262 499 1264 553 ξ
1290 472 1377 557 quod
1409 475 1538 540 viseera
1570 496 1630 540 sua
1662 477 1840 558 quotannis
1878 477 1920 543 ad
1953 478 2105 544 homines
2137 479 2275 546 alendos

258 566 336 631 lieet
353 574 388 629 et
405 563 535 630 tacendi
554 564 662 647 legem
680 563 857 646 imponere.
881 563 927 627 Et
938 570 1049 629 tamen
1061 562 1237 628 modestiae
1262 557 1264 651 J
1291 572 1380 624 terra
1401 562 1521 642 aperit:
1545 560 1633 644 quod
1655 561 1818 627 elementa
1840 570 1874 627 et
1895 563 2045 647 singulae
2067 572 2179 647 partes
2202 567 2276 631 offi-

257 658 436 734 praetextu
456 649 588 733 sepeliri
611 648 745 731 quidam
764 648 891 726 volunt,
913 649 1000 731 quod
1023 648 1064 714 ab
1086 647 1237 714 omnibus
1263 684 1265 744 ᾖ
1291 646 1379 710 cium
1401 667 1498 710 suum
1520 647 1627 713 facere
1648 668 1717 712 non
1739 646 1913 713 desinunt:
1943 649 2029 732 quod
2050 650 2192 734 denique
2213 672 2276 717 na·

258 737 323 801 Dei
346 737 452 801 servis
485 734 651 817 proditum
674 755 760 812 esse,
793 756 836 799 ne
865 734 928 817 ipsi
958 735 1089 817 quidem
1117 754 1238 817 negare
1263 745 1266 822 'r
1292 739 1387 795 turae
1408 730 1629 797 foecunditasr
1638 753 1807 816 nunquam
1841 734 1961 813 deficit,
1995 735 2088 817 quasi
2121 737 2275 820 fatigata:

260 819 392 886 audent.
419 821 492 905 Ego
514 841 592 886 vero
615 841 683 884 nen
705 819 804 884 aliam
825 820 1004 885 modestiae
1025 821 1133 905 legem
1151 821 1237 897 nevi,
1263 845 1265 854 ⁴
1290 816 1326 881 id
1347 838 1413 882 606
1436 818 1499 882 6101
1522 817 1692 883 directriee
1715 818 1787 884 eius
1809 840 1920 900 manu,
1954 823 2012 903 qui
2039 821 2142 888 semel
2163 824 2277 889 omnia

259 908 323 971 nisi
357 913 397 971 ut
428 906 513 989 quod
547 906 584 971 in
616 905 765 971 coelestis
797 907 949 989 magistri
988 905 1101 972 schola
1131 905 1237 983 didici,
1291 901 1446 980 condidit,
1477 904 1550 969 fieri
1572 904 1765 988 putandum.
1809 905 1856 970 Et
1883 906 2040 972 Psalmus
2073 909 2277 975 centesimus

260 993 366 1059 sobrie
389 1000 422 1055 et
443 999 635 1056 reverenter
656 992 821 1074 profitear.
845 990 961 1074 Neque
980 1013 1058 1057 vero
1076 1013 1129 1056 me
1147 990 1237 1069 latet,
1291 994 1429 1070 quartus
1450 988 1535 1052 nihil
1554 989 1645 1054 aliud
1663 991 1817 1068 00611601,
1841 1012 1941 1074 quam
1958 993 2156 1059 universalis
2175 994 2276 1061 huius

259 1088 297 1144 ut
336 1077 378 1142 ad
411 1077 488 1142 fidei
527 1078 786 1143 aedificationem
820 1084 1082 1160 attemperantur
1118 1079 1237 1155 omnia,
1290 1072 1515 1155 providentiae
1538 1074 1691 1159 elogium.
1714 1076 1799 1140 Eam
1823 1077 1976 1142 similiter
1996 1078 2165 1160 praedicat
2185 1080 2277 1145 Pau·

259 1163 471 1248 prudentiam
493 1161 713 1228 adhibendam
734 1183 814 1227 esse.
843 1160 910 1228 Sed
933 1184 1035 1245 quum
1055 1162 1090 1227 id
1110 1184 1239 1245 quoque
1291 1159 1352 1237 lus,
1375 1180 1478 1242 quum
1500 1158 1579 1226 dicit
1598 1163 1635 1226 in
1656 1163 1727 1245 ipse
1752 1182 1811 1226 600
1833 1183 1914 1242 0006,
1949 1172 1983 1228 01
2004 1166 2139 1243 moveri,
2169 1173 2204 1230 et
2225 1166 2276 1231 vi·

259 1250 345 1316 bona
366 1248 431 1314 fide
448 1257 616 1333 praestare
633 1248 831 1312 studuerim:
854 1249 881 1312 si
902 1249 1047 1314 nondum
1064 1248 1239 1331 placantur
1263 1220 1266 1348 l
1290 1265 1369 1310 vere
1391 1246 1479 1314 (Aet.
1504 1250 1553 1324 17,
1578 1250 1643 1323 28).
1696 1245 1808 1328 Quare
1840 1248 1936 1314 sicuti
1968 1247 2034 1314 Dei
2066 1251 2165 1316 unius
2197 1272 2276 1334 pro-

259 1334 465 1418 quorundam
490 1334 655 1409 lautitiae,
685 1332 875 1399 defunctum
894 1355 957 1398 me
979 1335 1147 1399 existimo:
1182 1335 1238 1417 qui
1263 1355 1266 1394 ι
1291 1331 1365 1412 pria
1386 1338 1438 1395 est
1459 1332 1611 1411 essentia,
1645 1333 1694 1396 ita
1725 1332 1789 1397 fide
1817 1332 2055 1399 consideranda
2076 1344 2127 1402 est
2147 1337 2278 1404 occulta

259 1421 359 1487 habet
382 1441 478 1486 aures
500 1419 664 1498 audiendi,
687 1417 805 1483 audiat.
1291 1436 1391 1498 quam
1413 1416 1554 1498 inspirat
1576 1419 1760 1504 vegetatio:
1782 1440 1848 1501 qua
1869 1420 1908 1484 fit
1930 1428 1968 1484 ut
1989 1421 2170 1487 subsistant
2190 1443 2277 1506 quae

1292 1500 1415 1585 alioqui
1436 1523 1514 1567 mox
1534 1503 1711 1569 interirent
1731 1516 1912 1570 creaturae.

1263 1573 1266 1700 Ι
1379 1585 1446 1652 Sed
1465 1588 1662 1654 universalis
1680 1589 1907 1672 providentiae
1925 1592 2171 1674 notitiape1·se
2188 1613 2277 1677 vaga

1264 1680 1325 1735 ret
1345 1673 1480 1738 confusa
1499 1682 1593 1753 esset,
1628 1675 1692 1740 nisi
1726 1675 1823 1741 simul
1857 1683 2038 1755 teneamus,
2067 1678 2192 1743 Deum·
2207 1679 2276 1744 sin·

347 1768 422 1841 [pag.
446 1767 517 1838 175]
541 1763 593 1826 De
616 1760 822 1843 providentia
835 1763 859 1845 ¹)
882 1760 946 1825 Dei
974 1761 1075 1827 verba
1103 1763 1239 1840 facturo,
1264 1748 1266 1811 l
1292 1757 1385 1840 gulas
1408 1766 1575 1824 creaturas
1598 1781 1677 1825 cura
1698 1780 1759 1826 sua
1779 1761 1967 1843 complecti:
1997 1761 2276 1846 quemadmodum

260 1870 326 1932 qua
347 1869 414 1912 non
434 1846 530 1912 modo
553 1856 655 1910 totam
677 1846 793 1910 mundi
815 1846 1013 1924 machinam,
1038 1856 1071 1912 et
1093 1847 1239 1931 singulas
1264 1821 1267 1955 l
1291 1851 1326 1908 et
1346 1842 1500 1910 Christus
1523 1845 1625 1924 docet,
1659 1847 1893 1928 passerculum,
1926 1849 1983 1930 qui
2004 1848 2140 1914 dimidio
2162 1871 2236 1916 asse
2249 1853 2275 1929 ¹)

260 1937 331 2001 eius
353 1939 473 2016 partes,
509 1931 567 1997 sed
594 1929 1393 2016 0061601166]601106600601106616666060611,
1427 1950 1493 1994 non
1526 1931 1643 1996 cadere
1676 1933 1712 1995 in
1740 1940 1863 1998 terram
1883 1933 1956 1997 sine
1977 1935 2081 2015 patris
2103 1935 2276 2000 voluntate

261 2020 433 2104 gubernat,
462 2019 579 2102 ingens
608 2017 704 2102 sylva
724 2018 875 2083 occurrit.
931 2016 999 2083 Sed
1032 2021 1108 2101 quia
1140 2039 1239 2103 argu-
1264 2025 1267 2062 ⁵
1293 2015 1428 2092 (Matth.
1458 2021 1504 2093 10,
1529 2021 1595 2091 29).
1641 2016 1738 2082 Ν660
1760 2019 1795 2081 16
1816 2019 1880 2084 ista
1901 2019 2035 2101 speciali
2056 2020 2275 2102 previdentia,

258 2112 408 2170 mentum
431 2104 493 2169 hoe
515 2103 562 2169 sie
584 2123 638 2167 me
660 2111 818 2167 tractasse
839 2104 906 2167 iam
927 2104 1065 2182 confido,
1088 2106 1239 2170 6106110-
1264 2077 1267 2188 l
1292 2121 1376 2183 quae
1397 2101 1552 2167 curandis
1585 2103 1724 2187 singulis
1747 2104 1809 2168 Dei
1840 2105 1996 2186 operibus
2017 2106 2174 2187 privatim
2198 2111 2274 2186 [pag.

258 2191 382 2257 factum
405 2209 527 2273 magna
549 2209 591 2253 ex
617 2196 710 2271 parte
731 2191 774 2253 sit
796 2190 886 2254 sanis
914 2199 947 2253 01
976 2191 1089 2272 aequis
1111 2189 1239 2257 lectori·
1264 2191 1267 2239 1
1297 2191 1370 2265 167]
1392 2188 1542 2266 excubat,
1575 2197 1682 2254 certos
1716 2197 1750 2254 et
1780 2189 1953 2255 distinctos
1983 2190 2107 2274 gradus
2129 2199 2276 2258 statuere

260 2274 332 2354 bus,
366 2296 531 2341 summam
554 2277 625 2339 eius
647 2296 712 2357 qua
733 2280 847 2358 potero
868 2272 1040 2355 brevitate,
1073 2297 1161 2341 nune
1182 2275 1239 2340 ad·
1292 2272 1453 2336 convenit.
1496 2272 1584 2338 Nam
1616 2295 1718 2356 quum
1749 2275 1991 2340 nobilissimum
2017 2277 2083 2341 Dei
2116 2298 2198 2359 opus
2230 2279 2276 2343 sit

260 2362 432 2445 stringam.
477 2360 547 2425 Nec
568 2381 648 2425 vero
674 2359 857 2442 sperandus
884 2369 935 2424 est
962 2382 982 2425 a
1008 2383 1061 2426 me
1080 2361 1240 2427 erationis
1294 2356 1402 2436 homo,
1425 2358 1462 2420 in
1483 2360 1577 2425 cuius
1597 2361 1740 2442 gratiam
1761 2361 1930 2426 conditum
1952 2368 2002 2427 est
2023 2362 2179 2446 quidquid
2201 2384 2277 2429 eoe-

261 2446 425 2530 splendor,
447 2447 504 2529 qui
524 2445 615 2510 illius
636 2446 859 2529 magnitudini
888 2454 923 2510 et
946 2449 1166 2530 praestantiae
1189 2469 1240 2512 re·
1265 2464 1267 2491 ¹
1293 2441 1364 2506 lum
1382 2449 1416 2507 et
1432 2450 1522 2509 terra
1539 2445 1724 2510 continent:
1748 2447 1912 2528 scriptura
1929 2448 2102 2531 praecipue
2122 2448 2218 2514 nobis
2239 2449 2277 2514 in

262 2531 429 2615 spondeat.
476 2531 582 2595 Nudis
614 2540 743 2595 tantum
776 2531 887 2597 verbis
922 2553 1005 2614 quae
1039 2534 1171 2599 uberius
1205 2535 1239 2597 in
1265 2508 1268 2615 l
1292 2528 1506 2611 gubernando
1528 2551 1649 2614 genere
1671 2530 1817 2596 humano
1835 2531 1899 2596 Dei
1922 2532 2162 2615 providentiam
2186 2555 2277 2599 com-

262 2639 337 2682 mea
355 2617 568 2681 Institutione
589 2618 738 2699 exposita
759 2617 900 2693 fuerant,
924 2638 1013 2682 nuno
1030 2620 1185 2684 referam:
1208 2629 1242 2684 et
1265 2622 1268 2693 1
1293 2613 1436 2679 mandat.
1481 2615 1608 2681 Paulus
1636 2615 1718 2680 dum
1745 2616 1853 2682 locum
1873 2618 1969 2683 illum
2001 2620 2152 2701 exponit:
2198 2619 2278 2685 Non

262 2704 290 2767 si
313 2724 379 2785 qua
400 2723 481 2784 opus
514 2703 699 2767 testimonio
727 2701 905 2782 habebunt,
939 2704 1166 2786 probationem
1198 2725 1240 2769 ex
1265 2700 1268 2772 l
1293 2697 1451 2782 Obligabis
1474 2721 1511 2767 os
1538 2700 1614 2766 bovi
1637 2702 1819 2767 trituranti:
1854 2702 1956 2769 boves
1977 2703 2050 2769 Deo
2077 2725 2174 2769 curae
2203 2725 2278 2771 esse

260 2789 427 2869 scriptura
447 2794 607 2851 attexam:
632 2796 703 2852 tum
720 2788 873 2853 sinistras
890 2789 1240 2873 malignusquePighii
1265 2774 1268 2817 l
1294 2793 1396 2869 negat
1415 2792 1458 2864 (l.
1479 2785 1554 2851 Oor.
1574 2793 1604 2865 9,
1624 2793 1675 2867 9):
1698 2788 1785 2871 quod
1807 2788 1930 2853 seilicet
1951 2789 2020 2856 11110
2042 2811 2109 2854 606
2130 2790 2277 2855 resideat

261 2881 296 2938 et
315 2873 474 2938 similium
494 2873 754 2952 obtrectationes,
789 2874 906 2956 quibus
937 2874 1019 2939 bene
1048 2874 1135 2940 dicta
1155 2876 1241 2941 male
1265 2842 1268 2971 l
1293 2891 1372 2935 eura
1395 2873 1474 2952 eius,
1504 2880 1661 2956 tanquam
1682 2874 1718 2937 in
1740 2895 1801 2939 sua
1822 2883 1919 2950 meta,
1953 2874 2010 2940 sed
2039 2877 2075 2939 in
2104 2875 2277 2940 hominem

262 2980 392 3024 cerrum
418 2966 487 3037 unt,
508 2960 556 3023 ita
577 2959 713 3037 diluam,
736 2981 777 3024 ne
800 2959 878 3040 quid
901 2961 972 3044 pias
990 2969 1120 3026 mentes
1136 2962 1240 3044 impe·
1265 2976 1267 3044 ]
1293 2957 1403 3038 potius
1414 2957 1577 3040 respiciat.
1600 2958 1666 3023 Hie
1683 2967 1803 3039 autem,
1822 2961 1899 3041 quia
1909 2959 1983 3025 Deo
1994 2981 2068 3025 cum
2086 2961 2276 3027 hominibus

262 3044 331 3109 diat
353 2981 416 3109 vel
430 3046 612 3110 conturbet.
931 3061 942 3074 ·
1265 3062 1267 3131 r
1293 3043 1419 3106 ratione
1441 3042 1596 3125 praeditis
1618 3045 1789 3126 negotium
1811 3052 1871 3123 est,
1898 3047 2017 3111 certior
2039 3052 2073 3110 et
2093 3047 2199 3130 magis
2221 3047 2273 3111 di·

347 3130 598 3195 Providentiam
618 3151 785 3208 vocamus,
814 3151 881 3195 non
910 3151 976 3213 qua
998 3133 1091 3197 Deus
1112 3153 1130 3196 e
1153 3132 1240 3197 60010
1265 3177 1267 3204 ,
1292 3126 1400 3193 lucida
1428 3149 1463 3193 se
1491 3129 1614 3210 profert
1643 3131 1713 3195 eius
1741 3130 1966 3212 providentiae
1994 3132 2088 3196 ratio.
2132 3132 2277 3198 Mirifica

260 3216 386 3282 otiosus
409 3217 597 3298 speculetur
629 3238 713 3299 quae
742 3217 777 3280 in
806 3213 930 3281 mundo
952 3218 1047 3296 fiunt,
1085 3217 1143 3282 sed
1176 3239 1240 3300 qua
1265 3207 1267 3327 Ι
1293 3213 1381 3277 enim
1417 3214 1487 3279 eius
1517 3212 1647 3292 iudicia,
1687 3237 1776 3280 nunc
1808 3217 1845 3279 in
1878 3216 2056 3282 sceleribus
2088 3216 2299 3300 puniendis,

259 3302 421 3367 mundum
450 3323 470 3366 a
498 3324 533 3367 se
566 3301 735 3366 eonditum
763 3303 939 3386 gubernat:
971 3309 1009 3367 ut
1040 3324 1108 3368 non
1140 3303 1239 3368 unius
1293 3299 1438 3364 nuncin
1461 3299 1652 3364 erudiendis
1678 3299 1718 3365 ad
1747 3303 1941 3383 patientiam
1962 3302 2115 3367 fidelibus
2136 3302 2277 3368 deman·

258 3394 388 3453 tantum
410 3388 568 3453 momenti
590 3388 634 3452 sit
654 3388 772 3470 opifex,
806 3387 863 3453 sed
891 3397 1069 3471 perpetuus
1091 3389 1239 3454 modera-
1293 3383 1399 3466 daque
1415 3405 1530 3450 eorum
1546 3406 1654 3463 earne,
1678 3388 1818 3451 666016
1836 3387 2018 3471 purgandis
2036 3387 2152 3453 mundi
2171 3389 2275 3468 vitiis,

259 3480 320 3538 tor.
382 3471 440 3539 Sic
472 3471 690 3556 providentia,
722 3493 821 3556 quam
847 3473 919 3538 Deo
948 3475 1134 3553 tribuimus,
1174 3496 1240 3539 non
1293 3489 1381 3533 nune
1403 3470 1437 3534 in
1459 3471 1751 3555 expergefaciendo
1773 3472 1954 3538 multorum
1977 3481 2118 3558 torpore,
2140 3475 2276 3540 nuncin

258 3561 369 3623 minus
391 3556 434 3623 ad
460 3580 579 3623 manus
601 3581 700 3642 quam
729 3559 771 3623 ad
800 3560 910 3625 oculos
932 3561 1083 3642 pertinet.
1094 3561 1123 3643 ¹²)
1167 3561 1238 3624 Iam
1264 3586 1266 3638 l
1292 3554 1490 3621 conterenda
1510 3557 1689 3640 impierum
1707 3556 1868 3640 superbia,
1891 3580 1980 3624 nune
1997 3559 2034 3623 16
2052 3566 2126 3624 astu
2143 3559 2275 3642 sapien-

259 3643 381 3708 dicitur
401 3643 605 3726 providentia
633 3667 694 3711 sua
714 3645 875 3709 mundum
896 3667 1021 3730 regere,
1055 3666 1122 3711 606
1144 3645 1239 3711 modo
1264 3652 1266 3718 ξ
1291 3648 1364 3705 tum
1381 3641 1528 3719 ridendo,
1547 3663 1636 3708 nuno
1653 3644 1688 3706 in
1705 3644 1817 3724 pravis
1829 3643 2129 3711 machinationibus
2140 3645 2275 3709 diruen-

259 3728 1266 3814 06166οεὶ1616600661660006116061160166,0060616Ξ
1292 3726 1399 3791 disse
1426 3728 1605 3810 proferunt.
1660 3729 1713 3793 Ex
1746 3728 1852 3793 altera
1882 3738 1976 3812 parte
2008 3730 2275 3814 incomparabilis

258 3813 459 3897 peculiarem
481 3816 737 3898 uniuscuiusque
759 3837 802 3880 ex
833 3817 903 3881 suis
935 3819 1093 3883 creaturis
1126 3839 1239 3883 euram
1264 3806 1266 3880 l
1291 3813 1363 3877 eius
1382 3813 1511 3877 bonitas
1528 3814 1564 3877 in
1581 3814 1734 3879 iuvandis
1752 3815 1891 3892 miseris,
1910 3817 1945 3880 in
1964 3815 2166 3899 protegenda
2184 3836 2274 3880 asse-

258 3897 361 3963 habet
381 3919 419 3963 ac
441 3901 535 3984 gerit.
580 3900 644 3964 Est
666 3901 728 3965 hoc
750 3899 881 3984 quidem
902 3923 1032 3967 verum:
1062 3905 1158 3968 sieuti
1181 3904 1238 3967 ad-
1264 3928 1265 3957 l
1292 3899 1459 3982 rendaque
1481 3899 1705 3964 innocentium
1728 3899 1844 3973 salute.
1877 3903 1910 3965 16
1934 3900 2068 3966 ferendo
2096 3902 2193 3967 rebus
2216 3901 2275 3967 de·

259 3984 401 4048 mirabili
436 3985 498 4049 Dei
537 3990 612 4064 [pag.
645 3990 716 4064 166]
727 3986 774 4069 (*)
808 3987 970 4069 sapientia
1001 3999 1069 4051 tem
1102 3989 1239 4070 pulchre
1263 3972 1266 4061 l
1292 3985 1432 4066 speratis
1457 3985 1580 4049 auxilie
1603 3985 1736 4051 relucet
1780 3986 1890 4052 Huius
1916 3986 2155 4068 providentiae,
2189 4006 2275 4069 quae

259 4069 454 4152 dispositum
476 4071 539 4134 fuit
560 4070 676 4135 mundi
697 4072 879 4154 opificium:
915 4074 960 4137 ita
987 4074 1051 4138 nisi
1077 4083 1239 4156 quatenus
1291 4069 1440 4134 homines
1462 4072 1603 4153 respicit,
1626 4063 1766 4153 pulihra
1788 4071 1961 4154 descriptio
1979 4073 2121 4137 habetur
2137 4073 2274 4139 Psalmo

257 4157 425 4238 praesenti
448 4157 519 4221 eius
543 4157 663 4221 virtute
685 4159 875 4236 sustinetur,
904 4180 970 4223 non
990 4179 1085 4241 posse
1107 4181 1239 4224 manere
1290 4154 1470 4221 centesimo
1502 4157 1648 4238 septimo.
1698 4157 1772 4223 Illic
1803 4159 1892 4222 enim
1925 4157 2071 4222 ostendit
2103 4158 2274 4241 propheta,

257 4242 295 4305 16
317 4263 376 4306 060
398 4250 496 4307 statu.
541 4240 638 4322 Quod
661 4243 710 4308 sol
754 4243 875 4309 uotidie
899 4245 993 4309 nobis
1010 4245 1130 4310 oritur:
1154 4245 1239 4328 quod
1264 4247 1266 4314 1
1292 4262 1375 4324 0660
1398 4241 1497 4325 vulgo
1519 4243 1702 4308 aestuarias
1720 4250 1881 4326 putantur
1899 4244 2051 4307 fortunae
2069 4245 2168 4322 vices,
2190 4243 2273 4309 adeo

258 4327 295 4390 in
317 4346 415 4391 eursu
437 4334 506 4392 tam
528 4327 688 4412 rapidog
749 4351 789 4394 us
818 4329 918 4395 habet
946 4336 1015 4395 tam
1047 4339 1123 4414 apte
1157 4340 1239 4396 tem·
1264 4324 1266 4398 Ξ
1291 4348 1357 4392 606
1379 4326 1469 4392 volvi
1491 4349 1585 4394 caeco
1612 4329 1747 4410 impetu,
1782 4337 1819 4392 ut
1840 4327 1982 4394 dilucida
2005 4333 2079 4407 [pag.
2104 4334 2176 4408 168]
2207 4330 2275 4395 0161

259 4419 405 4493 peratos:
418 4413 446 4496 ⁸)
479 4413 565 4494 quod
597 4420 759 4479 astrorum
789 4416 871 4479 mire
901 4415 1028 4501 digesta
1049 4418 1150 4482 series
1174 4439 1239 4482 non
1264 4409 1266 4443 ¹
1291 4413 1345 4477 vel
1369 4411 1531 4492 bonitatis,
1566 4413 1619 4478 vel
1646 4415 1725 4492 irae,
1766 4414 1820 4479 vel
1858 4415 2004 4479 iustitiae
2026 4414 2091 4479 Dei
2130 4415 2273 4497 specula

259 4497 428 4562 turbatur:
446 4497 532 4581 quod
549 4499 726 4565 continuae
743 4509 919 4567 recurrunt
938 4516 1121 4586 temporum
1135 4504 1237 4569 vices:
1263 4447 1266 4586 l
1292 4497 1404 4580 Quare
1425 4499 1559 4565 tandem
1581 4499 1762 4566 concludit:
1797 4498 1834 4565 Si
1863 4499 2047 4583 prudenter
2074 4508 2273 4582 reputentur

1290 4606 1373 4667 quae
1391 4583 1530 4649 subinde
1562 4586 1598 4649 in
1620 4585 1744 4650 mundo
1771 4587 1858 4651 fiunt
1891 4606 2003 4651 rerum
2029 4587 2272 4666 conversiones,

329 4719 415 4785 1)1n
436 4720 603 4776 Gallr‘ecbic
641 4723 771 4776 mlieris
788 4729 878 4778 060101
894 4725 1055 4793 inscriptio:
1072 4725 1113 4779 De
1132 4725 1237 4780 laPro-
1289 4671 1353 4769 pili
1374 4670 1442 4733 fore
1461 4670 1604 4735 laetitiae
1625 4671 1814 4736 materiam:
1848 4672 1929 4737 salis
1951 4678 2063 4769 autem
2086 4669 2128 4768 ad
2150 4692 2187 4737 ⁰⁸
2209 4673 2274 4736 ini*

259 4786 373 4844 vidente
396 4803 431 4843 06
453 4791 571 4857 general.
619 4738 657 4843 ln
688 4792 834 4861 archetypo
860 4793 948 4848 lutiae
972 4794 1025 4848 soli
1052 4795 1239 4849 columnarum
1290 4776 1364 4839 qum
1396 4754 1631 4821 ⁰b⁸l¹⁸⁰⁰¹¹d¹¹m
1666 4756 1732 4821 tale
1764 4777 1902 4840 ⁰P⁰mm
1923 4755 1988 4823 D⁰¹
2023 4777 2191 4839 ⁸P⁰⁰¹m⁰n
2214 4778 2273 4825 Va'

258 4871 329 4925 quas
346 4863 451 4924 coeant,
469 4873 489 4911 a.
503 4861 673 4927 popinarum
689 4861 765 4915 111610·
779 4867 928 4916 mutemur.
1289 4840 1366 4906 Ῑθῑθ·
1378 4842 1406 4917 ²)
1451 4841 1495 4923 (P
1496 4841 1588 4907 flalm·
1616 4846 1686 4920 ¹07,
1710 4845 1775 4919 42).

327 4924 449 4992 21666.
468 4928 535 4982 c'eet
552 4931 568 4982 a
586 4928 643 4982 dire
660 4929 725 4997 qu'il
741 4946 776 4983 60
795 4932 947 4999 contempla
965 4946 1016 4998 pas
1035 4930 1185 4984 seulement
1204 4945 1234 4984 ee

259 4994 305 5060 qui
323 5011 352 5048 se
370 4994 433 5063 fait,
457 4998 525 5051 mais
542 4997 607 5066 qu'il
625 5013 642 5051 a
660 4997 700 5051 100
718 5000 804 5053 moins
823 5001 840 5053 a
856 5000 976 5054 l’oeuvre
994 5014 1065 5067 pour
1083 4999 1237 5065 besongner
1292 5018 1492 5024 ··········

260 5076 363 5117 comme
381 5063 400 5116 il
418 5064 464 5132 luy
481 5065 556 5133 plait

329 5130 372 5196 (¹¹)
390 5130 545 5186 Demere
562 5133 612 5187 boe
629 5135 825 5203 typoprapbc'ee
842 5136 906 5189 eide
919 5135 1121 5205 prolegomene.
1361 5130 1389 5193 1)
1410 5148 1463 5187 une
1481 5132 1579 5186 maille.

327 5197 358 5263 3)
375 5203 545 5255 neuutmoins
563 5217 613 5269 par
631 5204 748 5257 certatus
774 5219 884 5272 compes
907 5205 997 5258 mieux
1015 5203 1095 5273 qu’un
1114 5202 1236 5271 borloge.
1358 5199 1390 5266 2]
1413 5200 1486 5256 Aea.
1520 5200 1678 5270 Cependant
1708 5201 1726 5253 il
1754 5200 1871 5256 advertit
1902 5217 1954 5269 que
1988 5201 2055 5256 c’est
2088 5197 2155 5256 une‘
2167 5201 2271 5271 grande
