4786 5910
269 312 329 374 351
1069 304 1133 370 DE
1156 304 1377 372 AETERNA
1398 304 1483 370 DEI
1769 362 1771 365 ,
2219 308 2284 372 352

266 506 415 563 temnere
455 495 576 559 doceat.
633 479 857 576 'Uti-umque.
876 493 1061 557 membrum
1102 490 1247 556 breviter
1300 513 1359 557 nas
1377 494 1523 557 intentae
1545 491 1627 558 sint:
1651 493 1729 575 quia
1746 492 1846 557 simul
1864 499 1964 577 atque
1980 493 2057 559 inde
2077 493 2283 575 deflexerint,

266 602 440 664 exponam.
485 578 552 661 Qui
580 579 752 643 fortuitum
780 579 824 643 ali
846 577 903 643 uid
931 579 1163 661 imaginantur,
1194 576 1247 641 vel
1300 578 1392 643 nulla
1411 578 1549 642 restabit
1572 577 1615 642 ad
1636 578 1701 642 Dei
1723 578 1876 643 timorem
1899 578 2048 658 eruditio,
2070 581 2183 649 nullus
2205 579 2285 647 fidei

266 666 449 745 industriae
471 684 558 743 suae,
591 664 746 740 consiliis,
781 600 905 746 opilius,
939 663 1093 728 humanis
1116 661 1248 726 auxiliis
1300 665 1474 746 proiectus.
1519 664 1567 727 At
1588 682 1666 729 vero
1688 665 1746 746 qui
1767 665 1832 729 Dei
1853 665 2128 749 omnipotentiam
2150 667 2186 730 in
2208 687 2284 750 spe-

267 751 438 836 quidpiam
473 758 640 833 arrogant,
675 748 831 815 audacius
866 748 908 814 ad
943 748 1102 814 tentanda
1138 748 1248 810 omnia
1301 748 1374 814 culo
1396 747 1489 812 verbi
1511 748 1582 813 eins
1603 749 1795 829 intuebitur,
1823 757 1895 814 tum
1917 750 2188 834 promissionibus
2211 752 2285 817 eius

266 838 428 916 feruntur,
464 843 628 919 satagunt,
665 842 801 900 versant
835 856 870 899 00
906 835 943 897 10
977 854 1091 898 omnes
1126 838 1247 914 partes,
1301 834 1405 898 fretus
1427 853 1529 916 supra
1550 835 1726 898 innumera
1746 835 1861 900 mundi
1882 836 2028 919 pericula
2053 857 2089 901 se
2116 836 2195 902 fidei
2221 837 2285 902 alis

267 922 398 988 nullum
420 942 488 986 non
510 927 647 986 movent
669 920 821 1003 lapidem,
856 918 997 985 subinde
1023 918 1100 983 novi
1125 917 1248 1000 aliquid
1302 919 1421 1003 eriget:
1445 927 1516 983 tum
1538 919 1637 984 minis
1659 921 1815 986 subactus
1833 942 1868 985 se
1886 941 1996 988 coram
2015 921 2152 987 totidem
2169 923 2285 988 ferulis

271 1009 468 1092 excogitant,
508 1006 600 1090 quusi
636 1005 738 1070 libero
770 1002 874 1087 spatio
910 1005 1009 1070 soluti
1029 1009 1208 1087 vagantur:
1225 1006 1248 1081 ¹)
1302 1003 1498 1069 humiliabit.
1544 1002 1642 1084 Quod
1663 1026 1739 1070 cum
1768 1007 1837 1071 suis
1863 1007 1981 1072 m'ediis
2009 1007 2286 1073 considerandam

272 1092 366 1159 nulla
398 1093 549 1175 interim,
566 1092 630 1156 Dei
664 1092 838 1169 invocatio,
873 1090 982 1155 nullus
1014 1100 1131 1155 metus.
1183 1086 1250 1168 Qui
1303 1111 1375 1155 esse
1403 1088 1472 1153 dixi
1493 1089 1559 1154 Dei
1593 1090 1842 1173 providentiam,
1875 1092 1966 1158 bunc
2000 1092 2100 1158 habet
2132 1114 2284 1160 sensum:

272 1200 352 1246 vero
374 1177 439 1243 Dei
473 1177 679 1261 providentia
714 1176 865 1240 homines
899 1196 1079 1258 eorumque
1114 1173 1252 1238 consilia
1304 1176 1331 1240 01
1361 1176 1434 1257 quis
1466 1175 1501 1239 in
1531 1183 1679 1240 extremo
1712 1176 1901 1243 discrimine
1930 1177 2157 1245 laborantibus
2188 1200 2287 1263 opem

272 1273 306 1330 et
328 1285 441 1329 rerum
462 1271 601 1329 eventus
628 1263 803 1346 gubernari
830 1272 993 1345 agnoscet,
1027 1258 1154 1343 trepide
1176 1279 1253 1325 enm
1304 1260 1428 1338 tulerit,
1460 1281 1529 1324 non
1556 1260 1704 1326 humana
1725 1272 1784 1340 est,
1819 1261 1874 1327 sed
1909 1263 2023 1329 divina
2054 1284 2115 1346 per
2146 1285 2287 1329 manum

272 1346 981 1431 1010101000,23)11001;8010Ἰ)0οι100,
1010 1367 1077 1410 non
1099 1367 1170 1410 esse
1192 1344 1252 1409 ho·
1305 1346 1449 1410 hominis
1481 1345 1640 1411 liberatio.
1685 1345 1745 1412 Sol
1779 1349 1885 1412 oritur
1919 1348 2071 1432 quotidie,
2106 1349 2163 1415 001
2190 1351 2287 1416 Deus

273 1436 374 1500 minis
397 1435 485 1500 viam
505 1435 587 1511 eius,
611 1456 717 1516 neque
734 1433 798 1496 viri
817 1439 855 1497 ut
872 1432 994 1515 dirigat
1010 1452 1144 1516 gressus
1162 1449 1252 1496 suos:
1305 1439 1355 1497 001
1394 1432 1449 1514 qui
1488 1432 1600 1497 orbem
1639 1440 1746 1497 terrae
1785 1432 1937 1499 illustrat.
1995 1435 2157 1501 Producit
2194 1442 2288 1501 terra

274 1521 355 1585 item
391 1518 473 1584 illud
506 1518 692 1584 Solomonis
721 1519 832 1595 (Pron.
856 1522 906 1595 20,
931 1523 986 1594 24)
1015 1524 1186 1599 reputans:
1221 1516 1253 1579 A
1305 1519 1433 1601 fruges,
1484 1514 1542 1581 001
1586 1518 1679 1583 Deus
1723 1528 1774 1583 001
1819 1520 1875 1602 qui
1922 1540 2042 1602 panem
2088 1543 2126 1585 00
2149 1521 2287 1603 peditat,

274 1606 420 1670 Domino
443 1613 521 1669 sunt
542 1626 675 1688 gressus
697 1605 769 1681 viri,
799 1605 925 1686 etquis
948 1603 1121 1668 hominum
1144 1601 1254 1684 dispo·
1305 1609 1339 1667 et
1377 1603 1456 1686 pani
1497 1602 1637 1685 inspirat
1676 1605 1825 1687 vigorem
1865 1603 1906 1668 ad
1947 1626 2008 1669 nos
2042 1542 2185 1672 0100110.
2243 1606 2287 1671 10

274 1697 334 1756 001
355 1692 445 1755 viam
466 1690 584 1756 suam?
616 1695 691 1769 [pag.
714 1694 786 1768 172]
816 1695 924 1753 totum
952 1709 988 1752 se
1009 1689 1153 1753 Domino
1186 1695 1254 1751 tra·
1306 1709 1444 1765 summa,
1484 1709 1585 1770 quum
1623 1689 1793 1755 inferiores
1832 1711 1959 1768 causae,
2009 1699 2167 1774 tanquam
2199 1692 2286 1773 vela,

277 1776 341 1855 101,
365 1784 462 1859 atquc
485 1775 584 1840 abeo
607 1775 769 1857 pendebit.
814 1775 911 1839 Ultro
934 1784 1114 1857 sequentur
1131 1793 1253 1856 preces,
1306 1774 1417 1838 Deum
1444 1794 1462 1837 e
1487 1780 1662 1856 conspectu
1691 1783 1805 1841 nostro
1833 1780 1909 1854 [pag.
1930 1781 2004 1855 174]
2037 1776 2219 1843 subducere
2249 1784 2288 1843 ut

276 1868 315 1926 01
337 1863 430 1927 Ι)000
463 1859 556 1926 00110
585 1860 827 1943 quiescentibus
859 1859 992 1924 inchoet
1024 1882 1062 1925 ac
1095 1859 1253 1941 perficiat,
1306 1858 1487 1941 plurimum
1509 1859 1651 1924 soleant:
1686 1858 1762 1924 fidei
1798 1861 1892 1926 oculo
1919 1861 2017 1928 altius
2045 1862 2288 1946 penetrandum

276 1946 435 2030 quidquid
469 1944 681 2030 aggredimur
715 1966 859 2027 operum.
904 1944 1067 2010 Similiter
1100 1945 1155 2027 qui
1189 1945 1254 2007 for·
1307 1952 1367 2023 est,
1390 1952 1429 2008 ut
1449 1943 1515 2009 Dei
1536 1965 1671 2009 manum
1700 1946 1737 2009 in
1766 1946 1819 2011 his
1847 1948 1980 2030 organis
2004 1955 2194 2030 operantem
2215 1970 2287 2015 cer-

275 2040 378 2097 tunae
400 2032 574 2114 imperinm
597 2032 871 2108 comminiscetur,
904 2031 958 2095 vel
985 2030 1159 2109 diabolo,²)
1193 2031 1254 2093 im·
1308 2039 1374 2094 nat.
1420 2027 1553 2111 Absque
1575 2030 1692 2094 mediis
1715 2030 1876 2114 quomodo
1893 2031 1984 2097 locus
2002 2031 2131 2097 dandus
2148 2036 2192 2099 sit
2208 2054 2287 2118 pro-

273 2119 346 2201 piis,
370 2125 404 2182 et
421 2118 527 2182 brutis
545 2117 743 2182 animalibus
763 2117 874 2181 fraena
892 2115 1026 2195 laxabit,
1050 2116 1143 2200 quasi
1161 2135 1254 2198 prae·
1307 2114 1474 2181 videntiae
1495 2114 1562 2179 Dei
1593 2116 1744 2199 exemplo
1772 2137 1831 2182 suo
1850 2116 2005 2183 Ohristus
2030 2118 2148 2197 docuit,
2183 2141 2288 2203 quum

274 2211 326 2268 ter
348 2203 412 2268 Dei
434 2212 554 2268 nutum
583 2210 617 2268 et
643 2202 903 2267 moderationem
924 2200 1102 2285 quidquam
1128 2203 1256 2284 possint
1308 2199 1454 2266 Satanae
1496 2201 1657 2268 insultum
1706 2201 1768 2266 hoc
1810 2202 1926 2287 clypeo
1968 2203 2155 2286 repelleret:
2211 2205 2290 2271 Non

274 2288 329 2355 vel
351 2296 466 2374 agant:
489 2290 611 2354 misera
628 2289 796 2352 anxietate
813 2307 943 2370 semper
960 2287 1129 2366 aestuabit,
1155 2287 1255 2351 vitam
1306 2286 1344 2349 in
1380 2286 1450 2351 solo
1490 2307 1577 2368 pane
1616 2287 1703 2352 vivit
1741 2287 1848 2367 homo,
1888 2288 1945 2353 001
1980 2290 2016 2352 10
2056 2290 2148 2353 omni
2185 2291 2289 2356 verbo

277 2395 372 2439 suam
392 2376 487 2458 quasi
505 2375 545 2440 de
563 2372 618 2439 filo
643 2372 842 2456 pendentem
860 2373 1023 2456 aspiciens
1042 2373 1254 2457 torquebitur,
1308 2369 1394 2454 quod
1416 2371 1585 2456 egreditur
1606 2393 1649 2437 ex
1671 2373 1804 2438 oreDei
1837 2373 2290 2458 (1101110141110010010

275 2458 393 2542 pedem
422 2462 480 2524 vix
514 2480 648 2524 movere
682 2458 815 2523 audebit
836 2459 914 2540 quin
943 2458 1076 2524 devita
1107 2479 1167 2523 sua
1199 2457 1255 2522 de-
1307 2458 1466 2521 virtutem
1487 2455 1554 2520 Dei
1575 2458 1699 2522 sciebat
1725 2458 1850 2524 nullius
1870 2460 1999 2524 externi
2021 2460 2211 2527 adminiculi
2234 2461 2290 2525 in·

276 2549 434 2627 speret:⁸)
453 2544 567 2609 fidelos
585 2566 673 2621 vero,
693 2544 772 2608 dum
790 2544 852 2609 sibi
870 2565 1005 2608 manum
1025 2545 1086 2608 Dei
1106 2544 1254 2608 modera-
1309 2542 1419 2625 digam
1455 2563 1539 2607 esse:
1581 2552 1648 2608 tam
1683 2544 1754 2608 sine
1787 2563 1873 2626 pano
1907 2541 2121 2611 suffecturam
2152 2545 2289 2630 colligit,

275 2631 390 2694 tricem
409 2636 601 2713 proponent,
620 2650 715 2694 curas
733 2650 811 2694 suas
829 2650 892 2693 non
913 2628 1110 2694 dubitabunt
1126 2630 1161 2692 in
1179 2650 1256 2694 enm
1309 2648 1407 2710 quam
1431 2647 1467 2692 se
1498 2627 1639 2711 benigne
1671 2630 1795 2693 exserit
1828 2651 1887 2712 per
1919 2651 2047 2712 panem.
2092 2631 2290 2698 Cavendum

276 2716 444 2781 coniicere.
490 2717 581 2780 Dum
603 2722 693 2780 certo
715 2722 871 2791 statuent,
897 2713 1064 2779 diabolum
1086 2724 1119 2778 et
1139 2716 1257 2797 impios
1308 2713 1426 2794 itaque,
1450 2734 1491 2778 00
1510 2713 1721 2779 inferioribus
1743 2713 1860 2781 mediis
1882 2715 1929 2779 ita
1951 2717 2054 2781 simus
2076 2717 2176 2794 affixi,
2204 2718 2289 2800 quin

277 2821 400 2878 omncs,
424 2802 635 2884 quantumvis
657 2799 908 2878 tumultuentur,
935 2822 1000 2864 non
1023 2807 1153 2864 tantum
1174 2799 1256 2883 liga-
1308 2797 1373 2863 Dei
1412 2819 1531 2863 manus
1569 2801 1660 2865 omni
1693 2798 1838 2865 subsidio
1878 2800 2001 2866 nudata
2031 2822 2091 2885 per
2122 2823 2157 2867 se
2191 2803 2288 2870 nobis

275 2892 327 2950 tes
348 2885 415 2951 Dei
435 2886 645 2968 compedibus
668 2886 782 2961 teneri,
805 2883 863 2949 sed
886 2885 986 2950 etiam
1008 2886 1078 2968 cogi
1102 2884 1144 2950 ad
1161 2906 1256 2967 prae-
1308 2882 1438 2948 abunde
1460 2885 1611 2950 sufficiat.
1655 2884 1779 2950 Gontra
1796 2885 1913 2965 media,
1936 2907 2034 2969 quam
2051 2894 2198 2952 meretur
2215 2889 2288 2972 glo-

277 2971 396 3036 standa
417 2971 465 3036 illi
488 2970 651 3053 obsequia,
672 2970 775 3053 quieti
797 2970 945 3052 pervias
967 2991 1044 3035 suas
1063 2978 1211 3055 pergent.
1309 2970 1393 3034 riam
1417 2968 1504 3051 apud
1526 2989 1588 3035 nos
1607 2970 1734 3035 obtinet
1750 2970 1814 3036 Dei
1833 2971 2050 3055 providentia,
2073 2994 2175 3056 quum
2193 2973 2288 3039 illam

363 3056 523 3122 Nonnihil
546 3057 648 3121 ctiam
667 3055 750 3121 lucis
770 3054 892 3120 addent
914 3055 998 3120 duae
1020 3055 1104 3120 aliae
1122 3056 1256 3122 distinc·
1309 3054 1487 3120 obstaculis
1504 3056 1657 3121 omnibns
1674 3058 1875 3140 superiorem
1891 3058 1960 3123 fore
1979 3060 2136 3140 persuasi,
2149 3061 2173 3136 ¹)
2190 3081 2290 3127 cunc·

277 3143 396 3207 tiones:
420 3142 511 3225 prior
531 3149 589 3222 est,
625 3140 711 3224 quod
745 3149 814 3206 tam
847 3142 884 3204 in
915 3143 1131 3224 praeteritum
1159 3163 1257 3226 quam
1310 3150 1362 3206 tas
1384 3140 1575 3206 formidines
1609 3141 1671 3205 hac
1704 3164 1770 3207 una
1803 3142 1925 3210 fiducia
1958 3144 2129 3211 vincimus.
2171 3145 2288 3228 Atque

276 3228 425 3293 futurum
448 3237 577 3311 tempus
605 3226 844 3292 consideranda
877 3228 920 3292 sit
941 3227 1005 3291 Dei
1034 3227 1255 3309 providentia:
1309 3226 1391 3291 haec
1413 3247 1492 3292 vera
1513 3234 1564 3291 est
1580 3227 1754 3310 palaestra,
1777 3228 1812 3292 in
1829 3249 1894 3311 qua
1910 3229 2010 3294 fidem
2028 3238 2174 3294 nostram
2191 3230 2289 3297 Deus

277 3313 390 3393 altera,
423 3314 593 3379 interdum
627 3333 704 3378 cnm
730 3313 799 3377 suis
827 3312 954 3392 mediis,
989 3312 1158 3378 interdum
1185 3314 1257 3379 sine
1310 3321 1451 3390 exercet,
1486 3334 1588 3395 quum
1623 3312 1757 3377 totidem
1786 3335 1821 3378 so
1843 3314 2012 3380 obstacula
2043 3316 2208 3398 ingerunt,
2243 3315 2288 3382 ad

275 3399 404 3478 mediis,
427 3400 595 3465 interdum
616 3406 731 3465 contra
752 3399 863 3463 omnia
883 3397 1001 3478 media,
1024 3420 1187 3465 summam
1208 3399 1257 3464 illi
1309 3396 1554 3481 impediendum
1576 3399 1647 3463 eius
1664 3399 1853 3478 consilium,
1884 3411 1964 3483 quot
1986 3421 2120 3465 sursum
2138 3408 2172 3465 et
2189 3400 2287 3466 deor·

275 3491 472 3569 potestatem
494 3483 704 3552 asserendam
731 3505 812 3562 esso,
841 3491 879 3549 ut
910 3484 1040 3550 ordinet
1063 3486 1257 3550 constituat·
1310 3504 1384 3548 sum
1405 3492 1567 3567 apparent
1587 3485 1623 3548 in
1643 3484 1733 3550 coelo
1754 3493 1932 3550 creaturae.
1961 3484 2051 3566 Quid
2072 3493 2183 3550 autem
2205 3494 2287 3554 tunc

276 3592 339 3654 qne
374 3572 493 3636 omnia.
555 3570 645 3636 Talis
678 3570 848 3653 praeteriti
882 3572 1040 3653 temporis
1075 3570 1119 3636 sit
1150 3572 1256 3636 consi·
1310 3568 1496 3652 agendum?
1541 3570 1669 3653 Nempe
1696 3571 1724 3634 si
1752 3569 1794 3634 ad
1820 3570 1952 3636 divinae
1980 3572 2147 3653 potentiae
2173 3571 2288 3637 altitu-

277 3655 418 3721 deratio:
443 3655 581 3738 Siquid
604 3677 757 3739 prospere
779 3662 813 3719 ct
834 3677 875 3720 ex
898 3665 973 3721 voto
995 3657 1160 3734 successit,
1190 3677 1256 3721 non
1309 3653 1420 3719 dinem
1443 3653 1640 3721 conscendat
1660 3655 1752 3734 fides,
1781 3657 1892 3722 omnia
1912 3677 1996 3740 quae
2017 3666 2133 3722 eontra
2152 3658 2288 3723 011101-

276 3741 439 3806 sacrificet
472 3742 620 3806 mortalis
655 3741 753 3806 homo
787 3742 848 3805 reti
882 3761 950 3817 suo,
982 3741 1256 3824 quemadmodum
1308 3739 1428 3804 dentur
1439 3740 1559 3824 agendi
1572 3741 1688 3821 media,
1706 3762 1772 3806 000
1791 3763 1910 3826 magno
1928 3744 2056 3826 negotio
2074 3743 2285 3826 expugnabit

276 3825 424 3908 loquitur
444 3826 602 3893 Habacuc
625 3834 669 3904 (l,
697 3831 763 3904 16):
795 3846 900 3908 neque
922 3845 1014 3891 suam
1038 3826 1256 3909 prudentiam,
1396 3824 1554 3908 Quisquis
1576 3848 1610 3891 se
1632 3828 1721 3891 intra
1746 3825 1808 3891 has
1838 3835 1945 3892 metas
1980 3829 2187 3907 continuerit,
2223 3849 2287 3896 nee

171 3913 172 3918 ’
277 3913 438 3976 virtutem
476 3912 528 3976 vel
568 3912 736 3976 fortunam
770 3916 844 3989 [pag.
871 3915 960 3989 173}
983 3912 1111 3977 efferat:
1151 3934 1256 3994 neque
1309 3912 1464 3977 tortuosis
1486 3912 1762 3994 speculationibus
1783 3933 1818 3977 se
1840 3912 2005 3996 impediet,
2027 3935 2089 3979 neo
2106 3915 2183 3996 quia
2201 3913 2289 3980 divi·

278 4003 449 4079 acceptum
470 3997 555 4061 ferat
583 3996 771 4061 hominibus
796 3995 850 4060 vel
884 3998 1044 4061 creaturis
1079 3996 1163 4078 qnod
1192 3999 1256 4063 Dei
1310 3997 1400 4060 01100
1420 3997 1529 4061 omnia
1551 3998 1622 4063 fiori
1648 3997 1758 4063 audiet
1791 3998 1869 4063 inde
1901 4007 2110 4080 praetextum
2144 3998 2289 4083 captabit

277 4082 448 4167 proprium
471 4091 535 4147 est:
558 4081 615 4147 sed
637 4082 747 4146 Deum
769 4080 830 4145 sibi
857 4079 1053 4164 persuadeat
1082 4083 1152 4146 0100
1180 4083 1257 4148 1001
1308 4082 1472 4165 ignaviae,
1506 4102 1567 4148 nec
1596 4082 1822 4166 desperatione
1844 4088 1918 4162 [pag.
1940 4089 2013 4163 175]
2033 4085 2190 4164 concidet,
2226 4102 2289 4152 neo

277 4170 424 4252 primum
452 4189 523 4233 0000
547 4175 703 4243 autorem,
733 4167 949 4248 undecunque
972 4168 1170 4251 provenerit
1214 4169 1255 4233 In
1309 4164 1351 4231 ad
1373 4166 1507 4232 frivolas
1530 4189 1634 4251 nugas
1656 4169 1853 4252 provolabit,
1883 4180 1917 4234 et
1937 4170 2001 4235 Dei
2036 4170 2207 4235 maiestate
2235 4171 2288 4235 in·

277 4254 377 4318 rebus
399 4261 509 4318 autem
519 4252 677 4330 advorsis,
696 4254 732 4316 in
743 4252 805 4318 hac
823 4252 1042 4317 consolatione
1057 4255 1255 4336 acquiescat:
1309 4251 1436 4336 dignas.
1480 4252 1578 4317 Nunc
1600 4262 1710 4318 tamen
1731 4255 1865 4337 propius
1894 4255 2089 4320 excutienda
2110 4262 2162 4320 est
2186 4277 2289 4339 quae-

277 4337 373 4407 Sicut
390 4338 535 4403 Domino
557 4339 689 4420 placuit,
712 4339 759 4402 110
780 4340 905 4403 factum
925 4345 991 4418 001,-
1013 4346 1129 4404 contra
1147 4341 1256 4404 Deum
1309 4338 1379 4415 0110,
1403 4336 1490 4403 0010
1512 4339 1709 4404 exoriuntur
1730 4360 1870 4423 pugnae.
1915 4341 1992 4405 Non
2019 4341 2105 4425 quod
2126 4341 2191 4407 Dei
2212 4362 2288 4425 pro-

274 4422 514 4502 tumultuando,
534 4445 593 4490 nec
610 4423 788 4506 quidquam
800 4424 978 4506 proficiam,
997 4431 1031 4488 et
1047 4425 1255 4491 meobstrin-
1308 4423 1457 4489 videntia
1478 4423 1550 4503 rite,
1572 4432 1612 4489 ut
1634 4424 1777 4503 decebat,
1800 4427 1941 4510 cognita,
1964 4448 2020 4492 eas
2043 4449 2085 4492 ex
2103 4447 2138 4491 se
2156 4427 2287 4511 gignat:

275 4529 352 4594 gam
374 4509 495 4591 impiae
517 4509 743 4575 contumaciae
766 4516 870 4574 reatu.
915 4511 1001 4574 Tum
1023 4531 1101 4575 vero
1123 4518 1254 4576 anteac-
1308 4506 1365 4573 sed
1388 4510 1466 4592 quia
1486 4510 1523 4573 in
1545 4509 1737 4592 reputandis
1758 4509 1824 4576 Dei
1845 4512 1996 4594 operibus
2017 4512 2172 4578 bumana
2191 4514 2288 4591 ratio,

274 4600 329 4660 tac
372 4595 461 4659 vitae
504 4594 620 4660 subeat
663 4597 829 4675 memoria,
874 4602 911 4659 ut
954 4617 996 4660 ex
1019 4597 1149 4678 ,poenis
1192 4595 1255 4660 sibi
1329 4615 1409 4660 uum
1452 4596 1622 4675 caecutiat,
1662 4596 1762 4661 simul
1805 4596 1847 4661 nd
1875 4596 2067 4662 rixandum
2110 4597 2250 4679 prosilit
2258 4599 2288 4676 ²)

274 4681 409 4747 inflictis
439 4688 573 4764 peccata
593 4702 653 4746 sua
675 4690 840 4765 agnoscat.
885 4681 927 4745 In
950 4688 1080 4763 tempus
1102 4682 1255 4747 futurum
1308 4615 1507 4762 Quanquam
1530 4681 1653 4745 mirum
1674 4702 1742 4745 non
1764 4680 1825 4761 est,
1847 4683 1875 4747 si
1898 4683 1990 4748 carni
2010 4703 2128 4765 parum
2149 4701 2289 4748 consen-

274 4768 337 4833 hoc
383 4766 482 4831 modo
504 4773 509 4780 '
530 4766 716 4849 reputanda
765 4774 816 4832 cst
865 4766 929 4849 piis
976 4766 1144 4831 mentibus
1189 4765 1256 4831 Dei
1308 4772 1407 4831 tanea
1428 4765 1495 4828 sint
1511 4764 1577 4830 Dei
1595 4766 1740 4845 consilia,
1763 4788 1847 4850 quae
1869 4789 1911 4833 ex
1929 4769 2093 4835 coelorum
2111 4767 2289 4833 altitudine

272 4852 491 4935 providentia,
513 4859 552 4917 ut
573 4872 702 4934 semper
724 4851 856 4917 adeius
877 4851 1111 4933 promissiones
1133 4872 1172 4917 ao
1192 4852 1255 4915 mi-
1464 4880 1466 4884 >
2207 4924 2210 4931 ,

1377 4934 1547 4996 1111101
1581 4936 1654 4990 nand
1671 4943 1748 4992 toute
1767 4944 1891 4993 creature
1908 4939 2077 4994 s'esleveroit
2095 4945 2190 4994 contre
2208 4938 2288 5008 Dion,

346 5002 375 5066 1)
399 5003 435 5058 110
451 5002 608 5075 's'esgaicnt
634 5021 737 5059 comme
764 5022 800 5060 00
827 5004 924 5060 chosel
947 5018 1011 5058 sans
1037 5003 1114 5059 bride
1142 5020 1175 5058 en
1203 5020 1255 5059 000
1307 5003 1373 5072 qu’il
1391 5019 1425 5059 en
1442 5003 1554 5059 uendra
1564 4952 1633 5059 11100
1651 5008 1669 5060 t
1686 5007 1753 5061 1001
1770 5022 1840 5074 pour
1858 5013 1987 5062 executor
2005 5022 2056 5061 000
2072 5007 2190 5062 vonloir.

277 5070 378 5139 010010
397 5071 514 5127 0110110
533 5089 689 5142 campagus.
1376 5071 1408 5139 2)
1428 5112 1435 5127 .
1453 5114 1459 5124 .
1480 5112 1486 5125 .
1504 5111 1510 5124 .
1529 5072 1607 5127 00100
1624 5074 1722 5169 qu'ellc
1749 5081 1793 5128 001
1819 5075 1945 5144 1000010,
1971 5076 2046 5129 voire
2065 5075 2145 5145 demy
2163 5077 2287 5145 0000010,

345 5137 376 5204 2)
394 5138 470 5193 Bere
488 5147 514 5194 et
530 5141 718 5196 1100101010
736 5148 767 5196 ut
784 5140 902 5195 diabolo.
1308 5179 1316 5193 .
1335 5182 1341 5194 .
1358 5176 1366 5193 .
1385 5141 1407 5196 si
1425 5146 1482 5195 1001
1499 5142 1598 5209 qu’elle
1616 5158 1656 5212 sy
1673 5142 1789 5212 000110,
1809 5142 2036 5199 s’cscsrmousche
2054 5151 2140 5211 quant
2158 5150 2289 5214 0100001

347 5206 377 5272 3)
397 5205 470 5262 Aac.
488 5208 562 5285 briei
577 5210 596 5265 il
615 5225 677 5264 sera
695 5225 798 5264 comme
816 5211 910 5263 00001.
1308 5215 1337 5264 01
1355 5225 1384 5264 00
1402 5225 1451 5264 rue
1468 5211 1486 5264 1
1502 5216 1560 5264 tort
1577 5217 1606 5265 01
1623 5213 1640 5267 t
1657 5218 1772 5266 travers.
