4732 5910
236 329 273 388 ιι
1057 317 1121 382 ua
1142 315 1417 384 somniare.
2137 410 2140 412 ‚
2208 318 2251 380 ιι
2284 309 2288 315 ··
2314 266 2344 341 ‘92'

235 518 346 578 autem
374 511 511 587 electus,
545 509 637 573 vobis
664 509 764 573 otiam
793 507 957 590 pretiosus
985 506 1042 589 qui
1069 503 1209 571 creditis.
1262 505 1327 570 nisi
1361 514 1448 570 esset
1478 512 1574 589 petra
1608 504 1765 585 scandali,
1806 525 1911 590 nequo
1951 528 2050 571 verus
2088 504 2249 571 Christus
2303 557 2313 568 .

236 597 426 674 Caeterum,
455 595 496 658 iis
518 595 664 676 quinon
686 592 840 671 credunt,
870 592 955 674 lapis
978 612 1076 674 quem
1100 612 1211 674 repro·
1262 597 1357 656 esset.
1372 592 1395 672 ¹)
2041 630 2044 636 ι

200 746 202 751 ,
234 683 400 748 bavcrunt
421 679 639 757 aedificantes,
667 679 751 761 lapis
773 678 815 743 ad
837 698 936 760 quem
954 676 1131 752 offendant,
1154 697 1211 759 pe·
1349 675 1547 757 Quanquam
1569 675 1744 741 hominum
1765 696 1888 760 genera
1908 684 2049 758 quatuor
2070 697 2144 742 esse
2167 677 2248 754 scio,

234 775 287 832 tra
308 766 349 831 ad
371 787 470 848 quarn
490 765 678 847 impingant
701 767 731 847 (1
754 764 844 828 Petr.
865 766 893 842 2,
913 768 932 825 4
951 765 1065 845 seqq).
1099 763 1154 826 En
1175 768 1213 825 ut
1263 781 1345 844 quos
1362 760 1518 827 scandala
1540 783 1560 826 a
1581 761 1717 827 Christo
1739 768 1900 840 avertant,
1922 761 1978 827 vel
1994 763 2161 844 certequi
2182 762 2248 828 hoo
2334 810 2337 817 «

234 852 389 918 Christus
411 873 446 916 se
466 851 619 915 omnibus
641 851 757 914 offerat
778 850 814 912 in
832 848 1095 925 fundamentum,
1117 855 1156 911 ut
1176 847 1212 911 in
1263 847 1370 912 colore
1388 846 1650 930 evangeliosunt
1666 847 1803 913 inimici.
1836 846 1961 911 Multos
1971 849 2093 912 retinet
2103 846 2249 931 scanda-

234 937 394 1021 templum
412 937 477 1001 Dei
500 943 722 1000 exstruantur.
767 933 819 998 Ibi
842 944 930 999 certe
947 933 1040 998 nulla
1062 934 1210 997 offensio.
1264 932 1371 998 lorum
1394 931 1520 1010 horror,
1553 952 1596 996 ex
1616 933 1762 997 naturali
1783 932 1926 1015 quadam
1946 932 2143 1006 modestia2)
2167 953 2249 998 con·

234 1023 305 1090 Cur
324 1024 428 1105 igitur·
446 1020 641 1085 offendunt?
670 1020 747 1103 quia
767 1020 801 1083 in
830 1041 894 1102 quo
907 1018 1043 1105 ,placide
1066 1019 1211 1100 acquies·
1264 1027 1388 1101 oeptus,
1410 1027 1447 1081 ut
1468 1039 1512 1082 ne
1535 1024 1672 1101 gustum
1694 1017 1827 1100 quidem
1849 1017 2016 1101 evangelii
2038 1027 2246 1101 capere'au·

234 1129 308 1174 cere
337 1107 516 1184 debebant,
544 1107 580 1171 in
607 1127 681 1170 eum
711 1125 804 1171 cacco
826 1105 953 1187 impetu
976 1104 1213 1173 contumaciter
1265 1102 1372 1168 deant.
1417 1103 1487 1167 Alii
1508 1105 1615 1187 magis
1636 1103 1751 1188 ignavi
1773 1111 1808 1167 et
1828 1102 1994 1182 indociles,
2022 1103 2172 1169 socordia
2192 1111 2247 1167 ta·

232 1195 375 1259 irruunt.
1000 1204 1001 1207 ’
1264 1210 1342 1253 ιιιθιι
1363 1188 1470 1272 magis
1492 1209 1591 1270 quam
1620 1189 1746 1252 malitia
1772 1210 1807 1253 se
1833 1188 2025 1272 impediunt
2071 1188 2141 1255 Sed
2163 1196 2247 1253 sunt

322 1278 416 1358 Quae
438 1283 550 1341 tamen
567 1285 616 1342 est
636 1276 808 1340 hominum
830 1274 883 1340 vel
907 1273 1043 1351 malitia,
1065 1273 1120 1338 vel
1141 1294 1213 1338 cor·
1264 1274 1420 1357 permulti
1442 1275 1530 1339 fastu
1552 1283 1586 1339 et
1612 1295 1768 1357 perversa
1793 1274 1881 1352 eius,
1910 1294 1931 1337 a
1958 1295 2022 1357 qua
2042 1274 2157 1357 procul
2185 1273 2247 1339 ab·

234 1364 375 1447 ruptela,
398 1362 561 1440 videmus,
590 1370 628 1425 ut
654 1361 741 1443 quod
769 1359 967 1426 accidentale
989 1367 1040 1424 est
1067 1358 1212 1436 Christe,
1264 1369 1357 1438 sunt,
1387 1364 1461 1438 [pag.
1480 1364 1513 1440 a]
1541 1360 1723 1441 sapientiae
1749 1359 1903 1443 opinione
1929 1360 2094 1438 inebriati,
2122 1361 2246 1442 quibus

235 1471 303 1514 non
337 1448 447 1513 minus
480 1448 523 1512 sit
556 1446 772 1523 ordinarium,
812 1466 910 1528 quam
943 1445 971 1509 si
1002 1445 1073 1509 eius
1106 1444 1212 1509 officio
1264 1464 1325 1510 sua
1347 1444 1538 1528 arrogantia
1559 1444 1750 1511 scandalum
1773 1452 1832 1509 est.
1866 1443 1955 1510 Sunt
1976 1447 2076 1511 etiam
2094 1448 2152 1529 qui
2173 1466 2247 1510 ma·

235 1535 379 1600 maxime
401 1533 600 1599 conveniret.
636 1533 735 1596 Nunc
756 1530 798 1596 ad
820 1551 876 1595 eos
897 1531 996 1595 venio
1018 1530 1074 1612 qui
1086 1527 1212 1594 Christi
1264 1530 1370 1595 litiose
1382 1528 1521 1613 dataque
1532 1551 1639 1615 opera,
1659 1530 1813 1596 scandala
1829 1531 1940 1594 omnia
1950 1532 2118 1616 colligunt,
2137 1531 2248 1596 multa

237 1619 447 1703 evangelium
476 1618 557 1683 alias
587 1616 740 1701 amplecti
769 1637 838 1680 non
867 1617 1064 1693 abnuentes,
1094 1615 1213 1678 volunt
1263 1617 1363 1681 etiam
1385 1616 1594 1700 confingunt:
1622 1637 1727 1699 neque
1747 1615 1783 1681 id
1805 1625 1872 1680 tam
1892 1616 2120 1682 scandalorum
2144 1639 2249 1700 quam

237 1715 349 1771 tamen
377 1705 498 1769 habere
531 1704 653 1786 absque
680 1702 851 1768 scandalis.
896 1701 983 1767 Cum
1012 1701 1212 1766 Christianis
1264 1702 1427 1785 evangelii
1438 1701 1520 1780 odio,
1540 1703 1698 1783 utipsum
1714 1701 1951 1784 quoquomodo
1963 1702 2135 1768 infament.
2170 1703 2247 1768 Imo

236 1791 320 1857 mihi
348 1790 518 1873 negotium
549 1797 608 1853 est.
653 1787 823 1853 Voluntne
851 1786 1024 1851 Christum
1053 1785 1095 1850 ab
1123 1786 1212 1849 omni
1264 1808 1366 1869 quum
1394 1788 1461 1852 sint
1487 1786 1718 1853 scandalorum
1752 1798 1897 1865 autores,
1926 1785 2137 1871 impudenter
2165 1809 2248 1855 con·

237 1874 391 1943 scandalo
418 1874 600 1940 remotum?
651 1874 784 1939 Novum
811 1873 874 1937 sibi
900 1873 1073 1938 fabricent:
1108 1890 1213 1954 neque
1264 1879 1419 1954 torquent
1439 1874 1476 1936 in
1498 1873 1708 1957 evangelium
1730 1872 1892 1957 quidquid·
1907 1880 1959 1938 est
1978 1874 2132 1939 invidiae.
2157 1876 2248 1959 ηἯι·

236 1963 326 2028 enim
355 1961 439 2026 alius
465 1982 537 2025 esse
564 1967 672 2043 potest
698 1959 787 2023 filius
808 1959 889 2035 Dei,
923 1979 1021 2041 quam
1050 1957 1156 2040 qualis
1177 1957 1213 2022 in
1263 1959 1350 2023 libus
1372 1958 1548 2024 calumniis
1574 1959 1710 2024 refertos
1738 1957 1851 2024 videre
1877 1971 1929 2024 est
1950 1958 2111 2037 Sadoleti,
2141 1961 2245 2040 Eccii,

140 2112 144 2120 ,
236 2048 407 2133 scripturis
435 2045 659 2129 praedicatur:
689 2053 746 2109 aut
773 2052 860 2110 certe
888 2052 1018 2108 mutent
1041 2043 1213 2108 hominum
1264 2045 1386 2128 Pighii,
1414 2043 1570 2110 Cochlaoi
1592 2051 1626 2110 ct
1647 2044 1804 2123 similium
1825 2044 1935 2110 libros.
1979 2045 2110 2111 Primos
2132 2060 2168 2112 et
2192 2068 2246 2112 se-

235 2134 383 2217 iugenia,
416 2141 585 2214 totumque
616 2129 779 2195 mundum
810 2130 996 2195 reforment.
1048 2129 1213 2194 Audimus
1265 2130 1389 2195 cundos
1413 2129 1526 2195 mitius
1548 2140 1689 2196 tractare
1711 2131 1878 2205 convenit:
1913 2131 2003 2195 tertii
2029 2142 2062 2195 et
2083 2133 2247 2215 postremi

159 2294 164 2303 .
236 2218 314 2302 quid
336 2218 499 2301 scriptura
515 2217 719 2299 pronunciet.
736 2269 738 2273 ,
753 2215 829 2279 Νοιι
851 2214 939 2281 cadit
959 2215 1021 2280 hoc
1037 2215 1074 2279 in
1087 2213 1213 2280 Christi
1266 2217 1373 2281 acrius
1395 2215 1584 2298 repellendi.
1629 2216 1717 2280 Nam
1738 2216 1832 2280 cuius
1854 2225 1918 2295 est,
1947 2238 2013 2280 non
2030 2214 2106 2282 dico
2124 2218 2246 2281 huma-

234 2298 409 2389 personam
428 2303 544 2378 solum,
567 2302 625 2367 sed
645 2304 680 2366 iu
698 2310 800 2366 totam
812 2301 1004 2366 doctrinam.
1031 2300 1109 2366 Nec
1130 2309 1213 2365 tem·
1265 2301 1380 2367 nitatis
1403 2301 1517 2383 (quam
1539 2302 1628 2367 enim
1650 2303 1891 2366 humanitatem
1913 2322 1933 2365 a
1955 2301 2148 2368 truculentis
2170 2303 2248 2368 istis

278 2389 347 2455 rale
380 2397 444 2468 est,
482 2387 540 2452 sed
573 2387 770 2452 duraturum
803 2395 871 2460 toto
904 2387 1070 2453 doctrinae
1103 2407 1211 2452 cursu.
1264 2387 1379 2453 bestiis
1400 2387 1587 2471 requiras‘l)
1615 2386 1674 2453 sed
1696 2387 1927 2465 verecundiae,
1956 2387 2248 2470 probraobiioerc

234 2411 345 2557 &uam
366 2484 445 2539 sunt
462 2474 565 2557 igitur
577 2472 787 2557 praeposteri,
810 2473 865 2554 qui
876 2471 974 2537 hodie
985 2479 1213 2539 renascentem
1264 2474 1335 2538 filio
1345 2472 1420 2552 Dei,
1444 2495 1584 2555 quorum
1596 2475 1658 2556 ipsi
1677 2472 1808 2557 culpam
1828 2480 1932 2537 totam
1954 2473 2147 2561 sustinent?
2176 2472 2248 2547 Sed

235 2561 398 2644 evangelii
421 2559 604 2624 doctrinam
632 2558 694 2622 hoc
721 2567 851 2621 tantum
874 2559 1006 2622 nomine
1028 2556 1212 2640 repudiant,
1265 2561 1345 2624 haec
1378 2566 1491 2642 postea
1517 2558 1733 2624 videbimus.
1768 2560 1913 2624 Tantum
1945 2559 2039 2629 initio
2065 2557 2247 2646 admonere

237 2647 316 2729 quia
332 2647 369 2709 in
382 2665 421 2710 ea
432 2643 684 2727 deprehendunt
696 2642 782 2724 quod
796 2643 996 2725 aprophetis
1012 2653 1044 2707 et
1057 2642 1213 2726 apostolis
1266 2645 1371 2722 volui,
1398 2645 1591 2727 quibuscum
1621 2645 1807 2710 hominibus
1836 2663 1934 2728 agere
1963 2645 2176 2724 instituerim,
2206 2653 2248 2711 ut

235 2729 439 2815 praedictum
480 2730 555 2795 fuit!
612 2728 746 2792 Interea
783 2727 996 2793 nihilominus
1030 2726 1213 2793 Christiani
1265 2730 1342 2795 inde
1370 2729 1516 2794 iudicent
1544 2730 1701 2811 lectores,
1721 2728 1800 2812 quid
1827 2738 2017 2813 exspectare
2045 2731 2188 2795 debeant
2209 2732 2247 2796 in

236 2816 363 2882 censeri
385 2816 508 2880 volunt.
555 2812 644 2894 Quid
668 2814 695 2878 si
718 2813 752 2877 in
773 2813 881 2895 prima
893 2813 1056 2898 evangelii
1079 2812 1214 2877 exordia
1266 2816 1328 2881 hoc
1356 2814 1477 2880 libello.
1521 2815 1699 2880 Invenient
1730 2815 1784 2882 hic
1812 2816 1937 2879 infirmi
1964 2836 2002 2882 ac
2030 2815 2143 2894 rudes,
2179 2839 2247 2899 quo

235 2899 444 2977 incidissent,
462 2900 538 2983 'quo
566 2909 713 2982 tompore
742 2898 872 2964 nullum
894 2920 961 2963 non
983 2898 1213 2964 scandalorum
1266 2922 1300 2966 se
1323 2902 1476 2966 muniant
1497 2900 1539 2965 ad
1562 2901 1746 2984 superanda
1775 2900 1938 2972 scandala.
1981 2902 2160 2967 Invenient
2181 2904 2247 2967 im·

259 3008 356 3066 enus,
390 2983 532 3056 subinde
566 2990 640 3063 [pag.
667 2990 699 3063 8]
727 3007 768 3057 ex
795 2983 965 3067 evangelio
993 2983 1212 3049 scaturiebat?
1265 2986 1374 3071 probi,
1404 2986 1490 3069 quod
1518 2985 1560 3052 ad
1582 2987 1893 3072 sacrilegaseorum
1919 2987 2100 3053 calumnias
2129 2990 2249 3053 reflec-

235 3006 349 3154 Cuam
381 3070 579 3138 celeriter·a
607 3070 740 3136 Christo
768 3092 803 3135 se
832 3069 947 3154 procul
979 3070 1211 3136 removissent!
1266 3072 1383 3138 tendas
1404 3073 1553 3138 sufficiat.
1598 3073 1761 3156 Magnum
1788 3081 1839 3138 θεῖ
1866 3071 1954 3155 quod
1980 3073 2150 3155 polliceor:
2187 3074 2272 3141 sed·

237 3157 408 3239 Quantum
430 3157 688 3234 exhorruissent,
711 3178 753 3222 ne
775 3175 839 3238 qua
860 3156 1053 3240 contagione
1074 3156 1214 3220 fuissent
1265 3159 1379 3242 eequis
1405 3157 1536 3224 iudiciis
1565 3159 1810 3225 satisfacturum
1837 3180 1891 3223 me
1918 3157 2053 3224 confido.
2097 3160 2187 3224 Nam
2209 3169 2250 3226 ut

235 3266 277 3309 ex
299 3244 367 3308 levi
387 3241 478 3308 tactu
499 3242 616 3307 afflati!
663 3240 701 3307 Si
729 3242 763 3307 id
792 3262 827 3306 se
846 3251 926 3307 tuno
945 3243 1090 3308 facturos
1113 3241 1213 3306 fuisse
1266 3246 1415 3310 omnium
1441 3245 1565 3310 morbis
1600 3243 1746 3326 medear,
1782 3245 1918 3308 minime
1951 3243 2153 3328 sperandum
2184 3254 2248 3313 est

236 3337 369 3413 negant,
386 3341 451 3394 ‘cur
472 3349 550 3411 crgo
573 3336 640 3392 tam
663 3339 742 3393 sunt
760 3326 856 3392 hodie
868 3325 1020 3392 delicati?
1054 3326 1125 3392 Cur
1146 3348 1213 3391 non
1265 3331 1398 3398 Etiam
1421 3351 1561 3414 magnae
1583 3329 1741 3395 stultitiae
1762 3329 1931 3410 damnavi,
1961 3332 1990 3395 si
2018 3332 2090 3414 quis
2112 3329 2249 3398 efficere

236 3413 366 3481 easdem
391 3435 485 3480 nuno
513 3434 642 3497 quoque
670 3422 853 3497 agnoscunt
880 3413 917 3477 in
939 3412 1073 3478 Christo
1095 3411 1212 3478 notas?
1264 3425 1410 3494 conetur,
1440 3436 1481 3479 ne
1501 3415 1658 3504 'scandalo
1680 3416 1723 3481 sit
1745 3416 1900 3482 Christus
1927 3416 2045 3499 impiis.
2091 3415 2250 3500 Scriptu-

234 3500 283 3566 At
304 3522 357 3566 res
380 3509 430 3566 est
458 3500 569 3565 odiosa
597 3497 803 3578 scandalum,
833 3508 866 3564 et
887 3498 1043 3565 modestis
1070 3499 1214 3583 ingeniis
1266 3523 1337 3567 ram
1359 3500 1491 3584 impleri
1512 3510 1650 3583 oportet,
1673 3523 1757 3584 quae
1778 3502 1812 3567 id
1829 3501 1995 3586 praedixit
2016 3503 2093 3566 fore.
2126 3489 2249 3586 Neque

153 3601 157 3608 ’
235 3585 409 3652 horrenda.
455 3585 540 3668 Quis
567 3584 690 3668 negat?
735 3585 850 3668 Neque
883 3586 985 3650 etiam
1014 3584 1085 3652 dico
1114 3604 1214 3667 appe·
1265 3608 1345 3653 vero
1367 3586 1468 3651 alium
1495 3597 1664 3669 susceptae
1695 3608 1715 3652 a
1741 3608 1795 3651 me
1823 3587 2059 3653 lucubrationis
2087 3590 2250 3654 eventum

236 3671 336 3736 tenda
358 3671 444 3736 ultro
467 3692 537 3736 esse
558 3669 726 3736 scandala:
750 3672 915 3756 fugiamus
936 3691 976 3735 ea
998 3670 1105 3755 quoad
1126 3670 1212 3736 licet.
1267 3680 1435 3757 exspecto,
1474 3692 1573 3754 quam
1605 3682 1642 3736 ut
1674 3673 1780 3756 magis
1813 3673 1990 3756 armagis
2020 3674 2251 3740 inflammetur

236 3757 373 3832 Verum,
397 3755 569 3820 christiani
590 3756 733 3821 hominis
751 3767 865 3839 pectus
886 3757 933 3841 ita
954 3757 1120 3822 munitum
1143 3777 1214 3821 esse
1267 3779 1380 3824 eorum
1402 3757 1518 3824 rabies.
1553 3756 1621 3823 Sed
1640 3758 1791 3824 infirmos
1812 3759 1973 3841 respicio!⁴
1987 3779 2126 3841 quorum
2142 3759 2252 3826 fidem

237 3848 374 3924 oportet,
397 3850 434 3904 ut
451 3839 606 3925 quidquid
621 3839 848 3920 scandalorum
861 3851 1021 3925 erumpat,
1045 3862 1215 3923 nunquam
1267 3855 1306 3908 ut
1327 3844 1375 3908 illi
1398 3844 1630 3926 quatefaciunt,
1657 3843 1705 3907 ita
1727 3865 1802 3922 nos,
1832 3844 1927 3926 quasi
1950 3845 2120 3927 supposita
2140 3864 2251 3911 manu
2290 3865 2294 3873 ·

236 3927 307 3991 loco
329 3934 514 3990 moveatur:
543 3944 585 3989 ne
613 3926 666 3990 vel
694 3927 870 3990 minimum
898 3948 1042 4010 unguem
1065 3925 1215 3992 deflectat
1267 3931 1433 3996 sustinere
1464 3931 1626 3996 convenit.
1673 3927 1772 4010 Quod
1803 3929 1844 3992 ad
1878 3930 2063 4012 desperatos
2091 3931 2249 4012 pertinet,

237 4034 257 4076 a
279 4010 422 4077 Christo.
466 4009 521 4075 Ad
542 4010 628 4076 hano
649 4012 867 4076 constantiam
889 4013 1032 4093 quinon
1055 4023 1105 4077 est
1127 4032 1214 4076 com·
1268 4015 1349 4079 mihi
1368 4016 1496 4081 abunde
1507 4016 1615 4093 fuerit,
1637 4013 1666 4078 si
1677 4014 1810 4080 illorum
1822 4015 2039 4098 petulantiam
2051 4016 2249 4084 cohibuere:

235 4104 381 4180 paratus,
404 4105 442 4161 ut
464 4117 524 4179 per
545 4096 657 4160 omnia
675 4096 831 4161 scandala
847 4097 994 4162 invictus
1007 4107 1214 4180 perrumpat,
1267 4107 1326 4164 aut
1347 4109 1436 4164 certe
1457 4100 1603 4178 effecero,
1625 4100 1834 4185 nefcontagio
1846 4103 1964 4166 veneni
1977 4102 2112 4166 ulterius
2124 4113 2250 4186 serpat.

235 4180 384 4248 nondum
411 4180 489 4264 quid
524 4181 632 4247 valeat
659 4181 925 4248 christianismus
957 4183 1123 4266 intelligit.
1168 4184 1216 4246 At
1353 4183 1517 4265 Quoniam
1539 4194 1659 4263 autem,
1681 4207 1874 4269 quacunque
1897 4187 1937 4251 de
1959 4208 1995 4252 re
2016 4194 2147 4270 agatur,
2179 4188 2250 4255 dis-

236 4267 389 4333 resistere
412 4266 574 4333 scandalis
596 4266 728 4333 difficile
751 4276 815 4333 est:
838 4269 1032 4352 praesertim
1044 4268 1122 4333 huic
1134 4266 1214 4332 adeo
1267 4271 1440 4336 tinctiones
1461 4271 1643 4354 plurimum
1665 4273 1772 4337 solent
1794 4273 1913 4338 afferre
1931 4274 2023 4350 lucis,
2044 4273 2132 4341 iuter
2148 4294 2270 4355 prae--

237 4361 370 4418 tenerae
401 4362 535 4418 nostrae
573 4353 798 4418 imbecillitati.
858 4354 981 4419 Fateor
1013 4364 1115 4420 certe:
1156 4352 1215 4418 sed
1267 4358 1378 4440 cipuas
1400 4357 1629 4422 scandalorum
1651 4360 1775 4441 species
1796 4358 1851 4423 hic
1870 4360 2015 4424 breviter
2032 4356 2249 4443 distinguam,

236 4438 411 4521 postulare,
434 4449 472 4503 ut
493 4439 534 4504 ab
556 4460 594 4504 eo
617 4439 821 4505 incommodo
838 4440 943 4505 simus
964 4440 1137 4518 immunes,
1161 4439 1214 4505 cui
1267 4464 1350 4526 quae
1371 4443 1534 4528 evangelii
1556 4465 1687 4509 cursum
1710 4452 1782 4510 tum
1811 4445 1851 4520 ab
1881 4445 1975 4513 initio
1999 4449 2077 4526 [pag.
2099 4451 2151 4524 10]
2176 4455 2251 4512 tur-

237 4533 483 4589 saorosanctum
505 4523 630 4591 Christi
657 4534 691 4590 θῖ
713 4525 876 4610 evangelii
905 4525 976 4589 eius
1003 4546 1122 4590 nomen
1144 4546 1214 4590 esse
1266 4529 1395 4607 barunt,
1418 4537 1491 4593 tum
1513 4529 1614 4594 etiam
1636 4528 1734 4594 hodie
1755 4538 1934 4595 morantur.
1979 4531 2069 4613 Ergo
2087 4552 2130 4595 ex
2151 4535 2250 4598 scarr-

237 4610 417 4675 obnoxium
447 4610 625 4675 cernimus:
654 4610 687 4675 id
714 4632 793 4676 vero
819 4632 895 4678 cum
922 4613 1049 4676 ratione
1079 4633 1123 4695 pu
1148 4618 1212 4676 nat.
1267 4614 1365 4692 dalis,
1395 4615 1422 4679 si
1449 4615 1570 4698 placet,
1601 4615 1666 4680 alia
1694 4637 1847 4683 vocemus
1868 4612 2062 4695 intrinseca,
2091 4638 2177 4700 quae
2207 4640 2250 4685 ex

236 4694 398 4772 Proinde,
416 4697 472 4778 qni
493 4694 589 4761 hodie
612 4695 765 4761 scandala
773 4697 809 4761 in
821 4717 920 4763 causa
932 4718 1003 4763 esse
1020 4633 1213 4775 obtendunt,
1265 4701 1337 4784 ipso
1355 4701 1535 4784 evangelio,
1559 4701 1675 4766 saltem
1686 4702 1860 4767 hominum
1870 4701 2031 4786 opinione,
2055 4709 2249 4769 nascuntur.

237 4802 297 4848 our
331 4801 435 4864 purae
467 4780 630 4865 evangelii
662 4781 843 4859 doctrinae,
882 4804 980 4869 quam
1012 4785 1214 4866 profitemur,
1267 4786 1345 4851 Alia
1372 4787 1504 4851 tametsi
1531 4787 1663 4852 aliunde
1697 4790 1909 4872 proveniant,
1944 4794 2104 4871 perpetuo
2135 4797 2251 4856 tamen

238 4888 359 4932 nomen
382 4866 460 4931 dare
481 4875 645 4946 metuant,
673 4868 739 4932 imo
767 4868 925 4934 horreant
954 4868 996 4934 ad
1023 4890 1097 4934 eam
1124 4889 1215 4934 acce·
1267 4873 1335 4938 fere
1358 4881 1437 4938 sunt
1458 4894 1597 4938 annexa
1647 4873 1726 4939 Alia
1748 4882 1859 4938 autem
1881 4872 2077 4953 adventitia,
2100 4895 2187 4960 quae
2207 4898 2251 4943 ex
2315 4899 2320 4909 ·

239 4952 333 5032 dere,
367 4953 428 5020 hos
461 4974 576 5018 omnes
603 4954 745 5019 monitos
778 4975 848 5020 esse
870 4955 972 5020 velim
1003 4976 1045 5019 ne
1067 4953 1130 5020 sibi
1157 4975 1215 5036 pro

239 5037 373 5103 Christo
416 5038 542 5103 idolum
590 5040 887 5106 comminiscantur.
961 5041 1085 5105 Fixum
1128 5041 1216 5104 enim

240 5121 322 5186 illud
354 5144 488 5190 manere
521 5134 665 5208 oportet:
704 5126 733 5191 si
766 5126 921 5194 scandala
953 5128 1063 5191 omnia
1101 5127 1216 5225 fugere
1267 5094 1532 5231 mentllpgeilffisffiff
1549 5095 1957 5234 ffigitvrlgsscffiisstffuslieffclu
1975 5096 2081 5163 ¹¹¹⁰¹¹d02
2107 5097 2134 5151 ¹0
2152 5097 2250 5154 f⁰¹1d⁶⁴
2295 5145 2302 5154 -

241 5205 397 5287 velimus,
433 5209 605 5277 Christum
633 5211 735 5278 semel
768 5212 1000 5300 abnegandum
1029 5232 1115 5279 esse:
1150 5233 1215 5294 qur,
1337 5230 1368 5298 2)
1387 5231 1423 5286 ilz
1442 5233 1541 5287 sinent
1560 5233 1587 5286 la
1605 5234 1678 5300 pain
