4786 5910
212 290 275 353 355
1016 277 1081 344 DE
1103 278 1327 344 AETERNA
1347 277 1432 343 DEI
2156 275 2219 337 356

278 477 376 541 osoet
418 471 494 537 Hac
516 469 631 535 eadem
651 468 871 552 promissione
891 466 1008 545 fretus,
1040 465 1193 533 alacriter
1243 466 1337 530 Deus
1365 465 1540 530 hominum
1568 487 1695 544 manus,
1729 487 1816 532 nunc
1839 467 1958 550 ligatas
1980 475 2101 547 teneat,
2133 487 2225 533 nunc

210 496 371 643 ¹ddnopus
396 577 433 622 sc
460 555 642 639 accinget,¹
692 555 768 637 quia
806 572 985 635 persuasus
1018 552 1090 630 crit,
1124 573 1192 615 non
1238 553 1356 617 flectat
1376 550 1443 616 huo
1464 559 1499 615 et
1520 551 1597 616 illuc
1619 549 1661 614 ad
1682 551 1927 633 exsequendum
1945 557 2020 632 [pag.
2042 560 2115 635 181]
2136 552 2224 636 quod

210 646 380 710 fortuitam
413 661 448 706 se
481 661 615 724 operam
642 641 679 704 iu
701 660 776 704 aere
798 639 919 705 iacere:
953 658 1036 721 quae
1069 638 1105 701 in
1127 636 1193 702 Dei
1244 638 1376 714 statuit,
1410 637 1596 719 quicunque
1625 636 1835 703 mediocriter
1856 639 1892 702 in
1913 641 2076 721 scriptura
2097 641 2224 707 exerci-

210 731 349 796 verbum
370 726 575 802 recumbens,
598 746 717 791 arcano
736 725 806 790 eius
826 724 961 790 consilio
979 724 1012 788 in
1030 723 1191 805 optimum
1245 723 1305 786 tati
1339 729 1427 801 suut,
1468 743 1534 786 non
1567 721 1730 788 vocabunt
1761 723 1797 788 in
1827 726 2094 789 controversiam.
2149 725 2224 790 Imo

209 817 311 881 finem
344 813 514 897 dirigetur.
569 810 732 894 Denique,
772 811 859 876 siout
890 807 1097 892 providentia
1127 806 1192 872 Dei
1244 807 1410 874 communi
1431 807 1500 872 fere
1532 809 1679 872 omnium
1712 829 1812 873 sensu
1843 818 2012 892 receptum
2034 818 2094 889 est,
2127 810 2223 894 quid·

210 902 275 966 rite
296 919 442 983 expensa
462 918 581 963 manus
602 906 733 963 nostras
761 917 828 960 non
855 895 983 979 ligat,²)
1018 895 1065 959 ita
1100 894 1192 958 iuvo·
1245 892 1323 976 quid
1342 893 1521 957 moliantur
1539 892 1699 973 homines,
1717 901 1873 959 eventum
1891 895 1926 959 in
1945 916 2045 960 manu
2056 897 2121 961 Dei
2142 917 2224 963 esse.

210 987 376 1054 ostionem
396 982 477 1048 adeo
499 1005 566 1047 non
588 981 735 1065 impedit,
763 989 802 1045 ut
824 982 932 1063 potius
954 981 1107 1045 stabiliat.
1154 975 1192 1043 si
1245 977 1312 1043 Sed
1336 979 1414 1061 quia
1444 979 1480 1042 in
1508 986 1576 1043 tam
1598 979 1700 1044 densa
1732 979 1896 1045 humanae
1929 981 2049 1046 mentis
2080 981 2223 1066 caligine

209 1071 291 1155 quid
320 1072 387 1135 iam
416 1068 582 1147 acciderit,
616 1067 716 1133 simili
748 1067 781 1131 in
814 1074 944 1150 tempus
976 1065 1192 1149 praeteritum
1244 1084 1402 1146 perquam
1423 1065 1532 1129 tenuis
1565 1072 1598 1128 ct
1625 1065 1693 1128 fero
1724 1065 1865 1130 evanida
1896 1072 1948 1131 est
1979 1067 2036 1131 illa
2069 1069 2222 1151 cognitio,

210 1157 390 1223 sobrietate
412 1154 534 1220 iudicia
556 1162 669 1218 nostra
691 1152 867 1234 temperari
889 1151 1052 1217 convenit.
1091 1148 1194 1214 Nulla
1244 1149 1409 1231 scriptura
1441 1149 1592 1214 altiorem
1620 1149 1714 1215 nohis
1736 1151 1903 1233 speculam
1926 1150 2083 1230 acdificat,
2117 1173 2224 1236 equa

210 1242 253 1308 ad
275 1241 472 1326 patientiam
493 1241 601 1322 aptior
621 1237 818 1317 exhortatio,
852 1258 951 1319 quam
985 1236 1065 1300 dum
1098 1233 1192 1300 audi·
1243 1235 1356 1299 Deum
1387 1235 1647 1318 contemplemur
1678 1237 1789 1301 omnia
1826 1237 1999 1302 homiuum
2040 1259 2140 1321 opera
2175 1239 2224 1303 sic

209 1349 294 1404 mus,
326 1325 412 1392 nihil
444 1326 577 1390 fortuito
611 1324 797 1408 contigisse,
842 1322 899 1388 sed
931 1320 1017 1405 quod
1048 1319 1193 1385 Domino
1244 1319 1480 1399 moderantem,
1503 1321 1598 1384 utin
1620 1321 1720 1385 finem
1747 1342 1823 1386 ase
1846 1322 2049 1387 destinatum
2071 1323 2221 1406 applicet

209 1414 321 1479 visum
341 1419 400 1490 est,
433 1411 536 1475 fuisse
563 1409 747 1492 impletum.
792 1409 925 1472 Interea
946 1428 1013 1471 non
1036 1407 1192 1489 sequitur,
1331 1403 1472 1471 Summa
1489 1415 1597 1472 autem
1616 1405 1682 1472 huc
1699 1405 1798 1471 redit:
1823 1407 1984 1488 Quamvis
2002 1408 2163 1488 homines,
2185 1419 2224 1475 ut

209 1498 290 1581 quin
313 1517 425 1562 rerum
447 1494 662 1561 adversarum
689 1493 817 1577 culpam
839 1493 893 1558 vel
914 1492 1049 1577 ignavia
1069 1499 1193 1570 nostra,
1243 1490 1422 1556 indomitae
1454 1492 1579 1557 bestiae
1610 1492 1775 1574 nullisque
1797 1495 1939 1558 vinculis
1960 1496 2128 1573 coercitae,
2155 1495 2223 1562 las·

209 1583 263 1649 vel
299 1582 479 1659 temeritas,
515 1581 569 1646 vel
599 1581 825 1664 incogitantia,
865 1578 920 1644 vel
951 1576 1042 1642 aliud
1074 1577 1192 1642 vitium
1245 1577 1384 1642 civiant:
1407 1598 1528 1643 arcano
1550 1584 1661 1642 tamen
1683 1578 1795 1643 fraeno
1813 1579 2000 1663 gubernari,
2024 1590 2062 1645 ut
2078 1602 2121 1645 nc
2138 1579 2223 1666 digi-

208 1668 328 1732 merito
350 1668 519 1734 sustineat.
560 1664 658 1747 Quod
681 1665 710 1729 si
732 1663 772 1730 de
794 1664 902 1730 causis
925 1670 1106 1729 eventuum
1123 1683 1193 1726 non
1244 1670 1317 1726 tum
1338 1662 1470 1745 quidem
1491 1683 1624 1730 movere
1646 1675 1776 1745 queant,
1809 1665 1874 1730 nisi
1907 1663 1949 1730 ad
1974 1666 2223 1748 exsequendum

209 1752 342 1836 liqueat,
372 1760 410 1816 ut
443 1772 542 1833 saepe
575 1749 730 1816 videntur
761 1769 845 1833 quae
878 1749 1030 1814 accidunt
1061 1756 1193 1832 practer
1244 1748 1308 1811 Dei
1341 1749 1448 1832 magis
1480 1770 1577 1831 quam
1610 1770 1708 1814 suum
1740 1769 1830 1831 opus.
1885 1750 1973 1814 Nam
2005 1750 2127 1831 fideles,
2164 1753 2223 1835 qui

207 1840 371 1903 rationem
392 1837 554 1903 accidere:
588 1843 701 1901 tamen
735 1856 778 1900 nc
810 1836 857 1900 sic
886 1835 1018 1918 quidem
1041 1833 1193 1898 desinent
1244 1840 1464 1915 spontaneum
1498 1833 1546 1898 illi
1580 1834 1773 1917 obsequium
1800 1835 2005 1918 impendunt,
2037 1859 2104 1901 uon
2126 1859 2223 1903 secus

207 1924 282 2008 piae
303 1930 441 2002 mentes,
474 1930 508 1987 et
541 1922 723 2005 sapientiae
753 1928 786 1985 et
813 1921 958 1986 iustitiae
977 1918 1110 1985 laudem
1132 1920 1191 1983 tri·
1244 1929 1341 2001 atque
1363 1919 1483 2003 angeli,
1505 1941 1624 1984 manus
1646 1921 1716 1984 eius
1738 1921 1895 1987 censendi
1917 1928 2003 1986 sunt
2032 1920 2143 2002 Quare
2166 1945 2222 1988 eos

208 2009 309 2074 buerc
332 2009 415 2074 Deo.
1243 2004 1448 2085 potissimum
1466 2005 1520 2069 hic
1537 2026 1765 2083 commemoro,
1785 2007 1903 2089 quibus
1922 2006 2006 2071 nihil
2015 2010 2127 2073 minus
2145 2029 2223 2090 pro·

293 2095 431 2173 Verum,
471 2094 529 2158 ubi
568 2093 798 2157 interveniunt
833 2090 1005 2155 hominum
1047 2088 1190 2168 consilia,
1242 2088 1386 2170 positum
1415 2096 1474 2168 est,
1508 2111 1605 2173 quam
1640 2090 1759 2156 habere
1792 2091 1970 2175 quidquam
2002 2092 2055 2160 vel
2086 2094 2222 2159 consilio

205 2179 403 2257 voluntates,
439 2176 558 2256 studia,
594 2185 741 2256 conatus,
768 2176 843 2259 plus
865 2175 899 2239 in
920 2197 959 2241 eo
980 2182 1030 2241 cst
1052 2173 1190 2241 difficul·
1242 2172 1306 2238 Dei
1329 2176 1439 2254 affine,
1473 2175 1526 2242 vel
1557 2188 1815 2241 consentaneum
1847 2179 1918 2243 eius
1951 2177 2124 2243 voluntati.
2170 2180 2222 2244 Ac

204 2266 293 2344 tatis,
316 2262 477 2347 quomodo
499 2263 567 2328 illic
589 2283 717 2347 quoquc
740 2269 857 2347 regnet
877 2261 944 2326 Dei
965 2260 1188 2344 providentia:
1241 2258 1303 2324 sibi
1325 2261 1467 2344 quidem,
1488 2261 1581 2344 quasi
1603 2268 1753 2327 votorum
1776 2271 1951 2346 compotes,
1973 2263 2135 2346 plaudunt
2156 2266 2223 2329 im·

204 2371 273 2416 non
294 2349 392 2415 modo
414 2370 457 2415 ne
480 2348 560 2432 quid
582 2357 719 2432 geratur
751 2348 814 2412 nisi
845 2369 887 2412 ex
914 2347 986 2411 eius
1005 2355 1099 2424 nutu,
1131 2344 1189 2411 sed
1240 2346 1295 2431 pii.
1311 2346 1336 2429 ¹)
1381 2345 1449 2413 Sed
1471 2368 1524 2412 res
1544 2347 1677 2411 tandem
1707 2349 1904 2431 comprobat,
1934 2370 1994 2430 per
2015 2351 2114 2433 ipsos,
2142 2350 2223 2415 licet

205 2437 306 2501 etiam
338 2457 381 2500 ue
415 2433 495 2517 quid
527 2432 739 2499 deliberando
766 2433 893 2516 agitent
924 2432 1085 2511 homines,
1124 2432 1189 2496 nisi
1240 2432 1362 2497 inscios
1380 2453 1417 2498 ac
1435 2433 1595 2510 nolentes,
1614 2430 1702 2515 quod
1720 2431 1879 2499 divinitus
1896 2435 2084 2501 ordinatum
2102 2436 2221 2513 luerat,

204 2519 293 2605 quod
315 2522 385 2603 ipso
407 2521 557 2602 inspirat.
603 2519 684 2584 Edit
714 2518 845 2602 quidem
880 2523 954 2597 [pag.
983 2522 1057 2596 180]
1089 2518 1124 2582 in
1149 2536 1188 2581 eo
1241 2539 1312 2583 csse
1334 2517 1515 2601 impletum.
1560 2518 1666 2583 Porro
1688 2517 1781 2585 Deus
1807 2521 1879 2602 ipse
1908 2542 1998 2586 nuuc
2024 2521 2143 2603 impiis,
2177 2520 2223 2586 ad

204 2604 349 2689 quotidie
388 2605 559 2687 praeclara
598 2626 677 2669 suae
716 2604 943 2687 providentiae
982 2602 1187 2677 documenta,
1240 2604 1408 2685 punienda
1431 2603 1601 2668 hominum
1623 2610 1764 2686 peccata,
1799 2611 1955 2688 tanquam
1988 2606 2126 2689 flagellis
2152 2605 2221 2670 uti-

227 2711 307 2755 num
330 2690 442 2755 stultis
464 2690 637 2754 hominum
659 2690 805 2755 consiliis
826 2690 941 2754 fraena
962 2687 1089 2767 laxans,
1121 2689 1188 2752 imo
1241 2698 1308 2752 tur:
1339 2710 1438 2768 nuno,
1462 2691 1554 2772 quasi
1578 2687 1704 2754 obtorto
1726 2689 1810 2756 collo
1833 2712 1887 2757 eos
1909 2690 2065 2769 traheret,
2094 2692 2221 2757 benefi-

204 2712 417 2843 dissimulans
438 2774 480 2840 ad
499 2796 610 2843 eorum
629 2782 816 2859 apparatus,
839 2781 961 2841 eventu
979 2772 1114 2837 tandem
1132 2789 1188 2837 eos
1240 2773 1368 2839 centias
1391 2795 1470 2839 suae
1491 2774 1661 2840 ministros
1684 2780 1756 2853 [pag.
1779 2780 1852 2855 182]
1876 2797 1947 2842 esse
1969 2777 2064 2861 cogit.
2092 2777 2222 2843 Prioris

205 2863 396 2927 frustratur.
442 2859 510 2926 Sed
531 2862 565 2925 in
588 2861 654 2927 alio
700 2882 798 2926 encre
825 2866 995 2943 potentem
1023 2858 1096 2924 eius
1118 2879 1187 2923 ma·
1239 2859 1378 2924 membri
1411 2859 1563 2943 exempla
1598 2859 1761 2945 colligere,
1801 2862 1952 2928 immensi
1984 2862 2093 2945 operis
2125 2863 2220 2927 foret

203 2967 285 3012 num
308 2954 342 3011 et
363 2945 620 3012 dominationem
643 2883 788 3013 celebrat
810 2946 983 3027 scriptura,
1006 2965 1107 3027 quum
1124 2945 1187 3009 im·
1238 2946 1352 3011 Pauca
1368 2953 1500 3011 tantum
1516 2945 1678 3028 attingere
1694 2947 1903 3028 praestiterit.
1926 2948 2108 3032 Postquam
2124 2948 2221 3013 Deus

203 3033 275 3116 pios
293 3032 443 3111 infatuat,
461 3054 563 3115 quum
580 3032 744 3116 vertigine
761 3033 912 3114 percutit,
931 3051 1034 3114 quum
1052 3030 1186 3095 demen-
1237 3031 1414 3115 Assyrium
1436 3030 1478 3096 ad
1499 3029 1689 3096 bellandum
1710 3032 1853 3098 incitans
1875 3035 2004 3117 virgam
2024 3035 2144 3100 fluoris
2166 3033 2221 3098 sui

202 3124 254 3183 tat
274 3124 309 3182 et
331 3118 548 3201 obstupefacit
569 3137 640 3182 eos:
663 3117 816 3182 similiter
833 3137 936 3200 quum
953 3136 1067 3180 eorum
1087 3114 1187 3181 corda
1238 3118 1372 3182 vocavit
1382 3117 1481 3202 (lesa.
1497 3122 1545 3196 10,
1558 3117 1603 3201 5),
1625 3138 1683 3183 nec
1706 3119 1770 3184 alio
1791 3141 1890 3203 quam
1913 3120 1982 3185 irae
2003 3140 2083 3186 suae
2103 3118 2221 3185 haculo

203 3203 404 3282 effoeminat,
437 3210 470 3267 et
491 3223 614 3287 pavore
636 3203 752 3286 replet,
786 3209 826 3267 ut
859 3201 901 3267 ad
934 3200 1006 3266 folii
1038 3200 1186 3267 cadentis
1239 3211 1403 3270 armatum
1425 3223 1497 3269 esse
1519 3202 1643 3270 docuit:
1671 3211 1786 3287 postes
1803 3205 1839 3269 in
1862 3206 1932 3271 eius
1954 3205 2142 3289 superbiam
2163 3205 2218 3268 in-

202 3290 379 3372 strepitum
402 3287 586 3355 concidant
631 3289 758 3354 Parum
781 3308 860 3373 ergo
887 3286 1092 3353 considerate
1128 3288 1185 3353 Pi·
1237 3289 1384 3355 vehitur:
1407 3289 1494 3373 quod
1515 3311 1550 3356 se
1569 3311 1637 3355 non
1658 3297 1851 3375 agnosceret
1871 3292 1976 3357 veluti
2002 3291 2143 3358 securhn
2163 3289 2221 3357 vel

201 3374 310 3460 ghins,
341 3372 420 3439 dum
450 3374 485 3439 in
512 3374 594 3440 istas
622 3375 793 3458 angustias
814 3372 979 3441 concludit
999 3373 1120 3454 Deum,
1148 3381 1186 3437 ut
1237 3395 1361 3442 serram
1380 3374 1512 3441 aliunde
1529 3377 1697 3459 agitatam.
1725 3375 1799 3443 Hac
1820 3377 1948 3442 ratione
1970 3384 2005 3443 et
2025 3377 2220 3444 sanctificati

201 3467 360 3543 tanquam
378 3460 430 3525 vir
452 3459 607 3542 prudens,
619 3460 648 3542 8)
671 3466 705 3524 et
726 3458 795 3525 dux
812 3461 862 3526 rei
880 3459 1033 3524 militaris
1050 3460 1184 3542 peritus,
1237 3462 1350 3540 aDeo,
1369 3468 1404 3526 et
1420 3460 1612 3527 conductitii
1628 3462 1700 3529 eius
1717 3461 1840 3527 milites
1857 3462 2021 3542 dicuntur,
2039 3470 2219 3546 etoperam

201 3546 347 3612 hostium
370 3566 505 3611 suorum
527 3545 662 3611 consilia
683 3546 888 3628 praevidens,
921 3546 955 3611 in
985 3545 1185 3611 contrarium
1237 3547 1433 3625 illiuavare,
1451 3569 1532 3631 quos
1549 3547 1683 3615 ambitio
1696 3548 1819 3631 alioqui
1837 3569 1906 3626 sua,
1925 3556 1959 3614 et
1977 3548 2165 3630 crudelitas,
2184 3556 2218 3615 et

201 3631 410 3715 tempestivis
464 3629 620 3697 remediis
662 3639 780 3698 vertat.
855 3630 960 3712 Quasi
998 3651 1078 3696 vero
1116 3652 1185 3696 uon
1238 3632 1377 3699 avaritia
1405 3632 1560 3715 impellit:
1601 3642 1636 3699 et
1660 3633 1826 3700 Dominus
1858 3634 2005 3702 vicissim
2040 3634 2134 3700 sibilo
2163 3634 2219 3701 vel

201 3723 382 3799 utrumque
415 3714 537 3783 diserte
568 3717 788 3801 exprimatur:
828 3715 926 3797 Quod
959 3714 1187 3800 deprehendat
1238 3718 1372 3785 classico
1400 3739 1435 3783 se
1462 3739 1518 3784 eos
1543 3719 1585 3785 ad
1614 3740 1706 3784 arma
1727 3740 1845 3806 vocare
1872 3726 2022 3785 testatur.
2074 3721 2218 3788 Divinae

202 3802 370 3884 sapientes
390 3802 425 3866 in
448 3803 573 3868 astutia
592 3823 667 3868 sua:
702 3810 736 3868 et
762 3803 891 3868 auferat
918 3802 1072 3884 spiritum
1093 3802 1186 3885 prin·
1237 3805 1471 3870 beneficentiae
1492 3805 1581 3871 viam
1614 3806 1725 3889 parari
1751 3804 1924 3870 hominum
1951 3805 2130 3887 maleficiis,
2163 3806 2219 3873 vel

202 3889 327 3972 cipum,
350 3906 389 3953 ac
413 3909 526 3953 corum
547 3885 760 3971 prudentiam
783 3907 978 3953 evanescere
994 3887 1095 3953 faciat
1112 3887 1186 3971 (Iob
1237 3910 1327 3954 unus
1348 3890 1406 3954 Mo
1431 3890 1476 3955 sis
1508 3889 1600 3957 locus
1631 3892 1711 3956 setis
1744 3891 1831 3956 clare
1864 3889 2077 3957 demonstrat.
2132 3891 2217 3959 Plus

202 3978 232 4052 5,
257 3976 314 4050 13;
336 3972 460 4037 Psalm.
482 3978 533 4050 76,
560 3975 624 4056 13).
670 3973 780 4039 Nimis
802 3994 914 4038 crassa
935 3973 1035 4037 etiam
1057 3973 1188 4038 inscitia
1238 3995 1336 4059 quam
1353 3913 1522 4053 scelerata,
1543 3975 1668 4059 perfida
1686 3982 1720 4040 et
1736 3975 1879 4042 crudelis
1896 3976 2003 4041 fuerat
2019 3979 2217 4061 conspiratio

200 4066 261 4137 est,
286 4057 365 4124 dum
387 4077 429 4122 ne
472 4057 571 4122 tDei
593 4057 767 4124 voluntate
788 4059 882 4136 mori,
905 4058 962 4140 qui
978 4057 1128 4124 consulto
1145 4057 1187 4123 ab
1237 4062 1379 4127 fratrum
1405 4059 1536 4143 Ioseph,
1570 4083 1673 4145 quum
1706 4083 1782 4127 eum
1803 4061 1993 4128 venderent.
2037 4063 2068 4128 A
2107 4063 2151 4142 ui,
2180 4065 2217 4129 in

201 4145 335 4210 homine
352 4144 420 4210 occi
446 4144 527 4208 'urz
546 4144 623 4226 quia
641 4144 699 4209 ubi
717 4144 892 4210 intercedit
909 4144 1052 4209 hominis
1069 4143 1187 4209 volun·
1238 4149 1349 4212 Deum
1381 4147 1594 4227 transscribit,
1628 4146 1686 4213 sed
1719 4148 1784 4213 alio
1816 4156 1978 4232 respectu,
2017 4169 2083 4214 ven
2108 4149 2218 4216 ‘tionis

199 4238 261 4308 tas,
284 4230 378 4295 Deus
400 4249 499 4313 agere
518 4250 585 4294 non
607 4228 743 4295 dicatur.
751 4233 780 4309 ⁴)
825 4228 915 4310 Quid
935 4249 1013 4312 ergo
1034 4230 1187 4296 innume-
1238 4232 1339 4298 huius
1361 4253 1507 4299 causam:
1530 4233 1604 4298 Non
1627 4254 1686 4298 vos
1708 4234 1797 4312 estis,
1819 4233 1877 4298 sed
1898 4233 2063 4300 Dominus
2085 4235 2141 4317 qui
2163 4256 2218 4301 ms

200 4317 248 4381 ris
270 4317 454 4398 scripturas
486 4315 683 4382 testimoniis
715 4317 783 4395 fiet,
815 4336 900 4400 quse
921 4314 1048 4400 gladios
1070 4315 1187 4397 impio·
1238 4317 1417 4403 praemisit,
1449 4325 1488 4384 ut
1519 4340 1579 4385 vos
1611 4319 1733 4384 alerem
1766 4317 1866 4398 (Gen.
1890 4323 1942 4397 45,
1971 4323 2013 4396 5).
2076 4319 2218 4386 Constat

203 4421 280 4466 rum
302 4401 367 4466 Dei
388 4420 492 4465 manu
513 4404 585 4485 regi
606 4401 795 4467 testantur?
840 4402 896 4467 An
919 4402 992 4467 sine
1013 4401 1187 4466 hominum
1238 4425 1325 4488 ergo,
1349 4424 1452 4487 quum
1474 4405 1573 4488 impie
1595 4413 1740 4489 agerent,
1761 4425 1820 4487 per
1842 4424 1898 4470 eos
1915 4413 2026 4470 tamen
2043 4413 2219 4490 operatum

201 4485 339 4552 oonsilio
360 4485 458 4552 occisi
481 4495 561 4551 sunt
581 4486 643 4551 filii
664 4486 766 4553 Heli?
790 4486 835 4569 (1.
859 4486 949 4553 Sam.
973 4492 1004 4566 4,
1030 4491 1094 4565 ll).
1123 4489 1186 4552 At-
1238 4512 1310 4556 esse
1329 4490 1450 4568 Deum,
1482 4498 1521 4555 ut
1541 4490 1645 4557 vitam
1672 4491 1709 4554 in
1730 4497 1837 4556 morte
1857 4489 2056 4556 invenirent.
2101 4490 2217 4573 Quan-

202 4572 269 4656 qui,
306 4569 504 4638 adscribitur
535 4571 690 4657 elogium,
725 4572 814 4657 quod
845 4573 990 4640 voluerit
1021 4572 1186 4639 Dominus
1237 4584 1310 4641 tum
1336 4576 1372 4639 iu
1405 4576 1484 4658 ipsis
1505 4585 1585 4655 erat,
1618 4574 1806 4640 occiderant
1835 4575 1980 4641 fratrem.
2035 4575 2120 4642 Inde
2150 4577 2218 4644 illis

202 4657 350 4726 occidere
372 4657 471 4742 ipsos.
515 4657 704 4738 Caeterum,
733 4661 812 4742 quin
840 4668 1000 4744 perpetuo
1025 4660 1188 4744 gubernet
1238 4662 1310 4728 vita
1330 4659 1477 4745 affulget.
1521 4660 1616 4725 Idem
1643 4660 1680 4724 in
1702 4661 1863 4728 scelerum
1891 4662 2040 4727 omnium
2065 4664 2217 4747 principe

1239 4754 1273 4812 ct
1302 4746 1480 4829 impiorum
1511 4747 1616 4829 capite
1649 4744 1776 4813 Satans
1806 4748 1992 4830 perspicere
2024 4755 2082 4815 est
2126 4749 2219 4814 Eum

1239 4834 1332 4900 Deus
1354 4831 1397 4897 ad
1420 4831 1647 4915 decipiendum
1668 4831 1786 4898 Achab
1807 4852 1883 4897 cum
1909 4833 1971 4899 hoc
1991 4833 2145 4900 mandato
2168 4834 2218 4899 di·

273 4912 302 4978 1)
321 4921 419 4969 mettre
437 4915 479 4969 les
495 4915 583 4969 mains
601 4918 618 4970 a
637 4915 665 4969 la
682 4922 770 4984 peste,
789 4932 892 4971 comme
909 4915 963 4972 l’ou
982 4915 1029 4971 dit.

272 4980 303 5048 2)
322 4998 393 5051 pour
410 4999 480 5037 nous
497 4983 596 5038 rendre
616 4983 695 5039 oisifs
713 4999 749 5038 ou
766 5000 925 5053 paresseux·

272 5049 303 5114 3)
322 5049 397 5105 Aac.
419 5053 464 5120 qni
486 5058 554 5120 peut
575 5052 690 5107 taucher
710 5051 815 5107 l'herbe
839 5068 904 5107 sous
928 5052 969 5107 les
987 5051 1065 5120 pieds
1083 5052 1116 5108 ds
1135 5069 1185 5108 son

204 5119 318 5175 maeuii.
1309 5122 1338 5187 1)
1357 5121 1432 5177 Add.
1450 5139 1553 5178 comme
1572 5121 1627 5178 s'ils
1646 5124 1757 5179 avoieut
1773 5124 1870 5178 vaincu
1881 5123 1949 5178 Dieu
1967 5129 1996 5178 st
2012 5123 2092 5192 qu’ils
2109 5123 2218 5180 mouent

273 5182 303 5252 4)
321 5185 381 5241 Inh
399 5184 418 5240 8
434 5202 496 5256 cap.
511 5186 537 5241 3.
564 5186 643 5244 Besa
662 5188 830 5244 mesdavit.-
846 5187 988 5245 iudicatur.
1238 5190 1365 5247 maistres
1383 5192 1416 5247 de
1435 5197 1503 5247 tout
