4762 5918
147 406 151 410 ,
219 348 260 412 ec
417 367 420 374 ·
481 299 482 303 ‘
1041 339 1106 407 nu
1136 333 1412 406 somnitus
1626 396 1628 400 .
2191 340 2236 404 ιο

221 515 397 593 electione,
424 518 602 596 antequam
622 517 852 590 nascerentur,
880 509 1085 576 adsalutem
1106 528 1202 592 prae-
1254 508 1398 573 tionibus
1437 507 1627 593 compellet,
1667 506 1772 587 nullo,
1812 514 1852 573 ut
1889 506 2038 587 videtur,
2076 510 2234 592 profectu.

221 600 363 667 ordinati
394 599 540 664 fuerant:
580 596 662 662 alios
694 596 792 663 sicuti
824 604 904 679 sunt
935 601 1070 661 aeterno
1101 595 1203 660 exitio
1253 577 1382 658 Velum
1409 613 1512 675 quum
1536 594 1624 676 ipsos
1644 594 1884 663 inexcusabiles
1906 592 1968 659 hcc
1988 593 2085 659 modo
2107 594 2235 676 reddet,

221 685 394 762 destinati,
422 684 459 748 in
480 682 552 749 sule
572 682 716 765 peccatis
738 701 883 746 manere.
926 680 1026 748 Ultra
1048 700 1108 763 pro
1150 679 1202 745 edi
1254 678 1308 744 hio
1341 697 1471 761 quoque
1504 678 1663 744 nonnulla
1696 678 1862 743 doctrinae
1887 680 1938 744 vis
1968 687 2111 763 apparet
2157 681 2237 747 Non

221 775 296 850 [pag.
317 773 373 848 47]
401 769 501 835 etiam
530 766 560 833 si
586 767 646 833 faa
664 773 765 846 essct,
792 786 860 831 non
887 772 999 833 tarum
1022 786 1106 848 expe
1128 765 1201 830 iret.
1255 762 1524 830 animadvertunt
1551 764 1647 830 stulti
1673 763 1839 842 homines,
1868 784 1964 848 quam
1987 764 2126 848 pulchro
2148 767 2237 833 inter

219 856 319 921 Nunc
351 874 446 933 vero,
480 874 585 936 quum
616 873 683 918 non
716 852 826 916 minus
857 850 1000 934 impium
1031 852 1075 915 sit
1103 871 1202 933 quam
1254 868 1290 915 ee
1311 847 1425 913 ordina
1447 850 1655 914 consentiant
1665 850 1729 915 Dei
1750 869 1858 934 opere.
1892 849 1982 914 Hinc
2003 851 2042 915 fit
2059 858 2096 915 ut
2114 850 2237 918 doctri·

220 940 375 1019 noxium,
409 937 604 1017 undenos,
638 944 794 1020 tanquam
821 937 942 1001 iniecta
962 956 1080 1014 manu,
1113 942 1204 1002 arcet
1253 953 1340 1011 nam,
1362 954 1446 1015 quae
1462 933 1548 999 nihil
1563 931 1653 1000 aliud
1671 944 1722 1000 est
1737 955 1836 1017 quam
1854 941 2008 1001 aeternae
2024 935 2095 1001 eius
2114 937 2237 1003 volun-

219 1026 400 1104 Dominus,
422 1043 654 1109 perrumpere,
675 1022 774 1088 officii
794 1023 899 1088 nostri
918 1035 1004 1100 erat,
1025 1020 1112 1103 quod
1133 1022 1203 1086 Do-
1255 1020 1333 1085 tatis
1353 1019 1520 1098 ministre,
1544 1041 1617 1085 cum
1640 1020 1811 1087 voluntate
1831 1021 1904 1103 ipsa
1925 1029 2048 1087 temere
2069 1022 2105 1084 in
2127 1032 2236 1088 certa-

219 1111 333 1176 minus
361 1108 476 1187 tradit,
509 1117 703 1174 reverenter
724 1129 776 1173 am
801 1107 890 1185 lecti,
922 1114 956 1172 et
975 1128 1013 1173 eo
1035 1113 1203 1172 contentos
1254 1125 1332 1170 men
1349 1104 1563 1171 committant.
1603 1105 1748 1171 Proinde
1765 1104 1937 1184 discamus,
1959 1127 2026 1171 non
2046 1107 2237 1174 hominibus

221 1198 262 1262 ab
294 1195 386 1261 omni
419 1194 484 1260 elia
515 1193 727 1278 inquisitione
762 1213 782 1257 a
821 1192 935 1257 tinere.
991 1190 1082 1257 Vera
1113 1192 1202 1257 enim
1254 1189 1328 1255 ideo
1353 1189 1443 1272 loqui
1470 1191 1598 1270 Deum,
1631 1199 1671 1255 nt
1697 1211 1780 1273 quae
1806 1190 1893 1274 apud
1920 1212 1955 1256 se
1982 1191 2060 1256 olim
2089 1191 2237 1259 decrevit

221 1280 370 1364 sapiendi
387 1279 505 1364 regule
521 1279 556 1344 in
574 1278 637 1345 hac
653 1286 749 1361 perte
766 1277 843 1343 telis
860 1284 911 1343 eat
928 1274 1096 1355 sobrietas,
1118 1297 1203 1359 quac
1255 1275 1410 1353 revellet,
1444 1282 1503 1340 aut
1524 1277 1623 1340 etiam
1643 1277 1802 1359 corrigat:
1827 1275 1886 1340 sed
1906 1278 2015 1360 potius
2048 1285 2086 1342 ut
2112 1278 2236 1343 effectu

220 1365 306 1431 nihil
332 1364 476 1448 amplius
505 1364 590 1431 seire
618 1368 766 1447 appetat,
794 1383 893 1447 quam
920 1363 1007 1445 quod
1031 1363 1203 1445 scripturis
1254 1363 1327 1445 ipso
1349 1361 1550 1443 comprobet,
1573 1382 1673 1444 quem
1695 1362 1793 1425 firme
1813 1361 1882 1427 sint
1902 1367 1937 1426 et
1956 1362 2094 1428 stabilia.
2139 1362 2236 1444 Quos

210 1458 274 1518 ,est
303 1450 497 1517 revelatum.
551 1448 646 1514 Nihil
677 1456 765 1515 certe
796 1447 1024 1514 absconditum
1057 1469 1077 1512 a
1109 1447 1204 1514 nobis
1255 1446 1296 1511 ab
1317 1446 1411 1510 initio
1438 1445 1540 1511 semel
1569 1447 1681 1530 elegit,
1709 1447 1782 1512 fieri
1802 1447 1917 1529 nequit
1938 1454 1975 1512 ut
1995 1455 2146 1530 pereant:
2174 1449 2236 1514 sed

221 1537 315 1603 Deus
347 1557 419 1602 esse
448 1534 568 1613 voluit,
602 1535 666 1599 nisi
695 1534 788 1600 ouius
817 1539 875 1598 eut
902 1553 1104 1616 supervacua
1132 1540 1205 1598 erat
1277 1532 1333 1596 uie
1364 1532 1472 1614 perire
1502 1533 1592 1614 ipsos
1624 1552 1689 1597 non
1721 1532 1809 1610 vult,
1840 1531 1877 1596 in
1904 1531 2003 1597 fidem
2029 1533 2236 1617 tutelamque

222 1621 379 1706 cognitio,
413 1626 471 1686 aut
495 1619 603 1703 magis
630 1620 797 1698 abstrusa,
829 1638 928 1701 quam
949 1626 987 1682 ut
1008 1618 1078 1683 cius
1099 1618 1203 1701 perci·
1255 1553 1509 1682 durauerant.
1544 1618 1650 1682 Porro
1667 1625 1706 1682 ut
1719 1616 1889 1683 Christum
1906 1617 2051 1683 habeant
2067 1625 2237 1702 pastorem

222 1704 362 1789 pientiae
390 1706 495 1771 simus
518 1723 663 1787 capaces.
708 1702 785 1784 Quo
806 1705 913 1788 magis
934 1704 1057 1787 ingrati
1079 1723 1202 1780 sumus,
1255 1723 1360 1785 equo
1381 1701 1619 1781 custodiantur,
1641 1703 1677 1766 in
1700 1703 1770 1768 eius
1792 1703 1877 1768 ovile
1894 1702 2005 1787 colligi
2022 1725 2154 1771 necesse
2172 1713 2235 1771 est

166 1830 171 1841 ·
222 1792 289 1857 nisi
316 1797 467 1856 nostrum
493 1787 683 1872 inquirendi
709 1787 853 1855 studium
881 1795 1139 1872 attemperamns
1161 1787 1204 1853 ad
1254 1787 1372 1869 Itaque
1388 1807 1493 1868 quum,
1508 1789 1650 1870 pastoris
1668 1807 1780 1864 vocem
1798 1786 1963 1853 audiendo
1979 1788 2119 1854 salutem
2137 1790 2236 1856 electi

223 1897 299 1945 eum
321 1895 419 1957 quom
440 1875 513 1958 ipse
534 1875 641 1939 tenuit
661 1871 796 1939 modum
818 1873 972 1941 docendo.
1013 1872 1101 1954 Quid
1124 1893 1203 1938 ero
1255 1879 1512 1954 consequuntur,
1544 1872 1630 1937 nihil
1663 1870 1754 1937 aliud
1780 1893 1878 1955 quem
1906 1881 2043 1939 externe
2068 1875 2234 1959 evangelii

221 1962 391 2041 miramur,
410 1960 439 2033 si
456 1961 492 2024 in
508 1958 664 2042 abyssum
683 1981 719 2024 se
735 1959 963 2042 praecipitant,
982 1967 1042 2023 aut
1061 1894 1203 2042 scopulis
1254 1954 1494 2041 praedicatione
1527 1957 1569 2022 ad
1601 1978 1699 2023 snum
1731 1959 1832 2023 finem
1864 1958 2057 2042 perducitur
2082 1961 2234 2044 ipsorum

220 2045 376 2125 allidunt,
410 2046 466 2128 qui
492 2043 763 2127 phreneticorum
790 2064 883 2108 more
909 2043 1068 2111 adversus
1090 2042 1202 2108 Deum
1255 2043 1380 2108 electio.
1424 2041 1576 2108 Eandem
1603 2051 1637 2108 et
1663 2042 1811 2125 reprobis
1838 2041 2018 2109 doctrinam
2042 2044 2134 2110 iubet
2156 2067 2234 2129 pro-

219 2131 363 2214 violento
383 2130 511 2213 impetu
531 2128 655 2194 ruunt?
693 2128 806 2194 Deum
828 2129 1016 2213 tyrannidis
1036 2136 1202 2207 accusent,
1254 2129 1340 2211 poni.
1385 2126 1477 2194 Onr?
1522 2129 1578 2192 An
1600 2140 1638 2193 ut
1659 2127 1745 2211 qnod
1767 2127 1808 2194 de
1828 2128 1962 2195 illorum
1983 2130 2083 2195 exitio
2106 2132 2233 2211 statuit,

219 2214 307 2298 quod
334 2215 436 2280 exitio
464 2213 629 2280 adiudicat
655 2213 804 2279 nondum
833 2223 936 2279 natos.
986 2214 1033 2279 At
1059 2215 1204 2280 sentient
1256 2211 1406 2279 evertat?
1452 2212 1544 2294 Quin
1565 2214 1673 2296 potius
1694 2222 1733 2278 ut
1753 2213 1928 2290 obstinata·
1944 2233 2058 2283 corum
2079 2216 2235 2281 incredu-

219 2300 300 2365 olim
317 2301 442 2366 iustum
464 2299 622 2365 iudicem:
646 2300 712 2364 imo
730 2299 799 2369 iam
815 2299 906 2364 intus
924 2299 1081 2379 sentiunt,
1103 2299 1203 2364 etiam
1254 2299 1330 2364 lites
1351 2298 1458 2382 magis
1478 2299 1653 2381 patefaciat
1672 2298 1752 2381 quid
1772 2299 1882 2364 valeat
1902 2299 2048 2366 occultae
2065 2299 2236 2368 electionis

218 2386 246 2450 si
268 2405 338 2450 non
357 2394 548 2469 agnoscant.
593 2383 783 2450 causantur
799 2384 923 2449 hustra
939 2384 1011 2449 dari
1028 2391 1203 2468 praecepta
1254 2385 1371 2468 gretia
1427 2382 1535 2464 Quale
1568 2385 1658 2448 enim
1689 2383 1850 2450 illustrius
1883 2386 2067 2468 speculum,
2100 2386 2135 2450 in
2167 2407 2235 2471 quo

217 2469 258 2536 de
280 2462 446 2547 moribus,
475 2470 599 2537 frustra
621 2469 712 2552 leges
733 2468 827 2550 ferri,
854 2469 964 2552 inique
986 2470 1086 2546 etiam
1108 2490 1202 2535 exer·
1253 2469 1336 2535 haec
1357 2469 1530 2552 perspicue
1552 2469 1706 2549 reluceat,
1727 2470 1774 2533 fin
1801 2471 1807 2484 '
1831 2477 1953 2552 potest,
1975 2491 2075 2553 quam
2097 2470 2176 2536 dum
2196 2471 2237 2537 in

217 2557 283 2622 ceri
297 2555 421 2621 iudicia
438 2553 616 2637 puniendis
633 2553 811 2633 maleficiis,
829 2575 931 2636 quum
949 2555 1025 2621 latis
1042 2562 1203 2640 regantur
1254 2555 1420 2620 communi
1443 2553 1609 2635 doctrina,
1638 2554 1752 2622 eadem
1809 2556 1840 2619 ei
1869 2555 2053 2635 vocatione,
2080 2557 2154 2638 peri
2178 2576 2235 2621 or·

217 2640 346 2717 omnia,
373 2639 430 2707 vel
456 2640 567 2722 potius
593 2646 754 2704 rotantur.
771 2644 795 2718 ¹)
839 2637 944 2721 Quasi
968 2660 1046 2707 vero
1067 2640 1204 2706 nonita
1254 2659 1349 2724 gano,
1372 2646 1502 2705 tentum
1515 2647 1566 2706 est
1586 2639 1969 2719 hominum-discrimen,
1992 2649 2031 2706 ut
2051 2641 2107 2706 alii
2128 2642 2237 2724 perti·

218 2745 295 2790 suos
313 2725 436 2791 electos
454 2725 574 2808 spiritu
592 2731 706 2791 sancto
722 2723 910 2790 moderetur
925 2723 1032 2802 Deus,
1046 2725 1203 2809 reprobos
1254 2725 1382 2791 nacitor
1404 2729 1478 2805 [pag.
1492 2730 1547 2806 49]
1569 2733 1736 2808 respuant,
1764 2723 1851 2809 quod
1873 2725 1930 2790 alii
1951 2726 2140 2792 obedienter
2162 2747 2236 2792 am-

217 2808 407 2877 Satenaea
435 2808 563 2875 'tendes
584 2810 763 2893 permittat,
787 2816 826 2874 ut
845 2811 911 2876 illis
930 2810 1111 2875 doctrinam
1132 2811 1202 2893 pie-
1254 2809 1466 2893 plectuntur?
1511 2809 1674 2877 Videmus
1700 2818 1812 2875 tamen
1843 2811 1985 2888 interea,
2020 2819 2058 2876 ut
2091 2812 2235 2878 verbum

218 2896 295 2961 tatis
319 2904 417 2959 etex
445 2895 625 2961 ortationes
645 2896 830 2961 fructuosas
851 2893 983 2974 reddat,
1010 2895 1071 2962 hos
1092 2903 1205 2961 teneat
1254 2893 1342 2977 quod
1369 2893 1513 2961 hominis
1543 2915 1600 2961 ore
1629 2897 1807 2978 profertur,
1840 2898 1903 2961 etsi
1930 2897 2107 2980 impiorum
2134 2896 2236 2963 eorda

218 2980 445 3047 contumaciae
472 2982 639 3046 convictos
661 2990 696 3046 et
716 2980 965 3059 inexcusabiles,
988 2982 1066 3063 quia
1085 2981 1204 3046 moniti
1254 3001 1320 3045 non
1343 2978 1505 3059 emendet,
1527 2981 1623 3047 semet
1644 2988 1756 3048 tamen
1777 2982 1923 3065 ipsorum
1946 2982 2175 3062 conscientias,
2198 2992 2236 3048 et

179 3070 182 3079 ”
218 3085 287 3131 ιιοιι
309 3066 493 3148 paruerint.
541 3063 684 3142 Omitto,
707 3086 805 3149 quarn
828 3065 912 3132 nihil
933 3067 1115 3148 proficiant,
1136 3065 1203 3131 Dei
1252 3065 1423 3132 lasciviam
1443 3067 1550 3131 instar
1570 3067 1675 3131 fraeni
1696 3065 1854 3132 cohibeat

218 3149 465 3234 providentiam
498 3150 700 3217 calumniose
729 3150 808 3216 Fati
839 3150 973 3216 nomine
1003 3151 1202 3216 infamando.
1341 3150 1415 3216 Iam
1443 3150 1484 3216 de
1512 3151 1692 3230 scandalis,
1727 3151 1847 3234 quibus
1873 3150 2054 3219 secundum
2082 3152 2235 3219 ordinem

219 3236 335 3318 Neque
366 3237 456 3301 enim
479 3236 532 3303 vel
561 3236 734 3302 intricatos
757 3255 929 3301 causarum
951 3257 1059 3302 nexus
1080 3237 1202 3301 somni·
1255 3235 1511 3320 assignavimus,
1542 3243 1594 3302 est
1619 3235 1855 3302 disserendum.
1900 3236 2099 3318 Queruntur
2124 3238 2234 3317 multi,

219 3343 316 3387 amus
350 3341 427 3386 oum
459 3319 596 3398 Stoicis,
637 3320 690 3386 vel
723 3321 821 3386 astris
858 3320 1049 3386 subiicimus
1087 3320 1204 3386 mundi
1255 3320 1463 3405 evangelium
1493 3320 1731 3388 discordiarum
1759 3342 1832 3388 esso
1859 3323 1999 3400 fontem,
2026 3323 2104 3405 quia
2130 3323 2234 3390 simul

219 3407 509 3491 gubernationem,
538 3406 593 3473 vel
615 3407 842 3472 necessitatem
868 3407 1147 3474 comminiscimur
1166 3407 1203 3471 in
1254 3413 1352 3489 atquo
1374 3408 1523 3491 emergit,
1545 3426 1613 3471 una
1635 3416 1776 3492 surgunt
1796 3409 2035 3474 contentiones:
2064 3408 2140 3486 imo,
2163 3430 2234 3474 non

219 3493 291 3575 ipsa
323 3513 436 3557 rerum
470 3498 598 3556 natura.
651 3491 756 3574 Atqui
786 3511 824 3557 ea
853 3498 905 3557 est
937 3512 1037 3576 quam
1068 3492 1203 3558 letalem
1255 3512 1349 3558 secus
1370 3511 1408 3558 ac
1430 3493 1460 3556 si
1488 3492 1661 3559 classicum
1689 3494 1874 3572 cecinisset,
1903 3492 2052 3558 homines
2079 3494 2168 3559 inter
2195 3514 2235 3560 se

219 3586 340 3642 vocant
363 3577 492 3659 profani
514 3576 674 3641 homines.
710 3578 826 3661 Longe
847 3577 950 3661 igitur
967 3576 1057 3643 aliud
1075 3587 1126 3643 est
1137 3577 1204 3643 Dei
1255 3585 1436 3643 armantur.
1470 3577 1669 3643 vFatendum
1691 3587 1741 3644 est
1767 3599 1846 3644 sane
1872 3577 1959 3661 quod
1979 3577 2132 3644 Christus
2153 3598 2234 3662 pro·

219 3661 477 3745 praedestinatio
516 3683 615 3744 quam
654 3663 766 3727 satum.
828 3661 897 3728 Sed
935 3664 1075 3729 mosset
1113 3663 1203 3747 logo·
1255 3663 1392 3728 nunciat
1414 3661 1548 3745 (Matt-h.
1571 3668 1619 3743 10,
1638 3667 1703 3740 34),
1726 3663 1825 3729 simul
1842 3685 1919 3729 cum
1940 3684 2025 3729 evan
2049 3663 2112 3729 elio
2134 3663 2233 3728 dissi·

219 3746 361 3812 machia.
376 3745 406 3829 2)
452 3743 492 3811 Si
520 3747 588 3810 fixa
614 3754 679 3825 est,
709 3747 878 3829 inquiunt,
906 3755 1038 3814 aeterno
1059 3748 1123 3813 Dei
1146 3748 1203 3813 de-
1255 3746 1311 3812 dia
1337 3747 1405 3813 lere
1437 3754 1471 3812 ct
1497 3769 1626 3833 pugnas
1652 3749 1787 3813 exoriri:
1823 3748 1880 3814 sed
1909 3750 2012 3831 quai
2060 3748 2233 3815 occasione

222 3837 310 3895 creto
339 3850 452 3895 rerum
479 3831 658 3896 necessitas
687 3837 760 3911 [pag.
785 3836 857 3910 48],
887 3851 1130 3916 supervacuum
1153 3841 1204 3899 est
1254 3833 1313 3897 fiat
1335 3832 1557 3915 reputandum
1579 3843 1638 3899 est
1683 3834 1844 3912 Primum,
1870 3835 1898 3900 si
1920 3834 2158 3900 contumaciter
2178 3835 2232 3899 in·

223 3914 353 3992 docere,
377 3913 473 3996 quale
495 3916 539 3980 sit
560 3915 716 3997 cuiusque
737 3915 889 3980 officium.
934 3917 1027 3982 Nihil
1049 3918 1137 3983 enirn
1160 3938 1202 3983 ex
1253 3926 1395 4002 surgunt
1415 3917 1576 3997 homines,
1594 3940 1694 4001 quum
1717 3939 1772 3984 eos
1792 3921 1828 3985 in
1850 3919 1998 3985 ordinem
2020 3941 2135 4004 cogere
2156 3919 2234 3985 vult

223 4021 262 4065 eo
279 3999 366 4082 quod
384 4000 451 4064 iem
468 4000 686 4066 constitutum
702 4014 762 4077 est,
784 4001 926 4066 mutabit
944 4001 1100 4068 doctrina.
1140 4005 1202 4068 At·
1254 4003 1356 4081 Deus,
1379 4024 1444 4085 que
1466 4001 1501 4067 id
1522 4005 1651 4069 ratione
1672 4006 1740 4081 fiat,
1763 4005 1831 4069 iem
1851 4005 1944 4087 prius
1967 4004 2120 4069 diximus.
2154 4003 2232 4069 Dii·

223 4084 279 4166 qui
302 4082 490 4168 expendere
511 4105 645 4150 rursum
658 4083 829 4165 debebant,
851 4087 961 4152 aDeo
982 4107 1109 4171 quoque
1129 4088 1202 4171 ipso
1253 4089 1339 4153 ficile
1365 4097 1431 4167 est,
1452 4097 1500 4153 ut
1525 4089 1582 4172 qui
1609 4090 1672 4155 sibi
1701 4091 1840 4155 nimium
1867 4090 2015 4172 sepiunt,
2046 4087 2166 4155 dociles
2194 4111 2232 4155 se

223 4167 409 4234 ordinatam
430 4170 466 4233 in
487 4170 577 4236 hunc
598 4171 699 4234 finem
717 4191 788 4236 esse
805 4170 996 4252 doctrinam,
1018 4182 1057 4239 ut
1073 4173 1203 4239 arcanis
1255 4171 1389 4238 Christo
1411 4172 1599 4257 praebeant.
1631 4174 1706 4240 Iam
1727 4195 1815 4252 vero,
1860 4196 1937 4239 uum
1951 4175 2090 4241 affectus
2111 4176 2231 4253 carnis,

223 4255 294 4319 eius
313 4254 458 4319 consiliis
474 4255 667 4320 subserviat.
705 4254 796 4336 Quos
809 4265 1014 4325 aetemasua
1029 4256 1202 4342 adoptione
1254 4258 1369 4341 quiin
1391 4259 1578 4325 hominibus
1599 4268 1754 4344 regnent,
1783 4197 1918 4325 totidem
1940 4260 2008 4326 sint
2030 4260 2123 4343 quasi
2144 4260 2232 4324 lero-

221 4339 470 4422 preeordinavit
490 4339 532 4405 ad
553 4340 673 4418 vitam,
696 4361 805 4407 nonne
827 4340 990 4422 doctrina,
1012 4344 1106 4426 quasi
1128 4365 1201 4426 por·
1254 4365 1308 4409 ces
1336 4362 1374 4408 ac
1401 4342 1578 4410 indomitae
1614 4344 1755 4422 belluae,
1791 4346 1952 4410 miremur
1978 4344 2233 4411 situmultuose

222 4429 313 4489 recte
341 4445 462 4502 manu,
497 4424 677 4506 ducitque
706 4424 947 4492 destinaverat?
999 4427 1089 4509 Quid
1114 4431 1201 4494 enim
1254 4429 1333 4514 iugo
1360 4437 1394 4494 et
1426 4430 1539 4495 fraeno
1568 4429 1747 4496 resistant?
1792 4430 1895 4513 Atqui
1925 4430 2025 4495 nimis
2053 4429 2232 4513 indignum

223 4507 314 4572 aliud
331 4517 383 4574 est
400 4509 516 4576 efficax
534 4511 670 4588 vocatio,
693 4531 791 4593 quem
809 4512 985 4592 electionis,
1008 4534 1091 4595 quae
1109 4516 1202 4597 prius
1254 4523 1313 4594 est,
1335 4515 1429 4581 euius
1450 4517 1530 4580 mali
1549 4534 1648 4581 causa
1668 4516 1704 4579 in
1726 4515 1820 4581 nobis
1842 4515 2015 4599 reperitur,
2042 4514 2171 4597 culpam
2193 4516 2232 4580 in

221 4593 361 4672 latebat,
389 4594 689 4677 complementum?
733 4596 906 4678 Reproboa
927 4598 1027 4665 variis
1049 4600 1201 4684 obiurga·
1254 4599 1465 4683 evangelium
1496 4600 1646 4666 conferri
1695 4599 1809 4666 Nihilo
1841 4602 1964 4666 rectius
1995 4602 2136 4678 faciunt,
2172 4601 2231 4683 qui

1253 4684 1425 4750 turbarum
1448 4693 1550 4762 metu,
1580 4693 1614 4751 et
1636 4685 1874 4752 discordiarum
1895 4685 1978 4766 odio,
2000 4686 2131 4768 opacis
2153 4684 2231 4752 doc·

1254 4770 1344 4833 trina
1370 4769 1556 4836 abhorrent.
1573 4770 1597 4854 ¹)
1652 4771 1843 4853 Tranquillo
1874 4778 1963 4836 statu
1995 4769 2079 4835 nihil
2112 4778 2232 4853 putant

292 4865 322 4929 1)
340 4881 443 4921 comme
462 4867 485 4921 si
502 4867 528 4920 le
545 4864 643 4920 monde
661 4868 745 4922 estoit
760 4870 859 4923 tcnrnt
877 4885 910 4922 en
927 4885 980 4924 uno
998 4870 1082 4925 losse.
1254 4874 1325 4919 0880
1347 4854 1474 4922 111θῦ118.
1519 4854 1608 4937 Quid
1631 4876 1719 4940 argu,
1749 4858 1777 4922 si
1799 4865 1962 4941 tyrannus
1983 4857 2146 4939 quispiam
2168 4855 2232 4922 hoc

290 4932 321 4999 2)
341 4933 418 4990 Nous
436 4935 554 4990 laissons
571 4935 652 4990 telles
669 4935 804 4992 resvcriea
820 4951 874 4991 aux
892 4938 998 5006 Payens
1015 4946 1044 4992 et
1060 4938 1088 4991 la
1104 4937 1197 5007 prede·

223 5003 352 5055 stination
375 5002 409 5056 de
433 5003 501 5057 Dieu
524 5001 569 5056 n’a
585 5004 643 5058 rien
661 5003 695 5058 de
713 5019 837 5058 commun
854 5019 922 5059 avec
940 5005 1006 5059 cela
1041 5004 1113 5060 C’est
1129 5004 1200 5060 donc

221 5085 274 5123 une
303 5071 435 5125 calomnia
464 5071 621 5126 moechante
650 5071 741 5192 quand
769 5087 839 5126 ceux
867 5074 912 5140 qui
939 5072 1050 5126 veulent
1077 5072 1200 5126 diffamer

222 5144 316 5190 nosne
343 5138 465 5192 doctrine
494 5155 565 5193 nous
596 5153 663 5192 euve
676 5145 780 5207 oppcnt
806 5155 840 5193 en
866 5140 945 5193 telles
972 5140 1077 5195 choses.
1129 5140 1199 5195 Maia
1320 5139 1350 5207 1)
1369 5141 1444 5197 Adri.
1462 5142 1487 5196 ll
1504 5142 1563 5197 leur
1586 5144 1687 5199 semble
1729 5142 1775 5199 u‘il
1797 5143 1841 5214 n’y
1864 5145 1955 5200 arion
1979 5145 2013 5199 de
2036 5145 2160 5200 meilleur
2176 5162 2230 5214 que

222 5204 372 5271 regardona
390 5207 560 5274 simplement
576 5222 612 5261 an
629 5206 703 5260 faict.
738 5206 779 5262 Ila
796 5207 933 5275 aheguent
950 5212 998 5262 etc.
1254 5206 1287 5264 de
1307 5225 1336 5264 se
1354 5212 1424 5265 tenir
1443 5228 1502 5281 ooy,
1521 5217 1550 5265 et
1566 5219 1697 5280 pourtant
1711 5160 1747 5268 hs
1765 5215 1870 5283 prisent
1887 5220 1995 5268 curtem
2012 5219 2062 5268 eta
