4702 5926
115 388 179 453 tae
871 368 1134 450 mensurus
1156 382 1370 452 suevum.
2069 389 2137 455 530

201 577 277 654 [pag.
299 576 352 651 oe]
374 570 502 635 Eadem
523 567 680 654 paginas)
711 591 777 636 uno
806 568 906 635 verbo
936 569 1091 634 fulminat
1144 569 1271 653 muma)
1305 590 1347 635 ex
1380 591 1461 636 auro
1491 579 1525 637 et
1611 577 1697 652 ento,
1730 579 1765 638 et
1785 573 1903 657 incipit
1922 594 1985 641 nec
2007 597 2135 645 aurum

113 665 230 726 contra
259 665 360 721 totam
383 654 513 722 Servati
535 655 729 734 doctrinam,
761 677 865 739 quum
886 654 1091 721 tolerabilius
1144 676 1225 732 esse,
1259 674 1320 720 nee
1352 663 1536 741 argentum,
1606 678 1663 722 um
1696 660 1830 723 tertium
1861 660 1941 742 quid
1974 663 2134 729 efficitur:

114 766 187 810 esse
218 742 297 808 dicit
324 746 333 784 ¹
359 739 442 807 duos
473 740 663 825 praedia-ue
696 741 827 821 divisos,
859 761 959 825 quam
989 763 1092 806 unum
1145 763 1188 807 ex
1219 748 1359 824 utroque
1391 750 1546 807 neutrum
1574 751 1634 808 est
1677 744 1782 826 Atqui
1808 745 2003 812 'invenimus
2033 747 2132 814 illum

114 824 228 895 Deum
249 827 465 911 versipellem
1147 847 1380 909 usquequaque
1412 828 1518 893 filium
1539 829 1614 907 Dei,
1648 834 1681 893 et
1702 829 1810 894 filium
1832 830 1984 910 hominis,
2018 831 2132 899 Deum

1146 920 1180 977 et
1203 911 1381 991 hominem,
1415 913 1487 978 sine
1509 912 1607 979 dubio
1641 914 1825 980 secundum
1856 923 2030 1000 utramque
2052 920 2131 985 sub-

204 1005 224 1065 1
250 999 350 1082 Quasi
370 997 586 1065 inconveniens
613 996 650 1063 id
670 997 833 1064 delucitm
854 1016 953 1080 quum
973 1000 1095 1063 utrunr·
1147 998 1305 1062 stantiam
1338 1000 1374 1062 in
1405 1019 1465 1063 sua
1519 999 1697 1082 roprietate
1730 999 1922 1066 nannum:
1961 1003 2038 1085 quia
2068 1025 2132 1070 nec

114 1105 174 1170 pue
193 1091 334 1170 nepotur.
1148 1103 1256 1148 sermo
1278 1082 1369 1148 aliud
1386 1104 1484 1165 quam
1530 1106 1598 1163 eus,
1621 1104 1682 1149 neo
1699 1106 1774 1150 cero
1792 1086 1881 1151 aliud
1902 1108 2001 1169 quem
2019 1089 2128 1154 homo.

1147 1168 1298 1233 'Pandam
1318 1169 1497 1235 concludit:
1517 1169 1680 1236 Videmus
1710 1168 1874 1254 duplicem
1901 1181 2036 1249 statum,
2061 1195 2130 1239 non

202 1256 300 1337 Quod
331 1273 492 1338 personae
525 1254 659 1319 nomine
698 1256 709 1295 ¹
739 1253 877 1319 interior
905 1252 1093 1337 hypostasis
1147 1254 1330 1331 confusum,
1364 1254 1422 1320 sed
1455 1255 1669 1321 coniunctum
1702 1257 1738 1319 in
1769 1278 1837 1321 una
1857 1279 1998 1340 persona
2018 1260 2131 1324 Deum

114 1349 256 1421 notetur,
279 1348 371 1424 patet
392 1360 434 1404 ex
456 1341 578 1424 pagina
600 1344 673 1417 44],
697 1339 752 1405 ubi
771 1339 850 1406 dicit
870 1351 1000 1423 patrem
1022 1338 1094 1403 lieri
1148 1348 1182 1404 et
1203 1339 1371 1404 hominem
1392 1340 1515 1405 Iesum.
1570 1339 1668 1421 Quod
1699 1342 1729 1405 si
1761 1343 1897 1408 tertium
1930 1344 2009 1427 quid
2042 1354 2132 1410 esset

113 1428 277 1495 visibilem
298 1428 333 1491 in
356 1426 423 1490 filie
445 1446 487 1490 ex
506 1428 520 1466 ‘²
538 1425 726 1503 virtutibus,
759 1446 827 1490 non
861 1447 903 1491 ex
936 1444 1093 1507 personae
1147 1444 1190 1488 ex
1209 1436 1347 1507 utroque
1365 1425 1545 1505 confusum,
1567 1435 1607 1491 ut
1627 1426 1794 1507 electrum,
1818 1449 1886 1493 non
1902 1434 1973 1494 tam
1992 1428 2130 1497 distino-

116 1513 458 1596 ⁸repracsentatioua
480 1511 527 1575 Et
547 1511 645 1593 paulo
666 1519 742 1595 post
762 1512 893 1576 subiicit
914 1510 976 1575 hoe
997 1509 1094 1574 modo
1146 1517 1182 1574 ta
1204 1509 1402 1575 documenta
1434 1517 1587 1594 paterent
1619 1512 1792 1594 utriusque
1821 1515 2037 1579 substantiae:
2071 1521 2131 1579 aut

114 1619 272 1683 apparere
305 1617 465 1681 personae
498 1596 670 1679 utriusque
704 1600 719 1637 ⁴
750 1598 993 1680 proprietatem.
1048 1596 1094 1661 Et
1147 1616 1254 1661 sermo
1276 1604 1364 1661 esset
1383 1604 1543 1676 mortuus,
1567 1605 1625 1661 arrt
1645 1618 1720 1663 caro
1740 1605 1872 1663 mortua
1893 1620 1961 1664 uon
1980 1608 2076 1680 esset,
2100 1601 2131 1665 si

114 1706 150 1751 se
172 1686 280 1767 ipsum
298 1684 443 1766 exponit,
467 1683 482 1722 ⁵
503 1680 589 1765 quod
611 1703 677 1747 non
699 1681 773 1749 visu
795 1682 853 1747 sed
875 1703 975 1748 sensu
997 1682 1033 1745 in
1054 1682 1094 1745 fi·
1147 1702 1255 1747 sermo
1277 1688 1366 1747 esset
1385 1703 1563 1748 conversus
1584 1684 1620 1747 in
1643 1703 1786 1749 earnem.

114 1769 159 1835 lio
180 1769 354 1837 videbatur
372 1778 475 1851 pater.

1237 1857 1257 1915 1
1286 1851 1364 1917 Vere
1384 1851 1582 1934 participem.
1626 1857 1651 1916 2
1675 1853 1748 1918 Non
1774 1855 1896 1919 ratione
1920 1856 2046 1935 earnis,
2074 1855 2131 1922 sed

204 1944 225 2004 1
247 1939 291 2004 Et
311 1943 471 2003 annnam
497 1941 525 2003 et
545 1938 701 2002 internam
719 1956 782 2020 epa
808 1935 992 2019 hypostasin
1013 1935 1095 2014 dini,
1146 1937 1269 2001 ratione
1289 1938 1424 2018 spiritus
1446 1939 1585 2002 emacuit
1605 1940 1774 2004 sanctitas:
1802 1941 1838 2003 ab
1858 1941 1953 2020 idque
1973 1945 2002 2005 et
2023 1942 2132 2024 ipsum

110 2047 187 2109 pap.
212 2026 281 2089 705
303 2023 378 2090 libr-i
398 2024 467 2088 mei.
511 2027 536 2087 2
565 2022 741 2088 Virtutibus
759 2022 912 2106 ipsiusn)
958 2021 1096 2086 3Scili·
1147 2023 1300 2102 spiritum
1320 2027 1463 2087 sanctum
1485 2023 1531 2086 ait
1551 2023 1599 2088 ibi
1619 2024 1783 2107 nolunt)
1806 2024 1891 2089 linea
1912 2025 1966 2088 ult.
2001 2027 2132 2091 3Haec

114 2116 159 2176 eet
179 2114 342 2192 sperata:
363 2109 485 2191 qualem
505 2109 552 2173 ibi
568 2109 691 2191 petebat
710 2107 893 2190 Philippus,
916 2112 952 2171 ut
972 2107 1020 2171 ait
1038 2107 1094 2171 lin.
1148 2108 1254 2172 omnia
1286 2107 1399 2188 abque
1426 2109 1568 2191 doceam)
1602 2113 1631 2173 et
1653 2108 1736 2173 nihil
1764 2110 1807 2174 ad
1835 2130 1901 2174 rem
1928 2111 2061 2192 facium
2107 2116 2131 2175 4

118 2201 171 2260 13.
218 2201 240 2259 4
262 2195 306 2260 Et
327 2196 458 2259 adnuis
473 2195 667 2275 proprietate
685 2193 840 2277 distinqui
856 2212 1018 2275 personas,
1041 2212 1094 2274 epo
1151 2192 1296 2258 Omisisti
1321 2194 1397 2258 avii.
1425 2193 1615 2258 Tertulliani
1636 2194 1736 2259 Ionem
1762 2195 1800 2260 cle
1817 2195 1945 2260 divinae
1966 2196 2058 2260 illius
2077 2197 2131 2275 fa-

115 2287 222 2363 aperte
242 2281 333 2345 daca
346 2301 422 2363 pap.
440 2285 520 2360 273,
542 2280 620 2345 libri
640 2280 711 2345 mei.
751 2278 860 2344 5Per
880 2298 974 2359 opera
991 2282 1019 2342 et
1035 2277 1094 2341 mi
1147 2278 1206 2344 aiei
1219 2277 1340 2343 Christi
1361 2280 1482 2344 visione
1502 2278 1580 2343 olim
1601 2284 1628 2343 et
1648 2299 1738 2358 nunc,
1760 2284 1787 2344 et
1808 2281 1945 2360 paraliter
1966 2280 2129 2362 impletum

114 2366 236 2447 rocula,
259 2371 294 2430 ut
313 2366 358 2430 ibi
380 2367 433 2431 ait.
774 2412 779 2424 .
1146 2364 1191 2428 sit
1210 2369 1332 2428 tanturn
1354 2363 1459 2430 Masis
1479 2364 1672 2428 desiderium
1693 2365 1774 2444 quaet
1794 2364 1903 2430 tabuit
1923 2386 1992 2430 eam
2012 2364 2130 2448 suum

1146 2449 1282 2515 numdi.
1312 2448 1554 2515 Pulcherrimus
1575 2455 1619 2515 est
1642 2450 1726 2515 urus
1747 2451 1777 2515 si
1794 2450 1935 2531 conferas
1948 2450 2127 2533 Irenaeum,

200 2536 270 2602 Neo
302 2534 399 2600 aliter
431 2534 534 2601 stabit
564 2533 649 2617 quod
687 2532 829 2598 habetur
862 2531 986 2616 pagina
1017 2535 1090 2610 443,
1140 2554 1217 2618 pap.
1239 2539 1318 2616 243,
1340 2555 1411 2601 urm
1436 2535 1639 2615 Tertulliano,
1657 2556 1732 2620 pap.
1753 2539 1826 2600 272
1843 2540 1871 2601 et
1894 2541 1972 2602 429.

114 2642 182 2688 non
199 2622 235 2685 in
251 2641 370 2686 unum:
394 2641 472 2685 nem
494 2640 602 2702 neque
621 2618 734 2697 semel,
756 2618 814 2683 sed
831 2624 883 2683 ter
900 2616 942 2683 ad
961 2617 1094 2701 singula

114 2708 249 2773 nomina
269 2706 430 2790 tingimur
461 2706 497 2768 in
519 2703 667 2789 singulus
687 2723 861 2788 personas,
897 2703 995 2769 ¹nisi
1016 2724 1093 2769 con-
1233 2704 1309 2770 Non
1343 2713 1499 2790 putamus
1538 2705 1663 2771 maiore
1702 2710 1710 2748 ¹
1744 2706 1896 2790 congerie
1927 2727 2010 2789 opus
2043 2728 2129 2773 esso:

114 2799 181 2858 stet
201 2793 299 2858 realis
322 2790 498 2856 distinctio.
1147 2791 1224 2939 ἓιιὶιι
1258 2792 1338 2855 satie
1371 2791 1543 2857 manifeste
1577 2798 1612 2856 et
1640 2789 1741 2857 solide
1773 2791 1865 2872 hisd)
1897 2792 2048 2860 anvico
2080 2800 2133 2859 cst

1172 2876 1291 2943 ominis
1313 2879 1451 2943 vanitas.

201 2959 574 3045 1QuisnepataDeo
599 2958 695 3026 Patre
716 2960 845 3026 realiter
866 2959 1022 3043 einum
1043 2958 1095 3024 ta
1157 2992 1169 3010 =
2009 3012 2011 3016 ,

111 3050 228 3114 mium
247 3047 416 3131 filiurnic)
1235 3051 1256 3111 1
1280 3047 1354 3115 Non
1371 3046 1521 3132 pluribus
1543 3064 1622 3129 opus
1643 3053 1696 3130 est,
1718 3051 1753 3114 ut
1774 3049 1823 3114 ito
1838 3052 1971 3131 praeta
1991 3068 2059 3114 rem
2079 3049 2134 3115 di·

1147 3152 1166 3197 o
1207 3152 1280 3199 erus.

201 3218 330 3284 Eadem
349 3219 473 3303 pagina
499 3215 642 3283 ostendit
663 3237 763 3300 quam
783 3215 897 3300 procul
918 3215 1095 3283 abhorreat
1167 3152 1207 3219 aq

114 3324 135 3370 a
166 3304 298 3371 Servati
330 3302 454 3382 delirio,
487 3324 620 3370 carnem
651 3302 779 3368 Ohristi
813 3305 822 3343 ¹
851 3323 922 3368 csse
955 3323 997 3367 ex
1028 3302 1095 3368 Dei

115 3391 309 3470 substantia,
332 3412 433 3474 quum
456 3389 548 3456 dicit:
583 3389 669 3454 (loro
688 3388 783 3454 Deus
811 3394 961 3467 nonest,
995 3395 1032 3454 ut
1054 3387 1094 3453 de
1310 3458 1316 3466 ,
1476 3409 1549 3492 EX
1577 3410 1755 3493 Irenaeo
1775 3408 1805 3481 Θ)

115 3493 157 3539 ea
182 3473 307 3540 dictum
341 3478 396 3541 sit:
433 3473 686 3551 ²Vocabiturd)
721 3482 873 3540 anetum
904 3473 992 3539 filius
1013 3472 1092 3539 Dei:
1757 3472 1766 3491 ‘

117 3557 176 3623 sed
198 3559 255 3624 ille
277 3560 391 3643 quiin
413 3581 452 3625 ea
474 3568 574 3626 natus
596 3565 646 3625 est
667 3560 767 3624 Deus.
811 3560 858 3625 Et
883 3558 982 3641 paulo
1010 3564 1093 3641 post,

115 3643 210 3709 initio
222 3663 295 3727 pag.
308 3646 488 3726 sequentis:
510 3646 620 3730 Igitur
637 3665 744 3710 sermo
761 3643 797 3707 iu
808 3664 916 3721 carue,
938 3654 1094 3709 utrumne
1233 3641 1346 3724 Quum
1387 3643 1515 3727 primos
1558 3643 1649 3708 locus
1692 3649 1825 3708 tautum
1865 3641 1978 3708 doceat
2016 3644 2131 3709 Iesum

115 3729 210 3812 quasi
243 3730 498 3813 transfiguratus
530 3732 567 3794 in
599 3749 742 3806 caruem,
776 3750 821 3794 an
853 3728 990 3793 indutus
1022 3751 1094 3795 ear·
1146 3728 1256 3807 fuisse,
1279 3729 1394 3812 quiin
1421 3730 1529 3812 figura
1550 3728 1694 3794 hominis
1715 3728 1864 3811 patribus
1884 3729 2038 3811 loquutus
2067 3736 2130 3811 est,

115 3814 217 3880 nem?
242 3816 257 3855 ⁸
278 3815 351 3879 Imo
373 3815 451 3897 quia
470 3814 656 3898 indutuse)
695 3816 805 3879 Deum
829 3815 918 3879 enim
939 3814 1094 3880 immuta-
1147 3823 1352 3899 perperamt)
1370 3813 1530 3880 Servetus
1555 3813 1633 3879 iude
1659 3819 1857 3879 ¹oeternum
1877 3814 2020 3880 hominis
2037 3836 2132 3898 speo-

114 3899 216 3966 bilem
238 3907 272 3964 et
293 3900 535 3964 informabilem
556 3899 645 3966 credi
667 3920 800 3965 necesse
820 3906 879 3976 est,
914 3907 952 3963 ut
984 3906 1019 3964 et
1040 3921 1094 3965 ae·
1148 3916 1237 3966 trum
1260 3905 1334 3979 [pag.
1359 3906 1413 3980 95]
1436 3899 1534 3965 elicit.
1579 3898 1678 3981 Quod
1710 3922 1753 3966 ex
1784 3901 1908 3987 pagina
1931 3904 2004 3981 298,
2035 3902 2128 3982 citat,

114 3991 258 4052 ternmn.
292 3986 552 4069 Transfiguratie
574 3995 684 4051 autem
705 3984 916 4068 interemptio
937 3993 988 4049 est
1008 3986 1094 4068 prie-
1146 4007 1284 4072 prorsus
1308 3988 1323 4028 ²
1344 3985 1605 4051 commentitium
1628 3992 1686 4051 est

113 4071 184 4136 tini.
247 4069 357 4136 Omne
394 4073 484 4136 enim
516 4071 602 4154 qued
635 4073 892 4154 transfiguretur
924 4070 961 4133 in
993 4070 1093 4150 aliud,

115 4155 236 4221 desinit
258 4177 330 4222 esse
351 4155 439 4240 quod
460 4158 576 4237 fuerat,
610 4164 644 4223 et
669 4157 785 4240 incipit
816 4176 887 4222 esse
919 4156 1005 4239 qnod
1027 4177 1095 4222 non
1235 4162 1256 4224 1
1282 4157 1547 4241 Oirnpudentem.
1579 4154 1623 4220 Et
1644 4156 1770 4239 quando
1791 4156 1967 4235 uidebatur,
1990 4162 2024 4220 tu
2044 4177 2131 4238 spra-

115 4240 231 4306 fuerat.
276 4241 387 4323 Quare
417 4262 620 4325 consequens
652 4250 704 4307 eet
734 4249 771 4306 nt
804 4242 851 4308 sic
883 4260 958 4307 caro
989 4243 1095 4308 factus
1146 4248 1231 4308 trurn
1259 4244 1360 4308 solum
1386 4244 1489 4326 fuisse
1507 4242 1630 4324 pictas?
1677 4241 1798 4307 Sinon
1827 4243 2006 4307 inmolare
2028 4241 2130 4323 Dan,

114 4324 328 4411 intelligatur,
353 4332 427 4406 [pag.
447 4332 501 4408 94]
524 4329 604 4393 dum
625 4329 663 4392 fit
682 4328 720 4392 in
741 4347 849 4407 carne,
882 4333 916 4392 et
936 4328 1093 4393 manifes-
1140 4328 1328 4412 persistebat
1347 4329 1452 4410 fornia
1474 4328 1534 4394 illa
1554 4329 1674 4393 divina.
1719 4327 1853 4393 2Haec
1872 4332 1946 4391 sunt
1967 4327 2013 4392 ili
2033 4327 2130 4393 verba

116 4415 215 4488 tatur,
251 4423 284 4476 et
315 4412 456 4493 videtur,
469 4414 494 4497 f)
539 4420 573 4479 et
604 4419 828 4480 contrectatur
858 4433 917 4496 per
949 4434 1091 4478 earnem.
1146 4414 1284 4494 Irenaei,
1305 4415 1361 4481 lin.
1378 4420 1439 4479 23:
1464 4413 1653 4479 Mutationem
1675 4413 1801 4478 animae
1821 4413 2005 4494 et‘spiritus
2025 4414 2131 4479 divini

115 4493 156 4560 Si
178 4496 268 4560 enim
295 4519 401 4563 sermo
424 4520 466 4563 ex
487 4499 784 4582 transfiguratione,
817 4506 850 4563 et
871 4498 1094 4565 demutatione
1144 4501 1262 4582 factm
1284 4502 1320 4566 in
1341 4501 1465 4565 Adurni
1486 4520 1587 4575 carue,
1609 4519 1690 4580 quae
1711 4504 1756 4563 est
1771 4497 1935 4578 plasmata
1957 4500 2130 4565 seeundum

115 4580 322 4647 substantiae
344 4601 419 4647 caro
440 4584 544 4650 factus
566 4596 626 4664 ost,
659 4604 727 4649 uua
758 4585 825 4650 iam
847 4591 918 4649 erat
934 4585 1094 4667 substan·
1146 4586 1317 4672 intapiuem
1338 4586 1410 4653 Dei.
1455 4585 1539 4653 Erat
1559 4586 1658 4670 ipitru
1678 4584 1725 4649 ibi
1743 4585 1848 4669 irnapo
1869 4584 1945 4650 talis
1968 4586 2075 4666 qualis
2093 4587 2131 4650 iu

115 4666 171 4746 tia,
206 4686 249 4731 ex
269 4687 367 4733 carne
389 4676 423 4733 et
442 4670 562 4753 spiritu
581 4670 730 4738 mixtura
750 4669 919 4754 quaedam,
951 4676 991 4736 ut
1010 4671 1095 4738 eleo·

187 4941 216 5004 a)
234 4939 279 4995 Au
295 4954 395 4997 masma
413 4942 510 5025 livre..
1188 4917 1196 4944 ³
1217 4878 1248 5010 ll
1263 4875 1394 5026 ,11211111
1411 4942 1439 4998 la
1456 4942 1565 5011 Vierpe.

186 5008 217 5143 li
235 5009 603 5134 gggalpetstompmepm
1216 5014 1246 5147 ll
1261 5014 1453 5137 ’1111118111
1472 5079 1607 5150 Ρηιιοῳι
1623 5085 1650 5136 et
1666 5078 1756 5135 Besa:
1773 5079 1831 5148 hic;
1856 5076 1944 5135 Aua.
1962 5078 2039 5148 hinc;
2061 5075 2130 5133 Gol-

187 5144 219 5277 {l
236 5145 509 5283 l‘lndg'qtcrlaqlddrllrll,
520 5163 579 5270 litl.
590 5147 704 5271 dtialtouye.
1145 5149 1191 5206 m
1205 5165 1257 5283 ‘ll'
1267 5217 1419 5272 Rulricam
1436 5232 1487 5273 ont
1508 5216 1614 5273 Gallus.

187 5281 212 5348 l)
229 5288 258 5335 et
274 5281 387 5350 udatur,
406 5299 457 5338 om.
474 5284 554 5339 idern.
1215 5287 1241 5354 t]
1260 5286 1460 5342 brutallemeut.

90 5449 96 5457 Φ
224 5363 336 5424 Ooleirn
349 5383 442 5439 opera.
481 5369 538 5426 Vol.
560 5369 646 5427 VIII.
1882 5368 1919 5424 34
