4680 5918
103 311 165 374 sss
792 311 1055 408 semesis
1078 313 1143 379 sn
1165 313 1422 382 sesemen.
2050 332 2114 395 sss

103 499 232 578 offertur
255 521 275 563 a
299 499 428 565 Christo
449 500 650 583 eoanpdium,
679 500 773 579 acrasi
794 499 992 564 naturatibus
1013 500 1083 564 hae·
1133 505 1178 563 est
1206 499 1305 580 Mose,
1341 504 1466 569 credens
1497 505 1567 571 Deo
1589 507 1706 590 (Enod.
1723 510 1790 591 18).
1858 512 1969 578 Iustus
1997 516 2114 580 diodm

78 584 230 669 ⁴redibus
250 584 326 665 fidei
347 585 506 651 Abrahae.
556 585 612 649 Ea
643 586 749 650 radice
779 590 887 649 saneta
920 605 971 650 eos
1000 605 1082 666 prae
1133 584 1319 665 Abinnteeh,
1351 609 1409 651 ren
1434 589 1540 655 Gerar
1573 592 1699 670 (Getes.
1720 596 1792 679 20),
1814 598 1891 677 ¹aui
1922 604 2023 665 tamen
2059 623 2113 668 nec

100 670 243 752 pentibus
273 678 359 738 uocat
382 672 502 736 Pautos
515 673 539 755 Ι)
572 676 702 748 sanctos,
735 672 771 736 id
803 675 848 734 est
873 676 1083 752 praeparatos
1127 673 1364 752 promissiones,
1397 693 1451 739 nee
1473 675 1569 758 tepem
1590 679 1711 744 sciebat.
1753 681 1931 764 Pontificem
1950 687 1993 749 ad
2013 689 2112 751 sacri-

100 757 204 838 mapis
224 755 301 821 Deo.
328 758 478 838 Quamuis
499 758 564 822 sint
584 758 748 834 eneaeeati,
776 755 877 821 adhuc
899 755 988 820 hodie
1008 777 1082 839 erpa
1131 756 1290 835 beandum
1326 766 1432 839 pentes
1472 760 1644 828 habuerunt
1684 764 1918 833 Metehieedeeh.
1988 770 2113 835 Foedus

104 846 178 921 [pag.
198 847 273 920 ono]
290 845 472 926 propomam
499 843 591 910 ittam
619 845 712 908 durat
733 845 843 927 etipsa
864 844 985 928 ditectio
1006 842 1080 921 Dei,
1133 844 1272 906 annium
1292 844 1355 924 fuit
1381 865 1476 909 arcus
1498 849 1641 928 coelestis,
1669 857 1706 915 ut
1728 873 1799 916 eam
1821 855 1957 920 uidentes
1978 856 2043 921 Dei
2063 879 2111 922 re·
2205 875 2209 881 ·
2313 868 2316 874 '

100 933 136 991 ut
156 927 262 991 innuit
286 928 411 993 Paulus
433 929 522 994 Rom.
549 935 602 993 11.
659 930 733 994 Non
761 931 829 994 sine
855 929 998 1010 mysterio
1019 948 1082 993 ser-
1133 928 1345 1007 cordareutur,
1368 930 1474 995 Deum
1505 935 1579 998 coeti
1613 941 1641 999 et
1675 942 1777 1002 terrae
1805 959 2014 1019 possessorem
2040 963 2110 1007 eum

101 1017 194 1077 eatur
223 1013 325 1080 adhm
350 1034 427 1097 pens
453 1015 525 1094 itta,
560 1036 630 1079 mm
664 1016 832 1095 seripturis
853 1017 955 1079 sacris
980 1018 1081 1081 incor-
1134 1011 1360 1079 Metchieedeeh
1387 1017 1550 1098 aedment,
1587 1022 1697 1086 diuina
1731 1025 1802 1087 eius
1829 1029 2015 1106 protectione
2046 1050 2109 1092 ser-

100 1098 214 1178 ruptis.
259 1097 445 1182 Mpsterium
478 1102 528 1165 hie
561 1103 685 1166 subesse
719 1102 802 1165 docet
831 1099 964 1177 Paulus,
998 1102 1081 1182 quod
1133 1099 1238 1163 sandi.
1271 1101 1379 1180 Opera.
1393 1103 1467 1165 item
1486 1106 1629 1186 pentibus
1646 1109 1793 1189 prodesse
1808 1116 1961 1191 poteram,
1983 1119 2019 1177 ut
2037 1112 2111 1179 Cor·¹
2168 1132 2170 1136 ’

74 1184 141 1248 sit
176 1184 278 1250 Isratt
309 1192 390 1251 totus
421 1188 465 1251 ad
496 1187 602 1252 Deum
635 1187 862 1251 mnoertendus.
925 1186 1080 1267 biteunque
1132 1184 1229 1248 netio:
1251 1190 1342 1265 atque
1363 1187 1410 1249 ita
1432 1195 1500 1252 erat
1520 1192 1601 1254 inter
1620 1199 1722 1274 penites
1744 1197 1935 1276 sacrificium
1952 1197 2021 1263 Deo
2036 1220 2109 1281 pru

99 1288 181 1334 nune
202 1277 402 1350 excusantur,
425 1274 455 1336 si
477 1293 540 1337 non
561 1274 689 1337 eredunt
704 1291 871 1352 persensae
888 1272 1080 1337 Antichristi
1132 1275 1212 1348 tum,
1240 1277 1268 1335 et
1295 1270 1406 1335 oblatio
1427 1275 1546 1338 niundo
1579 1277 1733 1360 (Mataeh.
1760 1285 1778 1342 1
1801 1281 1944 1347 etIonae
1969 1285 2013 1366 1).
2066 1284 2109 1348 st

100 1356 383 1421 ettrinitariorum
405 1359 572 1423 doetrinae.
618 1357 672 1423 Ita
700 1358 737 1421 de
763 1358 993 1422 incredulitatis
1008 1377 1080 1437 pee·
1133 1355 1423 1436 Nabuchodonosor,
1447 1359 1585 1427 ethideus
1602 1364 1754 1428 idolorum
1772 1364 1881 1446 endor,
1893 1374 2019 1449 poterat
2035 1370 2108 1434 dee·
2200 1369 2204 1379 '

98 1444 163 1505 eota
184 1447 311 1507 mersat
336 1440 482 1508 Christus
501 1465 560 1524 eos,
587 1443 700 1524 quibus
727 1463 790 1507 non
816 1449 860 1507 est
880 1445 949 1524 ipse
972 1444 1079 1524 toquu
1130 1443 1269 1522 mospnis
1284 1447 1411 1523 peceato
1432 1446 1540 1526 aticuo
1561 1450 1650 1513 niodo
1671 1451 1829 1530 redimere,
1850 1474 1949 1533 quare
1967 1456 2108 1536 pentibus

98 1529 148 1589 tus
182 1526 286 1603 (Ioan.
313 1534 380 1604 15).
439 1528 563 1595 Eadem
597 1529 718 1593 ratione
749 1534 937 1593 excusantur
964 1530 1077 1609 atiquo
1130 1546 1191 1590 non
1206 1529 1380 1605 prodermnt
1406 1529 1633 1614 eleemosynae?
1676 1535 1791 1599 Antion
1821 1537 1979 1604 Beisaear
2013 1561 2108 1620 nepos

98 1611 186 1676 modo
214 1615 248 1677 in
281 1614 343 1696 hope
373 1620 515 1694 naturae,
548 1616 603 1695 qui
637 1614 679 1677 ad
711 1634 839 1696 repnum
862 1613 987 1679 Christi
1017 1635 1078 1678 non
1130 1613 1198 1675 eins
1221 1633 1379 1695 appensus
1401 1618 1501 1680 estin
1522 1620 1664 1683 matera?
1706 1620 1800 1685 Bona
1831 1625 1900 1687 eius
1928 1644 2022 1704 mero
2049 1628 2114 1689 mi

95 1706 313 1778 peruenerunt,
336 1702 417 1765 sicut
439 1721 492 1764 nee
515 1699 637 1767 Iudaei.
665 1701 854 1780 Quanquam
875 1719 929 1764 nee
952 1699 1077 1778 Iudaei,
1129 1699 1217 1762 noris
1238 1706 1325 1762 erant
1342 1701 1503 1779 perderis,
1527 1724 1622 1784 quam
1642 1707 1737 1770 mata.
1759 1707 1864 1772 Erant
1880 1710 1979 1790 ipitur
1996 1711 2107 1791 atiquo

98 1803 152 1848 neo
170 1790 274 1864 pentes
295 1787 331 1850 in
356 1807 485 1867 repnum
512 1787 567 1851 hoe
593 1785 716 1851 eoeleste
742 1806 824 1849 nuno
850 1785 1076 1867 inprediantur,
1129 1782 1207 1847 bona
1231 1804 1336 1864 opera,
1358 1789 1385 1848 et
1407 1806 1499 1850 suum
1520 1790 1555 1852 in
1576 1796 1695 1855 statera
1711 1795 1837 1874 pondus
1857 1793 2015 1859 habebant.
2059 1797 2106 1860 At

98 1875 356 1957 reperieratimiem
377 1893 415 1937 aa
437 1893 521 1954 aquo
554 1877 582 1936 et
611 1873 744 1952 spiritu*
761 1876 867 1935 sancto
900 1891 961 1935 non
993 1890 1077 1935 asse-
1131 1866 1249 1933 Cleristi
1277 1871 1393 1934 amatio
1425 1877 1471 1935 ast
1498 1876 1661 1953 pecul-iare
1686 1878 1809 1957 donum,
1841 1881 1876 1944 in
1903 1882 1990 1945 eleeto
2012 1880 2104 1946 Iacob

97 1960 205 2042 quati:
226 1979 287 2023 non
308 1963 412 2022 tamen
427 1959 593 2040 prepterea
622 1956 664 2020 ad
683 1957 854 2040 pehennam
876 1958 961 2039 mum
982 1957 1016 2018 in
1036 1956 1075 2035 fn-
1124 1954 1270 2037 tipurata,
1311 1954 1462 2021 adhibitis
1495 1960 1560 2036 α’)
1582 1959 1647 2025 Dei
1680 1966 1827 2043 oraeutis,
1865 1971 1893 2030 et
1926 1968 1964 2031 de
1994 1969 2104 2047 tuturo

96 2044 165 2109 nabi
173 2046 201 2122 ²)
229 2044 451 2109 resurreetione
472 2063 576 2108 omnes
597 2043 837 2106 damnabantur.
895 2042 961 2105 Nee
982 2041 1074 2104 Esau
1129 2038 1251 2103 Christo
1272 2041 1454 2106 visionibus
1492 2043 1577 2109 Unde
1597 2048 1704 2111 nerito
1720 2051 1903 2132 praefertur
1919 2052 1985 2130 ipsi
2001 2052 2102 2116 Esau.

95 2132 142 2195 ita
162 2130 364 2195 damnabitur
388 2129 499 2208 Panto,
533 2130 609 2210 quia
642 2129 760 2193 dictum
792 2133 850 2192 est:
884 2126 978 2190 Esau
1005 2126 1074 2189 odio
1130 2123 1282 2189 Omnibus
1302 2128 1435 2191 insitum
1456 2131 1593 2195 edodte
1614 2132 1725 2197 bonum
1746 2136 1925 2218 inponere:
1952 2137 2007 2201 sed
2027 2137 2102 2201 odie

97 2215 193 2280 habui
216 2216 320 2291 (Rom.
347 2221 390 2297 9).
437 2216 514 2299 Apit
535 2215 579 2278 ibi
600 2213 724 2279 Paulus
746 2214 783 2279 de
804 2213 960 2276 vocatione
981 2231 1073 2274 enan-
1129 2207 1302 2290 Chiristum,
1329 2218 1374 2275 est
1390 2214 1551 2294 peculiare
1572 2217 1693 2283 donuna
1721 2220 1879 2285 Christum
1900 2223 1982 2285 oidit
2001 2228 2030 2285 et
2051 2222 2101 2287 de·
2233 2275 2239 2287 .

94 2302 201 2385 petico,
224 2303 260 2365 in
283 2301 376 2366 Iacob
396 2303 516 2366 minore
541 2301 690 2382 hpurata
724 2319 804 2378 quae
838 2302 882 2360 est
914 2316 965 2361 res
990 2315 1073 2359 mere
1125 2295 1276 2360 sideraoit
1298 2296 1399 2377 Iacob,
1422 2320 1484 2363 uon
1505 2300 1606 2367 Esau.
1651 2304 1696 2369 Et
1716 2305 1770 2370 hoc
1792 2312 1836 2370 est
1857 2306 1972 2371 donum
1997 2309 2101 2372 maui-

39 2446 42 2451 ,
93 2389 244 2470 protrita.
290 2386 341 2451 De
359 2388 470 2468 futura
489 2392 618 2451 aeterna
636 2384 835 2449 damnatione
856 2381 937 2446 nihii
953 2381 1072 2446 diiudi·
1124 2400 1217 2445 munt.
1255 2383 1320 2463 Quo
1342 2383 1421 2447 dorio
1443 2387 1499 2464 qni
1514 2389 1696 2469 privantur,
1718 2392 1783 2454 sine
1803 2390 1925 2470 Iudaei,
1943 2394 2009 2456 siae
2028 2413 2101 2476 pen·

95 2476 143 2536 eat
166 2472 291 2537 Paulus
312 2492 365 2537 nee
380 2478 489 2552 petest.
534 2472 663 2536 Enosus
691 2470 807 2534 dieitur
829 2467 921 2531 Esau
948 2468 1072 2546 primo-
1124 2464 1177 2544 tes,
1200 2467 1348 2532 dicuntur
1369 2489 1472 2534 omnes
1493 2474 1579 2536 eaesi
1600 2494 1670 2538 enm
1692 2477 1808 2555 Adam,
1841 2483 1869 2541 et
1896 2479 2003 2560 perire
2030 2499 2117 2552 eum,
2214 2550 2218 2560 ,

93 2559 224 2640 penitus,
251 2560 327 2640 quio
348 2581 370 2622 a
392 2561 558 2639 primaria
579 2556 793 2632 benedictione,
828 2574 850 2617 a
878 2554 1071 2635 primopeni·
1123 2551 1240 2632 Adam,
1262 2555 1297 2617 in
1317 2560 1444 2619 mortem
1465 2562 1492 2618 et
1513 2558 1679 2638 infernum.
1708 2561 1980 2628 Attamenomnes
1996 2585 2100 2639 resur·

93 2647 176 2723 tura,
206 2664 260 2708 seu
281 2646 371 2727 repia
392 2645 426 2708 d'
469 2645 551 2721 itate,
580 2642 720 2724 pdtitur,
754 2640 874 2704 minore
889 2639 1070 2719 praeelecto.
1120 2643 1200 2721 pent,
1216 2639 1362 2721 pieriam
1382 2642 1479 2705 vitam
1501 2642 1649 2710 habituri.
1705 2647 1760 2712 En
1790 2649 1906 2731 interis
1939 2656 2100 2732 resurpent

96 2728 149 2793 Ita
170 2737 244 2794 sunt
267 2729 388 2807 Ruben,
439 2731 539 2794 innon
565 2733 592 2792 et
614 2727 693 2791 Leni
723 2726 887 2803 maledicti,
915 2725 1010 2803 eaesi,
1043 2729 1072 2788 et
1116 2724 1242 2804 pusitii,
1264 2731 1291 2789 et
1312 2728 1428 2809 mapni,
1451 2728 1542 2792 innta
1558 2733 1694 2812 propria
1712 2734 1800 2814 saeta
1821 2735 1976 2799 indicium
1997 2755 2100 2816 acea»

91 2833 113 2878 a
127 2816 381 2898 primopenitnra
413 2815 542 2891 matun,
577 2832 640 2877 non
668 2813 819 2877 damnati.
864 2810 995 2875 ansus
1026 2815 1071 2875 est
1121 2811 1188 2906 turi
1210 2810 1321 2892 (Apes.
1343 2811 1414 2895 20).
1464 2812 1520 2877 Ea
1541 2816 1656 2899 interis
1681 2825 1856 2903 resument,
1882 2821 2027 2901 futurum
2048 2822 2098 2885 iu-

90 2901 158 2980 iste,
168 2902 196 2978 8)
231 2902 312 2966 sieut
332 2901 448 2965 dicihn
469 2906 563 2983 pater
583 2901 686 2966 odisse
704 2900 817 2981 fitium,
853 2917 943 2980 αααα
963 2898 1069 2961 minus
1120 2895 1239 2960 doenum
1265 2896 1480 2978 formidantes.
1524 2899 1570 2964 At
1598 2923 1653 2967 nos
1680 2905 1747 2969 iam
1773 2906 2007 2970 resurreximus
2029 2925 2099 2970 cum

91 2986 156 3051 atio
183 2986 298 3070 ddipit.
354 2985 457 3052 Erasi
490 2987 714 3068 quodammodo
745 2986 873 3066 fuerunt
900 2982 1007 3047 Moses
1042 2987 1071 3047 et
1122 2984 1196 3058 [pig.
1220 2988 1296 3062 627]
1320 2982 1444 3049 Christo
1465 2985 1508 3049 ad
1527 2988 1675 3053 eodestia.
1729 2991 1802 3055 Non
1834 3012 1872 3057 ecc
1901 2993 2015 3073 inferis
2041 3011 2099 3057 uos

90 3071 213 3155 Aaron,
230 3072 266 3136 ob
283 3071 530 3138 iiiorededitatem
547 3073 666 3138 eustasi
690 3072 800 3154 (Num.
819 3075 881 3150 20)
898 3090 963 3135 non
978 3071 1068 3137 dam-
1120 3086 1326 3151 resnrpemus,
1372 3089 1425 3136 nee
1468 3071 1613 3153 futurum
1656 3076 1811 3141 iudieiam
1848 3077 2101 3159 formidabimus,

91 3160 167 3222 nati.
231 3157 428 3240 Reprobatus
466 3164 511 3223 ast
542 3158 643 3236 Esau,
682 3159 764 3223 sicut
801 3157 958 3243 reprobati
995 3160 1070 3222 sunt
1119 3155 1247 3218 betuna
1266 3156 1332 3219 uita
1353 3157 1420 3220 iam
1440 3157 1556 3224 donati.
1604 3159 1662 3225 Aa
1677 3182 1774 3242 quam
1793 3183 1851 3227 nos
1872 3182 1984 3240 manes,
2007 3164 2101 3226 outi-

91 3242 197 3322 Etiab,
218 3249 246 3308 et
262 3243 441 3323 Abinadab,
462 3245 579 3325 fratres
600 3245 735 3310 maiores
751 3243 892 3310 Doridis
914 3244 961 3327 (1.
982 3242 1068 3307 Sam,
1120 3259 1195 3304 nom
1234 3242 1362 3306 indrnat
1399 3243 1657 3311 onustissimus
1695 3247 1843 3312 dominus
1874 3253 1977 3312 noster
2009 3246 2102 3312 Iesus

94 3332 160 3406 16).
206 3329 402 3411 Reprobatus
423 3335 477 3409 est,
500 3333 581 3395 sient
601 3330 663 3394 Eli
684 3329 869 3395 etAbiatar
885 3330 1067 3407 sacerdotes,
1123 3323 1277 3404 onustus,
1302 3327 1392 3407 titius
1412 3328 1486 3407 Dei,
1519 3336 1661 3396 aeternae
1681 3332 1778 3397 huius
1799 3334 1881 3397 uitae
1902 3331 1990 3396 nobis
2010 3338 2101 3397 anim

90 3433 168 3493 quos
188 3416 339 3480 damnari
365 3420 457 3500 nepot
484 3417 653 3499 apostoliea
672 3416 822 3495 doctrina,
850 3420 885 3479 ut
905 3416 981 3479 eitat
1001 3413 1069 3478 Ire-
1119 3417 1148 3475 et
1168 3418 1401 3477 consunmiator.
1446 3413 1559 3480 Amen.

90 3519 190 3563 naeus
212 3501 261 3565 tib.
286 3507 321 3579 4,
350 3523 416 3583 cap.
441 3506 486 3567 45
508 3509 537 3566 et
560 3507 613 3567 50.
664 3500 732 3565 Sua
758 3502 890 3565 seorsim
915 3501 980 3583 fnit
1002 3500 1069 3580 ipsi

48 3593 50 3597 '
92 3584 186 3649 Esau
208 3585 382 3666 benedictio,
405 3592 434 3652 et
456 3588 597 3669 Ismae'ti,
625 3594 654 3652 et
673 3588 753 3666 tibiis
776 3586 865 3664 Loth,
895 3585 1066 3666 etIaphet,
1170 3660 1174 3670 1

92 3672 232 3754 enempio
252 3674 398 3753 pentem,
426 3675 508 3739 inter
529 3694 609 3755 quas
631 3674 740 3749 omnis,
770 3672 826 3752 qni
846 3673 931 3735 timet
952 3671 1066 3749 Deum,
1363 3667 1597 3738 EPISTOLA
1618 3669 1856 3737 VIOESIMA.

90 3762 118 3820 et
138 3762 285 3837 operatior
306 3759 471 3838 iush'tiam,
499 3761 529 3824 is
550 3765 691 3840 aceeptus
711 3762 756 3823 est
775 3757 834 3821 ilbi.
887 3757 1002 3821 Verum
1024 3761 1068 3822 est
1931 3831 1934 3839 ι

92 3839 213 3907 Christi
229 3843 363 3908 dietum:
387 3843 464 3908 Nisi
478 3847 627 3911 venissem
638 3852 667 3909 et
676 3845 822 3925 ῑααααέαε
832 3842 878 3906 eis
886 3844 914 3919 ⁴)
923 3844 1066 3924 fuissem,
1205 3842 1257 3908 De
1278 3841 1423 3928 eeclesiae
1434 3845 1585 3922 potestate
1606 3845 1843 3908 controversiam
1870 3845 1962 3925 facis,
1990 3866 2033 3909 an
2055 3848 2099 3911 sit

85 3933 245 4011 peecatum
267 3948 329 3993 reon
350 3929 501 3994 haberent.
558 3930 721 3995 Peccatum
753 3927 807 3990 hoe
839 3948 900 3993 non
932 3929 1068 4009 imputat
1119 3931 1195 4007 eius,
1228 3928 1274 3991 oet
1306 3928 1489 4008 scripturae,
1527 3928 1681 3992 autoritas
1713 3929 1816 3993 maior
1848 3931 1884 3994 in
1917 3930 2099 4019 dogmatum

90 4013 247 4093 Christis,
269 4016 336 4079 nisi
357 4020 513 4095 quatenus
540 4022 585 4080 est
605 4017 674 4096 ipse
695 4014 850 4097 aquatus.
895 4018 969 4092 [pag.
989 4019 1065 4092 626]
1118 4014 1335 4079 discussione?
1366 4013 1411 4077 Et
1441 4033 1485 4077 an
1510 4018 1660 4095 perpetuo
1688 4015 1779 4079 duret
1798 4015 1949 4080 eeclesia?
1994 4017 2098 4082 Erebo

96 4099 193 4165 Varie
215 4105 317 4166 autem
339 4106 384 4165 est
401 4101 543 4185 pactibus
564 4103 716 4183 loquutus.
752 4098 903 4164 Onmibus
922 4100 1066 4183 pentibus
1118 4101 1201 4165 siam
1222 4104 1325 4164 autem
1346 4100 1449 4181 accipi
1470 4103 1591 4180 oportd,
1624 4119 1686 4163 non
1707 4105 1742 4163 ut
1763 4105 1918 4181 spectatur
1940 4101 1979 4165 ab
2001 4103 2098 4165 homi-
2228 4153 2231 4159 f

87 4191 130 4248 est
151 4186 191 4249 ab
211 4188 303 4250 initio
325 4188 402 4252 data
423 4187 498 4253 haee
525 4188 699 4268 sapientiae
720 4184 847 4269 reputa:
884 4186 993 4249 Timor
1013 4186 1065 4249 do-
1117 4187 1219 4264 nibus,
1253 4186 1308 4271 sed
1334 4190 1369 4249 ut
1397 4186 1573 4267 apnoseitur
1601 4206 1621 4249 a
1646 4184 1777 4265 Christo,
1811 4188 1867 4267 qui
1898 4187 2021 4251 medius
2052 4193 2098 4251 est

87 4272 167 4333 rubii
189 4277 231 4335 est
259 4274 427 4354 sapientia,
464 4280 492 4340 et
523 4274 662 4339 recedere
696 4295 718 4337 a
744 4269 828 4337 mato
854 4271 1064 4354 intehipentia.
1118 4274 1198 4335 inter
1219 4292 1293 4335 sires
1314 4276 1518 4353 oouprepatos.
1565 4272 1712 4352 Quaestio
1738 4276 1863 4335 nonest
1895 4271 2040 4351 difficilis
2066 4275 2097 4337 si

89 4353 143 4418 Ita
164 4356 303 4438 reputam
324 4360 466 4426 omnibus
486 4362 595 4426 datam
616 4361 689 4425 citat
712 4359 776 4425 Iob.
802 4376 868 4439 eap.
891 4361 946 4420 26.
993 4357 1066 4420 Non
1112 4360 1221 4438 primo
1242 4361 1360 4434 constet,
1394 4357 1448 4420 ubi
1483 4357 1525 4420 sit
1558 4356 1685 4421 eeclesia
1712 4356 1831 4420 Christi
1853 4377 1936 4434 aera,
1971 4357 2097 4423 lauaem
2132 4421 2134 4425 .

88 4439 188 4504 sotum
210 4462 247 4504 en
268 4444 374 4509 innato
395 4445 497 4512 hatita
517 4448 624 4512 diuino
644 4445 787 4529 pentibus
808 4443 950 4510 omnibus
970 4444 1066 4506 inter-
1118 4444 1278 4508 mundata.
1333 4442 1418 4507 Eius
1450 4444 1533 4507 enim
1561 4447 1708 4523 potestas,
1742 4443 1888 4523 quamvis
1923 4444 2095 4523 oeudtetur,

87 4545 162 4589 narn
183 4527 269 4590 viam
291 4528 440 4609 iustitiae,
474 4533 528 4595 sed
554 4538 583 4596 et
603 4537 764 4596 entermm
788 4531 897 4612 foedus
919 4533 947 4593 et
968 4529 1066 4593 saeri-
1118 4531 1264 4593 maxima
1285 4533 1338 4606 cst,
1360 4533 1388 4592 et
1410 4527 1547 4593 eoelestis
1565 4547 1664 4606 snpra
1682 4548 1786 4591 ornnes
1802 4528 1915 4592 mundi
1930 4535 2098 4608 potestates

86 4609 161 4691 daia
188 4610 250 4675 sibi
280 4619 381 4693 prata,
415 4618 544 4682 ostendit
576 4618 733 4698 sapientia
767 4618 888 4695 divina,
921 4612 1065 4681 Christus
1118 4615 1193 4678 adeo
1222 4620 1257 4678 ut
1276 4614 1380 4698 anpeti
1409 4619 1437 4677 et
1458 4615 1620 4678 daemones
1648 4613 1677 4675 ei
1699 4620 1853 4694 pareant,
1886 4615 1968 4679 sind
2000 4618 2095 4680 ueori

88 4696 162 4778 ipse.
209 4695 375 4779 Sacrificio
398 4699 528 4782 tepimus
550 4704 585 4766 in
607 4704 695 4780 Abel,
719 4703 795 4782 Nat,
819 4701 884 4781 Iob,
906 4701 1065 4781 etpteris-
1116 4701 1244 4764 ditedae
1265 4706 1383 4780 porent
1416 4719 1520 4763 omnes
1547 4698 1696 4761 ministri.
1746 4699 1789 4762 In
1822 4699 1947 4765 ecelesia
1977 4698 2096 4764 Christi

88 4803 145 4863 que
168 4783 252 4846 otiis.
306 4783 403 4849 Ietro'
423 4787 567 4850 sacerdos
595 4787 741 4867 Madian,
774 4788 945 4869 sapientior
975 4787 1065 4851 visus
1118 4806 1237 4867 semper
1257 4786 1331 4849 sunt
1352 4785 1490 4850 coelestes
1510 4784 1652 4865 spiritus,
1674 4789 1701 4847 et
1725 4784 1875 4849 Christus
1906 4787 1974 4866 ipse
2002 4784 2093 4867 (Heb.

377 4900 378 4903 ¹
1120 4877 1185 4947 12).
1240 4869 1310 4936 Una
1332 4871 1377 4935 ibi
1401 4870 1573 4934 ostenditur
1599 4888 1663 4932 esse
1692 4872 1833 4934 omnium
1864 4871 1998 4948 eeclesia,
2032 4890 2095 4934 uno

1117 4958 1233 5039 spiritu
1262 4959 1368 5021 unita„
1419 4954 1565 5019 Caelestis
1596 4953 1692 5018 hunis
1725 4955 1868 5021 milesiae
1898 4953 2095 5049 Christianos

155 5020 182 5086 1)
200 5021 309 5076 Paulus.

153 5089 184 5154 2)
202 5091 229 5142 in
247 5089 322 5144 finali
340 5090 437 5145 iudicia
456 5106 496 5145 se.
1119 5133 1172 5138 -
1183 5132 1320 5137 M„-

154 5158 184 5220 3)
203 5159 270 5226 ipss.

121 5225 308 5291 ·ssmm
1189 5231 1272 5295 nm
