4702 5926
180 319 243 382 603
922 308 1191 378 adeundum
1212 307 1447 379 ERRORUM
2126 318 2195 384 604

175 503 258 582 dixi,
292 499 417 565 nnllam
443 500 545 566 fuisse
573 499 768 584 hypostasin
791 498 942 576 seminis,
971 498 1154 563 sitantum
1207 515 1322 561 omnes
1354 497 1456 563 fuisse
1489 498 1525 563 in
1553 498 1627 565 Deo
1659 506 1737 566 ante
1767 500 1885 577 mnndi
1918 503 2116 570 creationem
2149 525 2190 570 eo

173 587 356 654 relucent-ia
394 597 467 650 erat
507 607 545 652 ao
584 584 659 650 idea
697 584 802 653 futuri
842 583 977 649 Christi.
1037 583 1155 649 Garrit
1206 580 1322 646 ordine
1347 604 1411 664 quo
1440 603 1531 648 nune
1557 592 1652 665 sunt,
1680 595 1714 650 et
1729 587 1876 669 primum
1902 589 2052 653 omnium
2074 589 2190 656 Chris-

174 672 306 758 quidem
339 669 499 738 Servatus
530 671 735 754 hypostatice
762 670 798 734 in
820 669 893 734 Deo
924 669 1025 734 fuisse
1054 689 1153 751 quam
1206 675 1293 729 tum:
1328 667 1371 732 ad
1402 669 1543 735 verbnm
1573 670 1715 737 fideliter
1746 672 1937 752 retulimus,
1971 682 2009 739 nt
2041 695 2084 740 ne
2116 675 2188 758 ipse

172 756 505 842 imaginaturideam.
527 755 596 822 Sed
617 778 720 839 quum
741 755 871 820 futurae
894 754 942 818 rei
960 754 1154 839 hypostasin
1207 750 1339 833 quidem
1367 752 1515 819 additam
1548 755 1649 822 trisse
1677 755 1839 840 syllabam
1869 779 1991 842 negare
2004 763 2029 836 ¹)
2058 760 2187 826 audeat

174 845 348 927 exprimat,
373 843 522 909 videmus
544 863 620 907 eum
642 860 739 908 voces
752 841 815 906 sibi
832 841 1018 923 incognitas
1030 848 1154 904 temere
1206 835 1353 901 'lantum
1376 846 1546 919 causatur,
1580 862 1634 907 me
1661 841 1727 907 alia
1759 844 1861 909 verba
1893 864 1976 926 quae
2003 854 2188 928 sequuntur

171 931 209 994 in
231 949 341 994 aerem
362 929 500 993 effutire.
546 925 1153 1008 [pag.199]Nimiaetiameiusim·
1206 940 1274 986 non
1295 923 1397 989 fuisse
1418 924 1517 991 simul
1539 927 1758 1011 complexum.
1803 928 1909 1010 Quasi
1931 951 2009 996 vero
2029 931 2188 1014 perfidiae

172 1014 321 1098 probitas
344 1015 381 1078 in
408 1035 446 1078 eo
473 1034 509 1079 se
536 1011 661 1096 prodit,
692 1010 781 1095 quod
807 1017 957 1078 veterum
987 1010 1154 1158 suffr-affin
1206 1007 1249 1070 sit
1281 1008 1420 1089 crimen,
1451 1019 1489 1075 ut
1517 1011 1632 1091 iactat,
1664 1012 1845 1096 quidquam
1876 1035 1919 1081 ex
1943 1016 2015 1081 eins
2035 1037 2188 1082 sermone

173 1100 330 1178 abutitur,
354 1101 447 1182 quasi
469 1098 647 1181 quidquam
669 1096 789 1161 habeat
809 1118 886 1162 cnm
908 1095 1056 1179 ipsorum
1101 1116 1153 1160 oc-
1205 1092 1366 1159 omittere.
1411 1093 1600 1175 Christum,
1634 1098 1754 1174 fateor,
1786 1098 1893 1164 solum
1920 1111 2016 1166 vocat
2045 1104 2188 1186 figuram

173 1186 263 1251 trina
284 1194 548 1250 consentaneum
592 1183 729 1248 Mentiri
751 1203 804 1246 mo
826 1181 914 1260 dicit,
937 1181 1015 1264 qnia
1035 1201 1154 1264 negem
1204 1178 1503 1246 snbstantiaeDei:
1526 1181 1590 1248 hoc
1611 1183 1827 1250 nihilominus
1848 1186 1982 1251 interim
2003 1193 2110 1265 teneo,
2133 1209 2189 1254 res

173 1272 313 1338 verbnm
335 1272 376 1336 ab
398 1272 469 1353 ipso
486 1271 629 1354 agnosci,
652 1289 723 1333 rem
738 1287 821 1350 quae
838 1267 928 1331 intus
945 1264 1033 1348 apud
1043 1267 1154 1331 Deum
1208 1284 1322 1328 omnes
1356 1284 1433 1330 cum
1465 1266 1536 1349 ipso
1568 1288 1698 1351 semper
1730 1269 1818 1352 apud
1851 1270 1963 1337 Deum
1994 1273 2110 1338 fuisse:
2151 1283 2190 1339 ut

173 1358 338 1424 subsistat
383 1357 430 1421 Et
451 1364 563 1420 tamen
590 1354 676 1418 nihil
703 1353 809 1436 magis
830 1354 1022 1434 frequenter
1041 1372 1153 1417 occur·
1206 1346 1321 1413 eadem
1347 1350 1418 1415 luto
1446 1352 1612 1418 tribuatur
1639 1356 1818 1421 aeternitas
1845 1378 1929 1439 quae
1956 1358 1993 1421 in
2015 1357 2190 1426 Christum

172 1444 218 1508 rit
240 1444 280 1541 in·
293 1443 364 1506 eius
384 1441 524 1540 scriptis,
547 1438 841 1539 quamudiabolicas
858 1458 931 1536 ⁰9⁸,ss
949 1436 1152 1536 praestigias,
1207 1435 1372 1517 competit.
1422 1437 1576 1537 alterum
1609 1439 1725 1517 etiam,
1758 1441 1840 1506 velit
1866 1442 1964 1521 nolit,
1997 1451 2188 1543 extorqueo,

173 1549 303 1679 aaut
327 1548 398 1677 {tt
412 1524 1154 1688 sithilia,hlssfldtttttttttt
1205 1521 1844 1703 bittitsthlstltltttt
1862 1548 2191 1681 diffidet

174 1711 244 1763 tam
266 1696 377 1763 odiose
399 1695 550 1762 rixatur?
584 1703 618 1761 et
639 1696 755 1760 curin
777 1695 845 1759 suis
862 1692 1037 1775 responsis,
1060 1692 1155 1776 quasi
1204 1710 1315 1755 mmus
1336 1691 1497 1758 hodierna
1517 1694 1647 1775 nebula,
1670 1716 1769 1778 quam
1786 1697 1950 1777 Christus,
1973 1701 2008 1765 in
2020 1700 2092 1765 Deo
2114 1702 2190 1767 fnit

174 1806 217 1850 ex
235 1783 404 1859 diametro,
427 1804 497 1846 rem
515 1780 656 1846 subinde
678 1800 836 1863 personae
854 1778 1013 1862 opponit?
1037 1778 1154 1861 Longe
1205 1775 1266 1873 110ο
1280 1776 1424 1841 seeundo
1446 1780 1594 1844 membro
1617 1779 1695 1863 quid
1717 1780 1833 1860 dicam,
1856 1783 1943 1866 quod
1965 1785 2059 1851 Dens
2080 1785 2189 1851 filium

175 1868 285 1934 adhuc
317 1867 541 1950 impudentius
570 1866 718 1945 simulat,
751 1887 787 1930 00
820 1864 902 1930 duas
926 1864 963 1928 in
990 1864 1091 1929 verbo
1121 1871 1154 1928 et
1205 1859 1269 1925 s1b1
1302 1862 1505 1945 corporalem
1540 1863 1720 1930 decernens
1753 1869 1919 1934 visibilem
1950 1892 1986 1936 se
2017 1873 2053 1936 in
2086 1873 2189 1938 verbo

174 1954 295 2037 spiritu
308 1953 550 2035 semperfuisse
568 1952 764 2034 hypostases
784 1951 915 2016 sentire.
937 1949 1012 2014 Hoc
1030 1950 1153 2015 fascino
1206 1945 1416 2012 exhibuerit?
1474 1948 1513 2015 Si
1544 1950 1581 2014 in
1611 1950 1700 2016 nudo
1733 1953 1864 2019 decreto
1896 1957 1961 2021 sita
1993 1958 2056 2022 fuit
2092 1956 2190 2022 verbi

173 2039 304 2123 putavit
336 2046 483 2122 creptam
513 2058 584 2103 esse
617 2037 670 2102 vel
702 2043 848 2102 montom
880 2034 934 2100 vel
961 2035 1154 2100 memoriam
1205 2033 1361 2111 essentia,
1385 2033 1462 2115 quic
1483 2036 1577 2100 Dens
1599 2035 1767 2102 hominem
1789 2060 1901 2105 creare
1923 2049 2097 2120 statuerat,
2120 2065 2190 2108 non

173 2124 364 2202 lectoribus,
388 2131 427 2188 nt
453 2121 540 2206 quod
560 2123 658 2205 paulo
681 2129 758 2187 ante
780 2120 924 2198 dixerat,
953 2121 1153 2186 exstinctum
1205 2116 1270 2180 elia
1304 2118 1367 2182 erit
1400 2118 1530 2186 Christi
1562 2120 1667 2187 deitas
1706 2144 1806 2205 quam
1843 2132 1978 2192 aeterna
2009 2129 2187 2194 creationis

174 2232 264 2276 nuno
284 2208 415 2274 iaceret.
460 2208 530 2274 Neo
552 2228 631 2274 vero
657 2207 825 2272 immerito
852 2214 1051 2289 conquestus
1079 2226 1152 2270 sum
1205 2202 1335 2268 futurae
1357 2206 1534 2288 conceptio.

174 2296 246 2361 tolli
268 2294 310 2360 ab
325 2297 397 2378 ipso
413 2294 577 2359 sermonis
590 2294 818 2370 substantiam,
842 2312 943 2375 quum
961 2290 1153 2373 simpliciter
1289 2288 1505 2355 Exseoranda
1526 2300 1576 2358 est
1593 2292 1664 2358 blas
1687 2293 1797 2359 hemia
1814 2316 1914 2378 qnam
1934 2300 2080 2365 continet
2093 2300 2187 2383 vige·

175 2380 292 2447 definit
317 2381 450 2446 nonnisi
478 2378 586 2445 lucem
618 2379 729 2444 fnisse.
778 2377 830 2443 Ne
856 2377 985 2442 ratione
1017 2376 1152 2442 destitui
1205 2373 1289 2438 sima
1309 2382 1428 2441 octava
1447 2374 1639 2459 propositio:
1663 2313 1892 2464 gpiritunovo
1910 2404 1979 2448 non
1996 2394 2071 2449 ante
2088 2404 2186 2466 prae·

173 2473 323 2549 putetur,
346 2464 552 2531 defensiones
573 2464 671 2530 affert
696 2484 832 2548 prorsus
848 2461 1044 2540 contrarias,
1067 2461 1152 2545 qnod
1205 2458 1312 2524 ditum
1333 2460 1435 2559 fuisse
1457 2460 1632 2529 Christum
1658 2486 1757 2547 qnam
1786 2487 1806 2531 a
1825 2469 1965 2534 mortuis
1988 2478 2184 2553 resurgeret

173 2553 234 2618 lux
255 2552 368 2630 fuerit,
397 2569 464 2616 non
486 2550 660 2628 sermonis,
683 2549 741 2615 sed
763 2548 904 2626 Christi,
933 2556 966 2613 ct
985 2547 1072 2629 qnod
1093 2547 1153 2612 lux
1205 2544 1290 2608 Elam
1320 2544 1450 2611 ludicra
1481 2548 1643 2614 solutione
1671 2555 1746 2630 [pag.
1777 2557 1853 2631 001]
1888 2554 1995 2619 abolet
2023 2554 2187 2621 Servatus

174 2637 220 2703 sit
240 2636 307 2702 Dei
328 2636 522 2701 substantia
566 2635 671 2717 Atqui
692 2636 720 2700 si
743 2655 819 2701 vere
840 2634 906 2699 Dei
923 2633 1032 2698 lucem
1052 2633 1154 2699 fuisse
1205 2626 1292 2712 quod
1324 2652 1428 2698 novus
1468 2634 1603 2718 spiritus
1642 2634 1771 2701 dicatur
1806 2637 1847 2702 ob
1886 2659 2008 2705 novam
2035 2640 2186 2725 gloriam.

174 2722 337 2807 agnoscit,
370 2742 436 2786 non
465 2729 516 2786 est
544 2719 629 2803 qnod
659 2741 712 2786 me
739 2719 815 2785 falsi
842 2718 1025 2799 insimulet,
1059 2719 1153 2801 quasi
1204 2715 1339 2781 Interea
1366 2738 1428 2783 sna
1462 2721 1609 2787 convicia
1642 2730 1770 2804 crepat,
1805 2743 1857 2788 me
1886 2723 2028 2790 delirum
2054 2747 2127 2792 esse
2152 2734 2189 2793 et

173 2828 359 2874 sermonem
387 2805 498 2872 dolose
530 2827 589 2890 pro
618 2805 753 2871 Christo
786 2804 1025 2888 supposuerim.
1077 2804 1153 2870 Huc
1204 2801 1406 2867 mendacem.
1434 2803 1530 2870 Adde
1552 2804 1640 2888 qnod
1660 2805 1745 2871 nihil
1762 2828 1839 2872 enm
1851 2808 2050 2892 pudetexi.
2063 2811 2188 2877 Iohan-

174 2893 276 2958 etiam
308 2890 433 2957 accedit
464 2891 553 2974 quod
581 2891 702 2956 diserte
735 2890 806 2956 eius
833 2897 978 2956 mentem
999 2889 1153 2972 explicui,
1204 2887 1257 2952 nis
1277 2888 1503 2955 testimoninm
1521 2890 1605 2956 illud
1627 2891 1802 2959 adducere:
1823 2894 1979 2960 Nondum
1991 2897 2093 2962 fnisse
2106 2905 2189 2963 tuno

174 2978 217 3043 ad
248 2978 400 3043 futurum
426 2976 598 3042 Christum
630 2977 775 3042 referens
808 2975 895 3058 qnod
927 2975 968 3040 de
998 2975 1071 3042 lnce
1098 2975 1154 3041 vel
1205 2972 1357 3054 spiritum
1387 2985 1555 3055 sanctum,
1616 2978 1671 3042 nia
1702 2977 1849 3044 nondum
1883 2981 2086 3064 glorificatus
2114 2992 2189 3047 erat

173 3064 248 3129 idea
270 3062 420 3128 balbutit
464 3064 517 3127 De
537 3063 611 3128 luce
633 3061 698 3126 Dei
726 3081 829 3143 aeque
856 3060 950 3126 futile
973 3069 1026 3125 est
1052 3060 1153 3128 cavil·
1204 3058 1310 3123 Iesus
1366 3057 1476 3139 Quid?
1505 3082 1549 3126 an
1578 3062 1584 3075 '
1615 3063 1644 3128 'c
1671 3064 1876 3148 evangeliste
1899 3066 2071 3134 Christum
2098 3083 2188 3134 novo

173 3149 258 3215 lum:
282 3149 359 3231 quia
380 3155 468 3214 certe
490 3148 629 3213 interior
648 3145 836 3232 hypostasis
857 3167 878 3211 a
900 3144 1022 3214 visibili
1044 3145 1153 3229 splen·
1206 3143 1326 3226 spiritu
1348 3143 1538 3211 donandum
1557 3168 1629 3212 esse
1650 3148 1826 3230 praedicat,
1849 3173 1887 3217 ac
1909 3174 1977 3218 non
1997 3154 2104 3236 potins
2120 3152 2186 3219 hoc

173 3234 253 3300 dore
274 3234 373 3318 longe
394 3234 502 3297 distat.
1206 3229 1401 3293 nominatim
1423 3232 1525 3296 refert
1558 3231 1601 3296 ad
1621 3232 1757 3299 fideles?
1802 3235 1976 3303 Christum
2002 3239 2042 3304 de
2063 3239 2184 3321 spiritu

259 3321 314 3385 Ex
335 3319 490 3385 vicesimo
513 3324 606 3384 sexto
619 3317 642 3399 ¹)
666 3317 803 3383 articulo
825 3317 921 3383 facile
942 3338 978 3383 ee
1000 3317 1152 3401 explicat
1206 3324 1319 3380 sancto
1347 3313 1518 3396 loquntnm
1546 3338 1618 3383 esse
1646 3328 1801 3400 testatur,
1829 3344 1897 3387 non
1923 3345 2018 3407 quem
2045 3344 2185 3405 exspec-

172 3405 281 3472 Malos
303 3406 501 3489 interpretes
527 3404 581 3469 hic
607 3424 736 3487 qnoque
761 3403 883 3467 iterum
905 3424 977 3469 esse
999 3403 1153 3482 affirmat,
1206 3408 1294 3464 taret
1320 3399 1392 3482 ipse
1418 3421 1439 3464 a
1464 3411 1574 3485 patre,
1609 3405 1675 3468 imo
1702 3425 1801 3487 quem
1832 3410 1997 3492 accepturi
2023 3420 2119 3474 erant
2144 3409 2186 3474 in

171 3492 228 3576 qni
251 3511 426 3574 personam
448 3512 468 3554 a
490 3491 598 3575 figura
620 3495 789 3571 separant:
823 3486 923 3571 idque
944 3489 1017 3554 fieri
1038 3496 1155 3555 contra
1206 3505 1284 3549 enm
1310 3485 1490 3552 credentes.
1547 3486 1745 3572 Quanquam
1777 3491 1840 3559 hoc
1871 3494 1969 3579 longe
1997 3493 2185 3574 absurdius,

171 3578 242 3643 vim
263 3574 419 3642 vocabuli
440 3574 528 3655 dicit,
550 3574 629 3658 quia
650 3574 742 3640 nulla
762 3574 807 3639 sit
823 3594 966 3656 persona
987 3574 1054 3638 nisi
1076 3574 1153 3638 visi·
1206 3569 1294 3652 quod
1323 3569 1477 3638 Christus
1505 3573 1613 3641 adhuc
1645 3576 1794 3643 mortalis
1822 3585 1926 3644 totam
1953 3580 2018 3645 Dei
2045 3579 2185 3665 gloriam

173 3661 258 3728 bilis.
302 3662 349 3726 Et
381 3672 493 3727 tamen
525 3660 613 3743 quod
645 3660 781 3743 spiritus
815 3680 989 3742 personam
1020 3659 1156 3724 induxit
1205 3675 1244 3720 ac
1265 3656 1446 3739 potentiam
1468 3679 1536 3723 non
1559 3660 1744 3727 obtinuerit
1772 3660 1946 3742 Quomodo
1968 3665 2058 3730 enim
2075 3673 2185 3730 nans·

172 3767 241 3811 non
263 3745 443 3823 visibilem,
472 3745 506 3810 id
532 3746 652 3811 taeittrs
679 3745 825 3810 devorat
834 3744 863 3830 ²)
906 3744 1047 3810 Interim
1069 3744 1154 3809 nihil
1205 3742 1280 3806 fusa
1301 3750 1374 3806 crat
1399 3742 1436 3807 in
1455 3744 1565 3826 ipsum
1587 3746 1679 3811 verbi
1706 3756 1740 3812 et
1761 3749 1897 3831 spiritus
1918 3750 2045 3834 gloria?
2091 3749 2184 3831 Quo-

172 3832 209 3895 in
237 3832 305 3896 suis
336 3832 447 3897 verbis
470 3836 542 3909 [pag.
568 3835 643 3909 200]
678 3828 804 3896 dissidii
837 3849 873 3894 00
905 3829 1018 3897 videre
1045 3830 1152 3913 fingit
1205 3826 1302 3891 modo
1329 3827 1366 3891 in
1400 3828 1557 3894 deitatem
1583 3851 1744 3899 conversa
1771 3845 1843 3899 crat
1867 3856 1959 3914 caro,
1987 3837 2015 3901 si
2044 3835 2186 3920 gloriam

174 3915 311 3983 Scilicet
331 3923 401 3980 tam
419 3934 565 3981 crassam
581 3914 819 3980 absurditatem
830 3915 961 3998 putavit
977 3915 1037 3981 snb
1054 3916 1153 3980 unius
1206 3933 1272 4061 qua
1303 3911 1345 3976 ad
1373 3921 1503 3996 tempus
1530 3917 1652 3997 caruit,
1692 3919 1786 4000 quasi
1824 3922 1973 4003 precario
2006 3942 2186 4006 resurgens

174 4001 313 4067 convicii
345 3999 473 4064 latebra
506 4022 542 4065 se
574 4001 697 4065 texisse
737 3999 817 4065 dum
851 4021 904 4065 me
930 4008 1154 4065 accusatorem
1228 4018 1339 4062 emum
1366 3998 1504 4082 adeptus
1530 4001 1602 4066 est?
1647 4002 1717 4069 Nec
1746 4025 1823 4070 vero
1851 4006 1892 4071 dc
1919 4007 2186 4073 manifestatione

174 4086 381 4154 criminalem
408 4093 513 4151 vocat.
557 4085 631 4149 Iam
659 4106 761 4168 quum
789 4086 824 4149 in
849 4085 974 4172 mundi,
988 4086 1154 4152 creatione
1207 4082 1261 4148 hic
1287 4083 1411 4167 agitur:
1454 4106 1565 4168 quum,
1594 4094 1677 4154 teste
1700 4087 1854 4167 Serveto,
1879 4093 2004 4175 spirata
2027 4093 2187 4158 fueritin

175 4173 311 4256 spiritus
332 4178 462 4236 tantum
484 4168 908 4249 umbraminissedixisset,
931 4170 1011 4236 dum
1023 4171 1154 4254 requiro
1204 4167 1378 4234 Christum
1396 4191 1438 4235 ex
1455 4171 1585 4256 integro
1603 4172 1716 4240 deitas.
1744 4174 1849 4241 Porro
1868 4198 1931 4259 quo
1949 4199 2049 4244 sensu
2060 4197 2189 4244 novum

174 4261 312 4325 ubinam
336 4277 414 4340 ergo
442 4256 544 4322 fuerit
566 4256 769 4339 hypostasis,
802 4256 923 4339 nugari
944 4277 998 4322 me
1019 4277 1155 4339 respon-
1206 4254 1359 4336 spiritum
1379 4255 1531 4339 appellet,
1553 4278 1672 4340 operae
1692 4261 1835 4342 pretium
1856 4272 1907 4328 est
1928 4285 1970 4328 ex
1993 4265 2062 4329 eius
2074 4263 2189 4330 verbis

176 4343 279 4426 detssl
328 4343 492 4408 Miramur
524 4342 614 4407 huno
657 4339 824 4406 hominem
863 4348 994 4406 tantum
1032 4341 1155 4439 negotii
1206 4338 1406 4423 intelligere,
1438 4341 1578 4427 Dialogo
1607 4347 1625 4406 2
1659 4366 1733 4429 pag.
1757 4349 1834 4412 273:
1869 4348 2031 4430 Spiritum
2058 4348 2187 4415 Christi

177 4427 365 4494 exhibuisse
386 4426 526 4506 mundo,
560 4428 616 4511 qni
642 4433 712 4491 tam
740 4447 854 4493 secure
881 4425 975 4492 nodis
1002 4425 1155 4492 omnibus
1207 4426 1264 4508 qui
1290 4423 1383 4490 Deus
1416 4436 1488 4490 erat
1517 4427 1551 4492 in
1579 4432 1819 4496 resurreetione
1851 4433 1953 4499 fuisse
1979 4436 2187 4514 innovatum,

176 4536 212 4580 so
233 4535 276 4579 ex
298 4512 409 4578 odiat?
1207 4511 1285 4592 quia
1303 4531 1346 4575 ex
1364 4509 1476 4577 divino
1500 4519 1536 4577 et
1557 4513 1701 4582 hnmano
1723 4518 1876 4601 spiritn2)
1906 4528 1983 4586 ante
2005 4528 2078 4585 erat
2099 4540 2189 4586 unns

263 4535 361 4679 (leod
388 4597 488 4664 habet
514 4598 693 4682 propositio
728 4597 885 4666 vicesima
912 4597 1068 4683 septima,
1101 4618 1155 4664 res
1207 4595 1357 4678 spiritns:
1401 4616 1491 4660 nnnc
1529 4606 1640 4664 antem
1682 4602 1724 4668 ob
1765 4623 1886 4670 novam
1929 4604 2188 4688 incorruptibilis

1208 4680 1332 4746 halitus
1357 4689 1557 4762 creaturam,
1585 4705 1685 4768 quam
1707 4688 1743 4751 in
1769 4709 1805 4754 se
1825 4690 2085 4757 substantialiter
2108 4711 2188 4756 con-

1208 4769 1306 4844 tinet,
1341 4786 1465 4832 novum
1501 4767 1574 4835 dici.
1624 4771 1824 4856 Expendant
1855 4776 2000 4858 primum
2034 4776 2187 4856 lectores,

245 4871 275 4938 1)
297 4869 344 4928 aa
369 4873 480 4927 mem
502 4870 644 4940 amam
671 4886 732 4927 cam
753 4870 835 4926 carto
858 4876 884 4926 a
902 4869 1155 4927 mamma
1208 4851 1304 4936 quale
1324 4857 1517 4934 portentum
1534 4853 1693 4923 Servatus
1714 4861 1885 4943 parturiat,
1908 4883 2010 4945 quum
2031 4863 2191 4946 spiritum

178 4941 313 5009 100000ρο
330 4941 420 4996 latino
437 4948 463 4996 ct
479 4940 557 4994 Besa
573 4939 688 4994 babeat:
708 4940 836 4995 secundo.

245 5010 276 5074 2)
294 5008 369 5091 1100
388 5026 418 5064 00
436 5017 516 5064 rante
533 5022 584 5077 pas
602 5007 705 5063 d’avoir
722 5008 848 5063 confesse
871 5024 904 5076 cy
921 5007 1018 5062 000000
1040 5008 1103 5076 plns
1121 5006 1156 5063 00

177 5084 277 5270 ffirte)
291 5077 468 5215 filnlnglc'paye
486 5161 520 5201 cn
539 5142 608 5197 belle
627 5159 760 5213 mounoys
784 5143 950 5212 respondent
973 5157 1025 5212 qne
1044 5159 1075 5198 ce
1094 5147 1157 5199 sont
1276 5141 1308 5278 ἐξ
1323 5140 1520 5268 gwalae:
1536 5145 1676 5202 0011000οι
1693 5147 1756 5217 qn‘il
1773 5168 1807 5207 nc
1827 5153 1951 5209 s’oseroit
1967 5153 2090 5222 plaindre
2108 5159 2158 5207 etc.

191 5230 207 5268 a
252 5229 274 5269 s.
1423 5250 1430 5265 .
1975 5246 1978 5252 ·
