4762 5918
230 338 269 402 ai
353 324 356 331 ’
841 276 846 284 ’
975 311 995 326 ”
1052 319 1416 400 aesomnium.
2036 363 2040 370 -
2206 336 2248 399 aa

231 525 373 609 digitum
405 524 445 588 ab
475 523 592 588 ultima
621 522 850 606 desperatione
883 522 1005 588 aberat
1056 522 1210 588 Afflietus
1262 520 1392 587 illustre
1413 521 1485 586 eius
1511 519 1682 604 speculum
1704 522 1798 586 nobis
1820 520 1914 588 Deus
1943 523 2018 605 ipse
2037 529 2115 589 ante
2137 523 2247 591 oeulos

231 618 303 676 erat
324 609 398 692 plus
420 630 519 691 quam
548 609 651 674 atrooi
681 606 782 674 elada.
828 608 932 671 Totus
954 628 1056 690 prope
1078 610 1138 672 flos
1159 609 1211 672 vi·
1263 607 1365 693 ponit

230 716 346 761 rorum
368 695 519 776 perierat.
552 693 662 759 Palati
685 714 723 758 ae
745 693 893 776 dissipati
905 692 1090 769 nihilaliud
1112 714 1211 775 quam
1348 692 1423 756 Iam
1455 692 1514 757 vix
1542 690 1611 756 ulla
1649 692 1755 775 magis
1795 712 1906 758 eoram
1940 695 2064 760 mundo
2091 694 2247 778 pudenda

164 860 165 863 Ἴ
230 783 329 846 fletus
361 788 396 845 et
433 779 581 844 lamenta
620 778 875 844 meditabantur.
937 778 988 843 Ne
1026 778 1211 844 remedium
1263 777 1419 842 eeclesiae
1441 775 1632 842 deformitas
1648 778 1731 860 tingi
1751 785 1869 860 petest,
1892 799 1992 860 quam
2013 780 2247 866 babylonicum

229 865 365 949 quidem
386 887 466 948 prae
489 864 651 930 malorum
681 866 843 948 gravitate
871 863 1121 946 quaerentibus,
1151 865 1211 929 ali·
1263 862 1426 927 exsilium
1472 860 1625 927 Crudelis
1650 883 1761 927 rerum
1789 864 1936 928 omnium
1964 864 2121 948 direptio,
2150 866 2247 933 foeda

155 965 157 971 ’
231 971 297 1034 qua
318 951 463 1033 primam
485 949 583 1014 datur
602 948 779 1014 relaxatio:
807 957 921 1031 postea
949 950 1057 1014 subito
1079 958 1212 1033 praeter
1264 955 1373 1012 terrae
1390 946 1558 1030 populatio
1570 957 1604 1012 et
1620 951 1770 1025 vastitas,
1793 949 1873 1014 urbs
1889 949 2051 1016 inoendiis
2073 961 2107 1017 et
2116 952 2246 1018 violen-

230 1036 419 1119 opinionem
447 1036 576 1101 eooelo
599 1035 690 1100 salus
712 1034 858 1119 affulget.
904 1032 1022 1100 Oasiso
1043 1033 1145 1100 Saule
1167 1037 1212 1100 si·
1263 1034 1310 1098 tia
1343 1033 1456 1098 hostili
1487 1031 1625 1098 disieeta
1655 1041 1689 1098 et
1720 1033 1844 1113 laoera,
1885 1036 2047 1118 templum
2080 1036 2246 1102 horribilli

229 1122 311 1189 mile
331 1121 476 1187 instabat
497 1121 685 1202 excidium,
705 1142 808 1203 quum
830 1119 942 1185 David
971 1140 1024 1185 res
1052 1119 1212 1204 oollapsas
1263 1119 1361 1183 ruina
1388 1118 1550 1197 exeisum,
1586 1120 1688 1184 totius
1720 1140 1831 1185 saorae
1863 1121 2077 1202 supelleetilis
2106 1123 2246 1206 indigna

230 1219 398 1273 momento
419 1208 574 1272 restituit.
619 1207 657 1271 si
680 1207 855 1272 continuus
882 1206 971 1289 panis
998 1207 1211 1289 prosperique
1264 1204 1429 1287 spoliatio,
1468 1212 1627 1286 quantam
1664 1203 1814 1271 hostibus
1853 1205 2037 1273 insultandi
2075 1208 2246 1274 lieentiam

232 1302 339 1359 status
377 1301 473 1357 tenor
509 1292 673 1369 fluxisset,
714 1299 824 1374 posset
862 1290 994 1374 quidem
1032 1292 1212 1358 maioribus
1264 1288 1344 1355 dare
1354 1288 1530 1372 poterant?
1559 1290 1607 1355 Et
1624 1310 1663 1355 ea
1681 1311 1767 1372 quae
1778 1311 1866 1355 nuno
1887 1294 2038 1357 reeensui
2050 1292 2243 1380 ostendunt,

230 1378 413 1462 praedicari
434 1379 591 1443 eneomiis
619 1399 696 1442 rara
716 1376 806 1443 illius
832 1377 946 1461 populi
968 1376 1119 1443 felioitas:
1153 1376 1212 1443 sed
1265 1396 1364 1457 quam
1389 1375 1573 1441 insolenter
1600 1396 1635 1440 se
1664 1376 1843 1442 extulerint
1869 1375 2038 1444 Ohaldaei.
2083 1376 2246 1445 Omnium

190 1524 196 1534 ,
232 1472 282 1527 tat
307 1465 445 1529 mirifiee
466 1484 486 1528 a
507 1464 579 1529 Deo
601 1463 720 1528 allatae
749 1462 873 1529 salutes
900 1483 966 1527 non
994 1461 1131 1546 perinde
1154 1484 1211 1547 ag-
1264 1480 1343 1525 vero
1370 1460 1526 1526 considis
1559 1471 1594 1525 et
1622 1461 1735 1526 sannis
1771 1462 1893 1544 passim
1929 1464 2117 1546 impetitum
2143 1465 2246 1530 fuisse

232 1556 458 1615 noscerentur.
504 1548 618 1631 Quum
638 1558 752 1632 postea
773 1547 885 1614 deoem
912 1547 1019 1613 tribus
1041 1568 1119 1613 sea
1140 1570 1211 1614 eor·
1265 1547 1329 1612 Dei
1357 1545 1492 1625 cultum,
1527 1546 1598 1611 veri
1632 1547 1739 1611 simile
1773 1555 1832 1613 est
1878 1549 1981 1630 Atqui
1999 1550 2085 1616 liaeo
2114 1557 2246 1616 tantum
2293 1595 2298 1602 -

231 1656 311 1720 pore
340 1635 500 1711 alienent,
534 1635 600 1699 tale
629 1632 800 1699 dissidium
827 1634 915 1697 inter
940 1633 1061 1698 multos
1089 1634 1210 1713 hostes,
1264 1629 1425 1714 quaedam
1454 1641 1550 1696 erant
1571 1631 1677 1697 veluti
1698 1632 1878 1715 praeludia
1925 1638 1999 1714 [pag.
2019 1641 2074 1715 37]
2096 1635 2246 1719 Populus

231 1721 352 1787 aeriter
373 1719 510 1786 nocendi
519 1719 680 1786 oooasioni
703 1719 857 1798 intentos,
878 1727 1087 1801 praesentem
1108 1719 1211 1784 inter·
1264 1716 1471 1801 Babylonem
1492 1716 1661 1795 abduntus,
1691 1738 1759 1781 non
1782 1741 1876 1785 soeus
1898 1740 1936 1785 ao
1958 1729 2126 1786 mortuum
2148 1721 2246 1787 oada-

232 1807 318 1871 itum
344 1807 466 1871 minari
494 1805 677 1872 videbatur.
722 1805 938 1888 Degenerant
962 1811 1077 1887 postea
1103 1805 1211 1870 Israe-
1265 1823 1325 1866 ver
1345 1804 1381 1868 in
1404 1803 1592 1886 sepulerum
1614 1802 1813 1870 reeonditur.
1858 1803 2060 1888 Quanquam
2081 1807 2144 1873 hoe
2166 1828 2245 1889 quo-

232 1892 312 1956 litae
337 1893 373 1956 in
401 1892 523 1956 alienes
552 1892 646 1955 ritus.
692 1890 809 1973 Itaque
836 1888 1030 1956 abdicantur
1055 1889 1212 1973 quodam·
1265 1909 1330 1970 que
1356 1889 1510 1966 interest,
1544 1888 1630 1971 quod
1657 1888 1784 1954 laterae
1810 1898 1920 1973 partes
1947 1891 2013 1957 huo
2040 1891 2121 1957 illue
2149 1892 2246 1959 dissi·

233 1975 369 2042 modoa
390 1977 454 2042 Dei
475 1976 607 2041 familia
641 1974 824 2041 Residuam
846 1983 984 2059 partem,
1006 1996 1091 2058 quae
1109 1976 1212 2042 ecele-
1265 1980 1403 2055 pantur,
1434 1994 1476 2038 ne
1506 1995 1622 2039 rursus
1649 1975 1842 2041 eoaleseant.
1887 1976 1990 2042 Nulla
2012 1977 2155 2061 amplius
2179 1977 2245 2043 Dei

233 2063 283 2128 sia
304 2063 368 2127 Dei
391 2069 559 2140 censetur,
589 2061 645 2126 diu
673 2068 836 2127 staturam
857 2081 928 2141 esse
950 2082 1048 2126 nemo
1068 2068 1210 2145 putaret.
1264 2059 1365 2143 regia,
1388 2058 1518 2124 nullum
1541 2059 1729 2140 saerarinm,
1752 2061 1844 2126 nulla
1865 2061 1975 2127 eultus
1995 2065 2130 2146 speeies,
2159 2063 2246 2129 nulli

143 2140 147 2149 ’
232 2148 278 2213 Et
298 2168 436 2213 sanese
458 2168 555 2230 saepe
577 2148 783 2213 neeessitatis
795 2146 968 2212 ooniieitur
983 2146 1125 2230 populus
1144 2147 1211 2226 ille,
1264 2145 1417 2210 solennes
1439 2156 1565 2224 eoetrrs,
1595 2144 1726 2210 nullum
1752 2145 1893 2230 denique
1919 2155 2070 2231 superest
2088 2149 2245 2216 eeclesiae

232 2240 273 2298 ut
294 2232 398 2298 salute
424 2232 598 2316 desperata
626 2240 774 2298 extrema
801 2252 949 2315 quaeque
971 2232 1132 2297 attonitus
1154 2254 1212 2297 ex·
1265 2250 1393 2295 nomen.
1443 2232 1494 2295 Ae
1525 2251 1568 2294 ne
1605 2230 1684 2313 quid
1715 2231 1757 2296 ad
1790 2240 1973 2303 extremam
2011 2235 2246 2300 oontumeliam

232 2315 362 2401 ¹speotot
410 2320 570 2402 Tempore
596 2319 726 2396 than,
758 2339 862 2401 quum
895 2317 959 2383 duo
990 2319 1213 2400 potentissimi
1264 2314 1365 2394 desit,
1393 2316 1429 2381 in
1456 2314 1606 2398 superbis
1637 2324 1671 2381 et
1700 2318 1849 2400 impuris!
1870 2319 2164 2386 eomessationibus
2190 2342 2246 2385 sa·

232 2425 327 2488 reges
353 2405 459 2487 ipsam
487 2424 615 2487 quoque
642 2402 880 2488 Ierosolymam
911 2405 1058 2487 aggressi
1091 2414 1211 2483 essent,
1263 2420 1321 2466 ers
1341 2421 1421 2467 vasa
1441 2401 1588 2467 ostentui
1609 2400 1782 2468 habentur.
1814 2402 1907 2484 Quin
1928 2425 1967 2470 eo
1989 2425 2093 2488 usque
2114 2426 2246 2490 grassa·

232 2497 303 2554 tota
324 2491 415 2573 regio
438 2489 533 2573 quasi
560 2488 684 2573 dupliei
713 2488 863 2554 incendio
890 2498 1041 2571 sarrepta
1061 2489 1129 2554 iam
1151 2491 1211 2554 fla·
1263 2492 1319 2551 tur
1346 2488 1500 2564 saevitia,
1529 2495 1568 2552 ut
1589 2488 1700 2554 Deum
1726 2489 1881 2554 invoeare
1908 2491 2047 2573 ospitale
2075 2491 2128 2556 sit
2176 2489 2246 2557 Sed

232 2576 366 2658 grabat:
393 2575 504 2640 Aehaa
531 2596 654 2658 pavore
683 2574 892 2640 exanimatus
919 2572 960 2639 ad
988 2575 1113 2657 primos
1136 2575 1212 2640 hos·
1263 2571 1343 2638 feeit
1364 2572 1446 2637 haee
1467 2584 1537 2637 tam
1558 2573 1712 2639 immanis
1733 2575 1879 2640 omnium
1892 2576 2053 2641 malorum
2064 2579 2246 2660 eongeries,

232 2661 317 2724 tium
336 2660 478 2725 insultus
495 2661 589 2725 faeile
608 2659 812 2726 ooneidisset
843 2660 1084 2743 Exstinguitnr
1104 2661 1212 2726 subito
1264 2665 1302 2721 ut
1323 2658 1359 2721 in
1381 2655 1583 2723 restituenda
1603 2659 1715 2742 populi
1737 2660 1859 2739 salute,
1887 2662 1993 2744 magis
2014 2663 2159 2727 emineat
2180 2664 2248 2728 Dei

233 2753 348 2810 tantus
369 2747 457 2829 ignis
479 2746 601 2829 absque
629 2746 803 2810 hominum
829 2762 946 2823 manu,
979 2745 1089 2810 fumus
1113 2745 1214 2810 etiam
1264 2744 1380 2808 virtus.
1414 2744 1576 2821 Primum,
1599 2744 1684 2826 quod
1697 2745 1817 2833 Daniel
1838 2752 1872 2811 et
1893 2746 2055 2812 eiussoeii
2076 2747 2113 2811 in
2134 2768 2248 2812 raram

233 2829 420 2896 discutitur.
464 2833 587 2897 Annon
624 2833 659 2896 in
691 2830 886 2895 liberatione
915 2831 981 2896 ista
1009 2831 1074 2896 Dei
1108 2832 1214 2915 gloria
1264 2829 1450 2912 potentiam
1471 2849 1514 2893 ex
1535 2830 1695 2896 servitute
1716 2830 1919 2910 evehuntur,
1948 2839 1987 2896 ut
2007 2831 2129 2915 aliquid
2152 2832 2246 2898 leva·

233 2916 333 3000 pleno
354 2937 390 2981 se
411 2915 539 3000 fulgore
566 2914 732 2982 effundit?
778 2915 892 2997 Quum
920 2937 998 2982 vero
1020 2914 1213 2983 Senuaohe·
1265 2915 1364 2980 tionis
1386 2915 1506 2980 misere
1535 2916 1700 2999 oppressis
1728 2917 1882 2982 fratibus
1905 2918 2059 2983 afferant:
2094 2918 2157 2983 hoe
2177 2918 2247 2983 iam

232 3002 284 3066 rib
307 3022 447 3086 regnum
468 3001 640 3084 praesidiis
653 3001 1027 3085 nudatumoooupasset,
1050 3002 1213 3086 trepidam
1265 2998 1461 3067 doeumento
1481 3000 1593 3082 palam
1610 3001 1732 3066 fastum
1754 3008 1813 3080 est,
1836 3002 2016 3082 eeclesiam,
2038 3004 2095 3069 ubi
2113 3003 2248 3069 videtur

232 3088 356 3152 urbem
371 3097 406 3152 et
427 3086 469 3152 ad
495 3087 716 3153 resistendum
736 3092 811 3167 [pag.
831 3091 886 3167 36]
912 3089 1049 3153 minime
1069 3089 1213 3173 instrue·
1264 3087 1397 3167 penitus
1418 3085 1547 3165 relieta,
1574 3105 1673 3152 aurae
1700 3094 1814 3152 tamen
1835 3109 1907 3154 esse
1928 3089 2010 3153 Deo.
2055 3087 2155 3169 Quod
2175 3097 2248 3156 tres

232 3181 302 3238 tam
329 3173 450 3239 furiose
476 3172 621 3251 invadit,
650 3193 709 3237 rex
736 3172 895 3273 Eneebias
921 3173 990 3271 lere
1018 3173 1135 3273 similis
1163 3180 1214 3239 est
1264 3173 1378 3271 saneti·
1400 3171 1564 3271 homines,
1592 3172 1713 3271 quiin
1740 3173 1906 3240 sornaoem
1933 3174 2079 3275 eonieeti·
2101 3175 2245 3274 fuerant,

233 3258 1213 3427 ιιιωιιιιι
1263 3256 2247 3428 ιιιιιιιιιιιιιιιιιι

232 3451 309 3495 rens
331 3429 394 3495 alio
415 3450 494 3495 mox
512 3430 690 3513 abripitur,
713 3450 825 3495 annon
846 3437 918 3494 tum
939 3430 1022 3496 haee
1042 3430 1213 3514 inopinata
1263 3427 1406 3495 Reditus
1428 3435 1541 3493 autem
1561 3429 1633 3512 ipse
1653 3429 1768 3513 populi
1793 3452 1860 3495 non
1881 3430 2002 3495 minori
2024 3429 2246 3498 admiratione

231 3516 371 3580 mutatio
393 3537 511 3582 verum
538 3537 610 3582 osse
631 3515 789 3594 ostendit,
818 3513 904 3598 quod
926 3515 967 3581 ab
989 3515 1096 3582 Iesaia
1116 3537 1211 3600 prae-
1264 3513 1384 3598 dignus
1405 3515 1477 3593 fuit,
1500 3534 1601 3596 quam
1621 3514 1770 3580 inaudita
1791 3515 1953 3599 quaedam
1969 3517 2183 3582 resurreetio:
2207 3527 2246 3582 ut

232 3598 358 3667 dietum
380 3609 460 3679 erat,
482 3622 554 3667 esse
571 3608 759 3685 promptam
770 3601 842 3666 Deo
859 3602 1034 3685 rationem,
1053 3623 1118 3685 qua
1139 3609 1212 3667 tru-
1264 3620 1342 3664 vere
1363 3599 1398 3664 in
1410 3599 1546 3665 Psalmo
1566 3597 1679 3666 fideles
1699 3602 1833 3681 iaatent,
1856 3609 1983 3668 satane
2000 3602 2245 3668 somniantibus

232 3686 398 3751 aulantem
427 3685 565 3752 bestiam
589 3685 682 3752 illam
704 3687 757 3752 vel
777 3684 940 3766 domaret,
967 3687 1021 3754 vel
1044 3688 1212 3753 cohiberet
1262 3684 1725 3765 suissesimilss(PsaL126‚
1750 3687 1791 3770 l).
1836 3687 1910 3751 Iam
1931 3687 2017 3769 quod
2040 3699 2245 3755 commeatus

233 3771 311 3853 (Ias.
331 3775 382 3849 37,
402 3771 481 3854 29)?
526 3770 596 3838 Sed
616 3772 672 3836 ubi
693 3771 791 3855 paulo
822 3780 898 3853 post
924 3792 1011 3839 nova
1031 3773 1173 3839 viatoria
1186 3774 1211 3857 ¹)
1263 3790 1382 3856 aroge
1403 3771 1588 3853 praebetur,
1610 3771 1697 3854 quod
1719 3772 1880 3856 templum
1902 3773 2086 3839 exstruitur
2106 3782 2249 3857 sumptu

232 3858 368 3921 inflatus
390 3857 577 3936 revertitur,
604 3856 703 3940 longe
724 3856 814 3921 aliud
895 3856 961 3922 tiae
982 3860 1212 3942 potentiaeque
1263 3858 1368 3945 regio,
1395 3855 1482 3940 quod
1504 3857 1660 3940 gravibus
1687 3857 1801 3924 odietis
1829 3858 2046 3941 prohibentur
2067 3879 2087 3924 a
2107 3859 2225 3926 Iudae'

234 3962 312 4007 suae
336 3941 502 4023 speeimen
523 3942 559 4005 in
581 3941 739 4007 solvenda
760 3940 829 4007 obsi
854 3943 926 4007 'one
946 3942 1015 4008 edit
1037 3943 1210 4010 Dominus.
1262 3943 1420 4022 iniuriae,
1448 3941 1570 4026 pudeat
1597 3964 1657 4009 nos
1683 3964 1749 4010 non
1780 3965 1956 4027 agnoseere
1985 3944 2094 4010 Deum
2120 3945 2246 4012 harum

232 4026 356 4110 Neque·
382 4028 472 4091 enim
498 4047 559 4110 per
582 4026 735 4092 homines
768 4047 844 4091 eum
871 4025 950 4093 inde
976 4035 1124 4107 revoeat,
1157 4030 1211 4095 vel
1262 4049 1375 4093 rerum
1409 4036 1574 4106 autorem,
1608 4049 1709 4110 quum
1740 4028 1879 4095 totidem
1911 4029 2089 4096 incredulis
2115 4030 2246 4097 fuerint

233 4113 365 4178 usimtis
385 4111 492 4178 modis
512 4113 638 4196 frangit
654 4112 747 4200 illius
768 4112 921 4195 impetus,
948 4113 1137 4197 mediosque
1157 4134 1210 4180 oo·
1263 4119 1425 4197 portenta
1468 4112 1562 4180 Haeo
1583 4122 1695 4179 autem
1718 4114 1935 4181 bonsideratio
1957 4115 2021 4181 dioi
2042 4135 2109 4179 non
2130 4123 2247 4199 potest

233 4207 336 4263 natus
367 4198 547 4281 abrumpit:
583 4197 642 4263 sed
672 4197 821 4263 inaudita
846 4205 957 4283 strage
989 4219 1048 4282 per
1074 4221 1210 4265 manum
1261 4207 1463 4282 quantopere
1490 4199 1532 4264 ad
1560 4199 1739 4266 iuvandam
1766 4200 2016 4285 augendamque
2041 4200 2141 4265 fidem
2162 4224 2245 4268 nos·

234 4284 344 4367 angeli
366 4284 548 4349 exereitum
569 4283 619 4348 illi
642 4290 739 4350 noete
767 4303 833 4349 una
861 4283 1024 4365 adimens,
1047 4286 1210 4351 inermem
1261 4292 1348 4349 tram
1375 4283 1493 4350 valeat
1538 4283 1615 4365 Quo
1646 4287 1855 4353 oonvineitur
1883 4308 1998 4353 eorum
2024 4286 2244 4370 ingratitudo,

207 4387 213 4398 ·
234 4389 273 4435 ao
294 4368 469 4451 spoliatum
486 4369 705 4454 ignominiosa
721 4370 800 4454 suga
817 4369 931 4454 prooul
954 4370 1116 4436 aIudaea
1135 4392 1210 4454 pro·
1261 4370 1319 4519 gui
1340 4370 1376 4433 in
1398 4379 1466 4434 tam
1487 4368 1571 4435 bene
1593 4371 1742 4437 ordinato
1763 4372 1888 4456 gloriae
1905 4373 1971 4438 Dei
1992 4371 2122 4437 theatro
2143 4394 2245 4438 sean-

233 4455 335 4539 fligat,
357 4475 456 4536 quam
477 4456 582 4521 vietm
608 4455 799 4540 ingentibus
826 4456 929 4538 oopiis
949 4457 1090 4522 tenebat.
1134 4457 1210 4523 Hoo
1284 4456 1375 4521 alum
1397 4475 1461 4539 quo
1481 4456 1670 4541 impingant
1678 4458 1740 4524 sibi
1866 4465 1889 4524 t
1921 4459 2037 4536 Porro,
2058 4458 2095 4522 in
2115 4464 2246 4526 terram
2320 4542 2323 4543 f

234 4547 323 4605 serta
355 4560 460 4605 unum
491 4541 618 4606 faeinus
649 4541 758 4625 amplo
795 4540 990 4608 doeuniento
1027 4548 1091 4620 est,
1125 4542 1210 4607 nibil
1261 4563 1357 4608 suam
1388 4543 1526 4620 reversi,
1561 4542 1669 4609 subito
1694 4543 1749 4610 ino
1812 4543 1920 4610 'bilem
1945 4543 1982 4607 in
2009 4542 2143 4608 modum
2170 4552 2246 4612 tarn

232 4625 403 4692 interdum
424 4628 530 4711 magis
552 4625 717 4709 expedire,
739 4647 839 4710 quam
860 4627 1031 4694 eeelasiam
1051 4628 1210 4693 extremis
1260 4627 1433 4692 hominum
1454 4647 1593 4693 numero
1615 4650 1714 4711 quam
1730 4629 1847 4711 opibus
1869 4636 2042 4714 augentm.
2075 4629 2245 4712 Hooquo-

232 4712 407 4865 ιιι
587 4711 884 4779 ιι
1262 4712 1934 4884 ιιι]
1950 4715 2278 4868 ιιι-ιιι

233 4885 330 4968 grati,
352 4883 381 4948 si
400 4883 512 4950 velum
532 4882 621 4949 ultro
649 4883 742 4950 nobis
763 4885 973 4968 opponimus,
1000 4884 1088 4968 quod
1108 4883 1213 4952 divini
1262 4882 1415 4949 hostibus
1435 4883 1605 4950 relaxatio.
1638 4885 1772 4952 Seimus
1793 4886 1882 4951 enim
1899 4893 1949 4952 tot
1968 4886 2071 4952 brisso
2092 4886 2247 4955 adversis

234 4989 314 5053 arga
345 4969 517 5035 eeclesiam
546 4970 667 5035 favens
699 4979 910 5054 eonspeotum
946 4971 1113 5050 obseurat,
1155 4970 1213 5036 ubi
1263 4968 1366 5053 eopiis
1388 4967 1547 5049 obsesses,
1573 4979 1654 5053 quot
1674 4972 1802 5038 vieinae
1824 4978 1919 5038 erant
1939 4972 1975 5036 in
1996 4972 2135 5039 oirouitu
2157 4995 2246 5058 gen·

276 5065 280 5071 ·
1263 5061 1324 5121 tes.
1366 5054 1504 5134 Verum,
1532 5056 1628 5123 utin
1648 5076 1745 5124 oruoe
1766 5057 1887 5124 elarius
1905 5056 2069 5142 refulgeat
2088 5065 2246 5131 extraor-

1265 5140 1432 5206 dinarium
1442 5140 1507 5206 Dei
1527 5141 1738 5224 praesidium,
1759 5165 1826 5210 non
1841 5143 1947 5209 multe
1964 5152 2039 5227 post
2058 5144 2132 5210 aliis
2148 5143 2246 5212 iden-

306 5239 337 5309 1)
354 5241 417 5310 qu’il
434 5243 509 5298 avait
526 5259 576 5299 eue
595 5258 629 5297 en
646 5241 762 5312 Egypta.
1265 5226 1369 5293 tidem
1390 5234 1488 5309 atquo
1514 5226 1588 5294 aliis
1614 5227 1763 5296 cladibus
1785 5229 1833 5296 sio
1853 5236 2083 5318 proteruntur,
2112 5237 2151 5296 ut
2171 5232 2246 5300 itm
