4762 5918
217 314 258 378 re
1035 305 1100 371 aa
1122 303 1396 372 sensurus.
1645 316 1649 323 2
2121 285 2125 291 ’
2183 311 2243 375 so·

215 502 378 585 scriptura
394 500 515 580 absque
536 497 762 579 provocatione
784 494 919 563 iudicet:
942 495 994 559 ius
1011 494 1094 558 illud
1112 514 1192 577 qua·
1245 492 1418 559 bulonibus
1440 493 1513 557 istis
1535 492 1711 559 dicendum
1732 500 1844 571 restat,
1867 493 1999 577 quando
2022 495 2128 575 toties,
2152 502 2226 560 tam

215 587 375 667 lecunque
403 581 520 647 estad
549 604 585 647 se
614 602 690 646 mox
712 581 854 664 rapiunt.
899 580 968 647 Nos
990 600 1071 645 vero
1093 599 1192 662 quae-
1306 579 1391 643 viter
1412 584 1446 642 et
1467 579 1594 660 copiose
1621 578 1757 644 anobis
1784 580 1918 645 refutati
1946 580 2007 646 sibi
2030 588 2141 647 tamen
2163 579 2224 644 ad·

216 693 293 737 nam
315 689 394 734 vera
414 669 457 731 sit
483 667 635 746 ecelesia,
664 667 741 748 quia
768 667 823 731 hic
851 666 921 731 falli
950 673 1019 731 tam
1047 665 1191 748 proclive
1269 686 1309 730 uc
1348 663 1505 730 ecclesiae
1544 663 1679 730 titulum
1720 684 1875 749 arrogare
1914 666 2078 750 pergunt?
2141 665 2222 730 Dixi

214 777 314 840 quam
339 753 557 837 pericrdosum
586 762 650 831 est,
680 751 850 818 diiudicari
877 751 1041 820 volumus.
1092 750 1191 815 Certe
1246 755 1320 828 [pag.
1342 755 1415 828 104]
1444 749 1536 814 initio
1567 748 1674 814 nullos
1701 750 1938 833 propemodum
1963 752 2016 817 hic
2042 751 2127 830 alh,
2157 752 2224 817 nisi

215 862 339 908 novum
367 860 434 904 non
462 845 529 917 est,
558 837 613 920 qui
642 845 810 920 pastorum
840 836 910 901 loco
938 845 1107 919 praesunt,
1135 855 1191 900 eos
1244 835 1299 917 qui
1322 833 1364 899 ad
1389 833 1560 899 Christum
1590 833 1743 901 accedere
1771 836 1921 901 nolentes
1943 835 2004 900 sibi
2028 836 2142 919 procul
2165 836 2222 902 ob-

217 925 366 993 crudeles
377 924 544 989 interdum
566 943 638 989 esse
650 923 756 1005 lupos:
781 923 899 1004 impios
911 942 982 988 esse
1005 930 1038 986 et
1050 921 1190 1004 perfidos
1243 919 1370 984 stacula
1387 928 1566 985 accersunt.
1601 921 1681 984 Fuit
1697 921 1831 1002 quidem
1853 929 1992 1002 tempus,
2015 943 2118 1004 quum
2135 922 2223 986 mul·

215 1012 281 1077 Dei
302 1019 335 1076 et
357 1010 513 1076 ecclesiae
535 1008 731 1091 proditores,
760 1028 900 1090 quorum
921 1009 954 1071 in
978 1028 1079 1072 manu
1103 1006 1190 1071 ordi·
1243 1015 1293 1071 tas
1315 1005 1479 1086 simplices
1502 1028 1540 1072 aa
1565 1007 1638 1089 pias
1666 1007 1793 1071 animas
1816 1006 1990 1089 impediret
2013 1008 2066 1073 hic
2085 1028 2223 1092 serupu-

215 1099 309 1162 naria
331 1104 383 1161 est
404 1104 558 1178 potestas.
603 1092 693 1174 Quid
715 1105 765 1158 est
787 1094 898 1177 igitur,
921 1114 980 1159 cur
995 1113 1056 1157 nos
1074 1093 1190 1157 inanes
1242 1091 1311 1155 lus:
1335 1089 1392 1156 sed
1415 1090 1511 1155 hodie
1530 1109 1651 1174 paucos
1668 1113 1771 1156 sanae
1787 1091 1954 1157 doctrinae
1972 1092 2162 1163 scandalum
2180 1116 2225 1158 ex
2282 1165 2290 1177 .

68 1210 73 1223 ⁴
127 1230 130 1235 ψ
199 1182 327 1257 ,larvae
350 1183 505 1258 terreant,
530 1179 704 1261 quominus
726 1179 940 1257 excutiamus,
963 1185 1000 1241 ut
1021 1175 1190 1264 docetan
1244 1176 1377 1243 nornine
1405 1174 1569 1242 ecclesiae
1588 1198 1752 1260 opponere
1774 1175 1861 1256 dico,
1894 1179 1949 1259 qui
1971 1199 2038 1242 nou
2059 1178 2227 1245 malitiose

116 1280 119 1286 ’
216 1269 294 1334 vere
316 1268 373 1346 sit,
402 1285 486 1348 quae
515 1264 635 1330 dicitur
657 1263 817 1330 ecclesia?
852 1261 982 1328 Paulus
1005 1263 1191 1328 columnam
1244 1270 1278 1327 et
1296 1259 1445 1344 superbe
1474 1259 1609 1343 Christo
1636 1262 1805 1347 insultent
1850 1262 2009 1328 Eiusdem
2037 1266 2225 1346 proterviae
2284 1287 2289 1349 j

217 1354 367 1419 veritatis
396 1351 565 1428 ecelesiam
594 1346 665 1415 esse
690 1350 886 1434 pronunciat
908 1349 941 1429 (1
962 1348 1045 1412 Tim.
1069 1354 1098 1425 3,
1120 1347 1189 1433 15):
1246 1344 1414 1429 est-quod
1429 1342 1588 1413 miiacula
1610 1346 1770 1431 flagitant,
1793 1349 1909 1431 qmbus
1922 1348 2224 1433 obstupefacti'Deo
2368 1408 2377 1422 ,

188 1438 274 1511 Δ8θά
288 1435 438 1508 ‘idemet
459 1436 547 1503 orbis
566 1435 803 1501 iam'conversi
824 1432 1048 1512 defectionem,
1067 1442 1100 1502 et
1122 1435 1192 1498 An·
1245 1430 1380 1498 tandem
1396 1453 1470 1514 per
1502 1454 1562 1498 nos
1599 1433 1746 1516 loquenti
1779 1433 1893 1499 cedere
1912 1441 2094 1520 cogantur.
2148 1436 2226 1520 Ego
2258 1432 2271 1513 '‚

136 1525 161 1569 ἰ
208 1521 361 1598 ’1101111511
379 1523 418 1586 'in
440 1521 547 1586 medio
578 1524 653 1600 [pag.
680 1518 762 1600 103]w
777 1521 840 1585 Del
863 1520 984 1602 templo
997 1519 1022 1603 ¹)
1051 1514 1193 1603 regnum
1246 1539 1340 1595 vero,
1367 1539 1470 1600 quum
1499 1516 1647 1586 docmina
1674 1526 1790 1584 nostra
1815 1519 2019 1586 luculentum
2047 1521 2110 1586 sibi
2131 1521 2227 1585 testi-

133 1642 136 1645 ·
180 1612 184 1619 ’
216 1607 375 1692 praedicit
397 1607 436 1757 32
455 1607 552 1673 Thes.
573 1610 601 1684 2,
626 1607 693 1689 4)..
721 1605 811 1671 Satis
837 1613 955 1687 notum,
975 1612 1039 1682 est,
1068 1604 1197 1683 eadem,
1245 1605 1393 1668 monium
1404 1602 1528 1682 reddat,
1548 1604 1715 1670 miraculis
1727 1604 1889 1683 omnibus,
1908 1618 1991 1688 quae
2003 1604 2043 1670 ab
2055 1607 2132 1671 orbe
2145 1618 2226 1671 con·

183 1698 184 1701 ’
215 1695 335 1777 quibus
351 1692 395 1756 ho
418 1693 450 1758 ie
467 1713 667 1770 exercemur,
686 1686 975 1757 certaminaillum
989 1691 1193 1770 sustinuisse,
1246 1688 1314 1754 dito
1343 1687 1556 1768 exstiterunt,
1587 1711 1622 1754 se
1648 1690 1748 1754 fuisse
1777 1692 2038 1773 comprobatam,
2066 1692 2146 1757 istos
2167 1692 2228 1775 qui

216 1801 318 1863 quum
339 1777 454 1857 Iudaei
476 1778 641 1843 ecclesiae.
655 1778 787 1845 nomine
814 1776 1041 1859 superbientes
1063 1797 1138 1845 eum
1160 1782 1194 1839 et
1245 1782 1397 1856 veterum
1429 1775 1663 1841 miraculorum
1696 1775 1789 1841 obliti
1816 1778 1909 1841 novis
1937 1775 2083 1856 inhiant,
2114 1797 2228 1861 *quum

110 1897 112 1900 >
218 1872 402 1949 apostatem
423 1884 495 1928 esse
516 1864 706 1938 clamarent,
730 1871 763 1928 et
785 1862 999 1928 schismatum
1021 1883 1058 1927 ae
1081 1861 1192 1926 turba
1245 1860 1291 1923 ita
1313 1867 1466 1943 stupeant
1485 1861 1520 1924 in
1543 1869 1658 1942 aperta
1680 1862 1745 1926 Dei
1772 1862 1904 1940 virtute,
1928 1870 1961 1927 et
1983 1862 2018 1926 in
2040 1862 2129 1928 clara
2149 1862 2228 1928 luce

166 1973 168 1978 ·
216 1971 293 2015 rum
314 1957 472 2014 autorem
482 1948 511 2031 ²)
556 1947 723 2013 Continuo
744 1949 947 2017 successione
974 1945 1015 2011 ab
1036 1947 1117 2029 ipsis
1137 1969 1193 2011 us·
1246 1946 1439 2036 caecutiant,
1462 1967 1530 2010 non
1553 1947 1682 2011 minora
1704 1968 1775 2012 esse
1797 1946 2052 2030 portentadico,
2075 1950 2229 2031 quamsi

216 2057 279 2120 que
300 2034 455 2117 apostolis
478 2052 513 2098 se
536 2045 624 2099 ortos
646 2055 717 2098 esse
737 2035 875 2100 iactant:
898 2052 1017 2114 nempe
1059 2031 1193 2096 nemad·
1245 2031 1413 2096 hominem
1435 2032 1472 2094 ia
1493 2030 1653 2114 pecudem
1672 2053 1807 2097 versum
1828 2053 2046 2105 cerneremus.

216 2120 351 2185 modum
372 2120 507 2184 Valerio
524 2118 715 2187 Publicolae
737 2128 770 2183 et
792 2119 897 2183 Lucio
916 2117 1017 2182 Bruto
1037 2054 1194 2201 ilaligula
1331 2115 1498 2203 Quoniam
1520 2119 1621 2181 sacris
1643 2118 1761 2202 opibus
1780 2117 1874 2183 ditati
1892 2126 1972 2183 sunt
1984 2119 2144 2198 nonnulli,
2169 2119 2229 2184 alii

216 2214 250 2272 et
269 2206 359 2271 Nero
379 2206 652 2284 successeruntss)
697 2203 753 2290 Sic
776 2205 864 2268 enim
882 2202 1036 2286 apostolis
1059 2225 1094 2267 se
1116 2224 1193 2268 con·
1245 2202 1471 2267 famemsuam
1481 2209 1647 2285 uteunque
1664 2203 1705 2267 ad
1724 2209 1853 2286 tempus
1864 2203 2032 2283 sedarunt,
2054 2227 2113 2270 nos
2130 2226 2230 2287 prae.

108 2347 112 2357 ,
216 2293 336 2369 ferunt,
357 2312 395 2356 ac
418 2291 444 2354 si
468 2311 534 2355 non
551 2290 781 2372 interpositum
802 2299 889 2354 esset
905 2290 1105 2354 immensum
1127 2287 1193 2353 dis·
1246 2285 1345 2351 dandi
1363 2309 1397 2351 m
1443 2289 1470 2353 's
1487 2287 1649 2371 cupidine,
1673 2309 1772 2372 quam
1789 2291 1843 2372 pio
1860 2288 1926 2354 Dei
1947 2290 2015 2354 zelo
2034 2289 2076 2354 ad
2095 2312 2147 2355 res
2164 2312 2229 2354 ne·

217 2375 291 2442 sidii
312 2376 427 2454 chaos,
450 2375 536 2457 quod
563 2397 670 2440 nexus
690 2375 837 2458 quosvis,
867 2375 894 2439 si
916 2374 971 2456 qui
993 2383 1114 2452 essent,
1136 2373 1193 2438 ab
1245 2373 1370 2437 vendas
1390 2395 1410 2438 a
1433 2371 1548 2438 ductos
1562 2395 1635 2439 esse
1651 2375 1778 2439 iactant
1789 2376 1954 2460 evangelii
1972 2375 2096 2441 hostes:
2117 2376 2229 2456 multi,

216 2470 393 2544 rumperet
427 2460 514 2543 Quia
535 2461 628 2526 nobis
650 2460 788 2526 adversa
810 2467 860 2525 est
883 2460 962 2523 cleri
979 2460 1107 2543 papalis
1128 2459 1194 2523 col·
1245 2458 1302 2540 qui
1314 2467 1522 2540 praetextum
1535 2466 1669 2543 captant
1680 2459 1862 2543 repellendi
1875 2461 2046 2544 evangelii,
2058 2460 2230 2528 maledicis

142 2567 144 2570 ·
215 2547 331 2625 luvies,
356 2568 423 2610 nou
443 2547 553 2611 minus
575 2566 613 2610 eo
630 2568 690 2610 nos
708 2544 906 2628 praeiudicio
919 2545 1050 2628 gravari
1069 2544 1193 2622 volunt,
1246 2543 1319 2608 istis
1341 2544 1473 2610 vocibus
1495 2546 1731 2611 assentiuntur.
1765 2547 1839 2630 Ego
1861 2567 1951 2627 vero,
1970 2547 1998 2610 si
2020 2548 2074 2628 qui
2095 2546 2230 2631 replen-

217 2651 316 2714 quam
344 2633 372 2697 si
401 2652 461 2696 nos
490 2653 532 2694 ex
561 2631 649 2696 coelo
677 2630 786 2713 angeli
815 2628 1016 2693 damnarent.
1067 2630 1194 2694 Eodem
1247 2628 1298 2694 dis
1337 2630 1405 2694 suis
1443 2632 1608 2696 crumenis
1641 2631 1798 2697 ecclesiae
1836 2633 1923 2697 bona
1954 2631 2103 2715 praedati
2136 2641 2229 2712 sunt,

218 2716 342 2783 scilicet
374 2716 462 2781 fastu
496 2716 575 2781 olim
603 2716 776 2782 Christum
810 2714 1028 2798 repudiabant
1061 2714 1195 2795 scribae,
1247 2734 1453 2780 nonexcuso.
1486 2717 1533 2785 Et
1554 2715 1631 2780 libri
1643 2718 1755 2795 nostri,
1778 2724 1981 2800 quantopere
1991 2717 2230 2784 abhorreamus

111 2868 117 2877 ,
217 2803 295 2885 quia
323 2822 419 2866 nemo
445 2823 487 2866 ex
515 2801 719 2884 principibus
755 2812 811 2864 aut
838 2800 1028 2866 Pharisaeis
1057 2801 1093 2864 in
1120 2822 1196 2866 eum
1248 2800 1289 2864 ab
1307 2800 1466 2865 eiusmodi
1488 2800 1677 2886 sacrilegiis,
1701 2801 1815 2867 diserti
1838 2812 1916 2867 sunt
1933 2809 2042 2869 testes.
2086 2801 2229 2884 Verum,

217 2885 419 2954 credidisset
463 2886 605 2952 atilios
628 2884 769 2970 quidem,
792 2907 894 2969 quum
916 2905 977 2968 pro
1000 2907 1060 2951 sua
1081 2894 1195 2971 tyran·
1247 2893 1284 2949 ut
1305 2886 1409 2967 partis
1433 2895 1565 2952 nostrae
1585 2886 1721 2968 delictis,
1745 2889 1773 2953 si
1794 2910 1859 2971 qua
1883 2897 1976 2969 sunt,
2004 2888 2232 2972 patrocinium

217 2971 295 3037 nide
316 2972 530 3055 pertinaciter
558 2972 600 3037 ad
630 2978 814 3036 extremum
842 2993 944 3055 usque
973 2978 1099 3036 certare
1120 2993 1195 3056 pro-
1249 2991 1361 3036 meum
1383 2972 1626 3037 accommodare
1648 2974 1779 3038 animus
1807 2982 1959 3041 nonest:
1993 2976 2040 3039 ita
2061 2974 2230 3040 calumnia

217 3059 362 3141 positum
384 3058 437 3136 sit,
461 3064 495 3122 et
511 3058 600 3124 veris
619 3058 799 3123 rationibus
819 3059 886 3122 sint
904 3057 1060 3139 destituti,
1080 3060 1195 3126 inanes
1247 3077 1315 3122 non
1338 3065 1389 3122 est
1410 3057 1552 3137 ferenda,
1575 3057 1659 3141 quod
1682 3059 1716 3122 in
1737 3059 1896 3143 praedam
1915 3062 2052 3127 cessisse
2069 3059 2229 3126 malevoli

217 3142 527 3226 creparesonitus⁴)
549 3144 672 3208 mirum
682 3151 819 3208 nonest
854 3141 921 3207 Sed
932 3164 1054 3221 omnes,
1077 3142 1196 3226 quibus
1247 3141 1396 3209 homines
1407 3143 1631 3223 criminantur,
1652 3144 1809 3228 quidquid
1826 3145 1929 3211 foedis
1946 3147 2012 3211 illis
2030 3144 2229 3230 gurgitibus,

216 3228 299 3294 falso
316 3234 485 3311 arreptum
504 3229 657 3294 ecclesiae
675 3249 794 3294 nomen
812 3227 966 3294 scandalo
984 3238 1043 3307 est,
1064 3236 1196 3312 rogatos
1248 3227 1310 3292 hoe
1337 3235 1386 3293 est
1413 3230 1567 3295 sacrificis
1588 3228 1673 3294 Baal
1702 3236 1735 3294 et
1755 3231 1926 3300 monachis
1955 3231 2145 3315 ademptum
2168 3239 2231 3297 est
2328 3302 2332 3307 ,

218 3314 333 3394 velim,
363 3322 401 3378 ut
429 3335 527 3379 aures
555 3314 731 3399 aliquando
760 3322 794 3378 et
816 3314 925 3379 oculos
945 3315 1072 3396 aperire
1095 3314 1195 3380 susti-
1248 3313 1356 3392 Certe,
1379 3335 1421 3378 ex
1444 3313 1562 3397 quibus
1584 3313 1664 3381 locis
1686 3317 1862 3402 profligata
1880 3324 1930 3383 cst
1947 3324 2087 3403 papatus
2109 3317 2230 3401 impie-

216 3406 336 3465 neant:
365 3421 408 3464 ne
429 3399 533 3464 fallax
562 3401 707 3483 corporis
729 3399 942 3465 simulacrum
972 3421 1028 3464 eos
1049 3421 1069 3464 a
1090 3401 1196 3482 capite
1248 3406 1315 3477 tas,
1338 3399 1406 3464 illic
1428 3400 1547 3465 saltem
1569 3421 1646 3483 pars
1667 3422 1780 3466 eorum
1803 3401 1985 3482 redituum,
2016 3423 2097 3486 quos
2120 3410 2231 3468 scorta

180 3485 353 3552 ,avellat
389 3507 432 3551 ne
461 3487 620 3551 meretrix
644 3505 791 3568 ,sponsae
819 3493 939 3550 ornatu
960 3485 1071 3551 fucata
1098 3505 1196 3571 spon·
1249 3490 1283 3549 et
1304 3485 1436 3552 lenones
1458 3507 1534 3551 cum
1556 3487 1778 3555 sacerdotibus
1791 3488 1816 3570 ¹)
1843 3489 2020 3568 vorabant,
2048 3488 2084 3551 in
2105 3508 2231 3572 paupe-

218 3591 293 3635 sum
321 3570 389 3636 illis
417 3569 590 3636 Christum
622 3571 757 3637 auferat.
802 3570 894 3652 Quas
920 3571 1023 3650 enim,
1051 3572 1196 3650 obsecro,
1249 3590 1303 3635 res
1325 3580 1491 3655 erogatur:
1523 3571 1690 3654 aliquanto
1710 3572 1785 3656 plus
1806 3573 2008 3657 impenditur
2029 3573 2066 3637 in
2087 3573 2228 3653 scholas,

218 3664 313 3721 notas
341 3655 466 3743 habeut
494 3657 580 3722 unde
607 3658 644 3722 in
671 3664 741 3722 tota
763 3656 960 3723 antichristi
987 3658 1115 3723 romani
1143 3677 1196 3721 co·
1249 3675 1346 3739 quam
1368 3658 1439 3722 fieri
1461 3656 1603 3723 solebat:
1626 3658 1762 3723 aluntur
1782 3661 1853 3725 veri
1874 3666 2031 3741 pastores,
2059 3661 2116 3742 qui
2137 3659 2230 3724 salu-

217 3739 313 3805 horte
333 3751 511 3823 agnoscant
534 3742 659 3808 Christi
677 3741 867 3808 ecclesiam?
910 3742 984 3808 Nisi
1011 3743 1095 3807 forte
1117 3741 1197 3806 dum
1249 3742 1292 3806 tis
1315 3741 1498 3808 doctrinam
1514 3742 1635 3827 populo
1652 3743 1896 3828 ministrant;²)
1919 3750 1994 3825 [pag.
2017 3750 2091 3824 105]
2114 3765 2230 3828 sump-

218 3845 339 3908 papam
361 3824 505 3890 albatum
527 3836 561 3892 et
580 3828 758 3910 proiectam
786 3826 828 3891 ad
850 3827 921 3892 eius
943 3827 1043 3910 pedes
1065 3848 1197 3894 crucem
1249 3835 1303 3892 tus
1325 3849 1387 3910 quo
1411 3849 1451 3892 ue
1474 3828 1516 3893 ad
1537 3828 1699 3895 tuendum
1720 3830 1874 3896 ecelesiae
1896 3838 2021 3896 statum
2041 3851 2108 3895 non
2129 3832 2230 3912 pauci

217 3909 348 3989 vident,
383 3910 565 3977 cardinales
600 3933 799 3995 purpureos,
834 3914 1001 3996 episcopos
1033 3915 1132 3977 mitra
1164 3921 1197 3977 et
1249 3914 1342 3977 fiunt
1389 3850 1551 3995 Quamvis
1579 3914 1661 3980 haec
1683 3936 1743 3981 nos
1765 3915 1910 3981 defensio
1933 3936 2043 3981 coram
2064 3916 2137 3981 Deo
2160 3937 2231 3982 non

218 3994 301 4060 lituo
322 3995 529 4078 conspicuos,
557 4006 590 4062 et
612 3997 772 4079 rquuam
795 3998 956 4062 minorem
977 3998 1108 4063 turbam
1129 3999 1197 4063 suis
1249 3998 1398 4065 absolvat
1417 3998 1516 4081 (quod
1538 3999 1639 4065 libere
1661 4001 1793 4082 quidem
1815 4001 1988 4085 confiteor)
2010 4000 2088 4065 mali
2135 4011 2230 4067 eta·

219 4100 347 4163 quoque
374 4081 560 4231 insignibus
588 4081 793 4161 distinctam,
821 4083 874 4148 his
901 4084 1091 4167 pignoribus
1120 4103 1196 4149 con·
1249 4104 1326 4148 men
1345 4083 1538 4149 scandalum
1555 4084 1633 4150 inde
1651 4088 1782 4170 congeri
1796 4086 1955 4153 adversus
1968 4107 2095 4171 evange
2111 4087 2130 4100 ”’
2150 4085 2230 4152 doc·

219 4168 312 4245 tenti,
336 4187 402 4231 non
425 4168 523 4231 a'am
546 4167 735 4233 desiderant
757 4167 942 4246 ecclesiam,
970 4168 1034 4232 nisi
1057 4189 1139 4252 quae
1160 4169 1196 4233 in
1249 4169 1371 4233 trinam
1393 4169 1585 4236 ostenditur.
1630 4173 1677 4236 At
1699 4172 1808 4254 palam
1838 4173 1910 4237 fieri
1939 4171 2133 4250 ostendunt,
2163 4194 2230 4256 quo

219 4250 354 4318 ludicris
382 4253 508 4336 pompis
522 4254 552 4335 ⁶)
586 4261 729 4336 apparet
787 4252 877 4335 Quid
904 4254 992 4318 enim
1024 4252 1113 4320 aliud
1139 4275 1196 4318 ne·
1249 4253 1357 4319 studio
1379 4255 1512 4338 impulsi
1530 4275 1664 4321 eausam
1682 4257 1932 4343 hanoaggressi
1951 4257 2120 4341 sumus:⁸)
2138 4258 2231 4340 quod

1248 4359 1362 4405 omnes
1384 4340 1452 4405 fere
1475 4341 1511 4404 in
1531 4341 1669 4423 privatis
1690 4344 1790 4409 rebus
1817 4341 1973 4410 curandis
1995 4343 2161 4426 occupati,
2192 4343 2231 4409 iu

1247 4425 1397 4508 urgenda
1423 4425 1611 4509 disciplina,
1644 4429 1846 4513 corrigendis
1872 4429 1976 4507 vitiis,
2012 4427 2162 4512 augendo
2197 4436 2234 4494 et

290 4522 319 4586 1)
340 4524 412 4579 add.
430 4541 484 4580 non
502 4541 552 4606 pas
571 4542 605 4580 en
623 4543 659 4580 sn
678 4526 777 4581 desert
1247 4510 1369 4576 tuendo
1380 4510 1505 4577 Christi
1527 4532 1630 4596 regno
1651 4519 1793 4596 torpent.
1828 4513 1898 4579 Cur
1919 4535 1997 4598 ergo
2019 4534 2088 4578 non
2110 4514 2232 4580 ardore

288 4591 412 4657 11111111-
437 4594 512 4648 Aina
536 4611 570 4650 011
593 4611 627 4648 111
652 4609 721 4649 1111111
738 4603 805 4662 peut
828 4594 1195 4664 11111111011111111111101
1247 4596 1356 4678 potius
1378 4617 1519 4662 suanos
1541 4597 1750 4678 calefaciunt,
1778 4620 1877 4683 quam
1903 4600 1968 4686 ipsi
1989 4599 2232 4697 congelascunt

220 4661 684 4814 samed)13⁸i¹deniddldredetei⁰⁸piide
687 4679 816 4800 daiyians
841 4739 869 4785 et
892 4731 933 4785 les
977 4732 1020 4786 lus
1043 4733 1132 4786 cruels
1150 4733 1196 4800 qui
1247 4679 1289 4747 ad
1312 4691 1462 4795 nostrum
1489 4682 1617 4769 frigus?
1662 4685 1836 4770 Legantur
1860 4684 1904 4750 de
1931 4684 2046 4767 templi
2072 4686 2233 4770 neglectu

218 4800 311 4855 fiuent
333 4800 428 4853 iamais
452 4806 499 4852 ont
521 4798 637 4854 succede
658 4816 713 4853 aux
734 4815 920 4868 gouverncurs
962 4815 993 4854 es
1010 4798 1050 4854 Re
1070 4801 1195 4869 ubliques
1250 4840 1453 4849 ---

219 4869 266 4963 (pri
282 4866 391 4922 avolent
411 4867 549 4921 maintenu
571 4867 599 4921 la
616 4868 721 4922 liberte.
755 4865 895 4961 N'opt-ils
913 4869 990 4937 point
1007 4868 1042 4948 de
1079 4876 1142 4923 onte
1161 4868 1194 4923 de
1618 4941 1625 4953 ,
1841 4943 1846 4954 Ι

220 4951 418 5004 saccomparer
441 4951 494 4989 aux
512 4935 645 5003 Apostres
669 4951 772 4990 comme
791 4936 846 4991 sds
864 4942 982 5004 avoycnt
999 4953 1056 4994 rien
1075 4937 1108 4989 de
1127 4952 1195 4992 scm·
1317 4938 1347 5001 1)
1366 4952 1433 4992 avec
1451 4946 1525 4994 ceste
1543 4953 1661 4995 vcrmrne
1680 4940 1713 4995 de
1729 4941 1893 5010 prestraille.

218 5004 310 5060 blable
328 5019 395 5058 avec
412 4997 509 5060 ccxl*
1316 5005 1348 5072 2)
1367 5005 1441 5062 aad.
1459 5023 1494 5062 au
1511 5007 1565 5067 lieu
1584 5026 1636 5077 que
1655 5010 1697 5064 les
1715 5011 1834 5064 ennemis
1846 5008 1959 5064 mortale
1978 4998 2091 5064 chicu
2108 5012 2234 5093 estoient
2357 5046 2365 5055 .

288 5069 319 5135 4)
338 5072 411 5128 leurs
467 5088 498 5127 os
520 5080 592 5127 mota
615 5070 733 5141 d’EgHsc
756 5081 784 5128 et
806 5072 839 5126 dc
863 5074 937 5141 siege
963 5072 1143 5141 apostolique
1167 5081 1195 5127 et
1248 5089 1283 5129 au
1301 5082 1433 5144 pararant
1451 5075 1600 5144 stipendiez
1638 5095 1688 5134 our
1705 5077 1826 5132 sacrifier
1844 5079 1861 5131 a
1880 5076 1956 5132 Baal.

221 5138 269 5193 des
286 5138 370 5193 Pares
387 5149 416 5194 et
452 5140 586 5197 el'union
604 5141 765 5210 catholicus.
1223 5162 1243 5174 ¹>
1316 5141 1445 5208 illucue
1458 5160 1543 5200 avons
1566 5160 1596 5200 es
1648 5162 1724 5201 meus
1748 5148 1765 5201 1
1786 5144 2009 5202 renuer'l’cstat
2030 5145 2063 5200 de
2079 5146 2110 5200 la
2127 5146 2231 5205 Chres-
2352 5207 2356 5215 ⁴

291 5204 321 5270 b)
339 5208 377 5263 tel
395 5208 526 5277 badinmc
544 5209 589 5279 qui
607 5209 709 5265 semble
727 5215 801 5264 estre
818 5209 867 5263 fait
876 5226 947 5278 pour
958 5211 1034 5264 iouer
1045 5224 1098 5264 une
1110 5208 1193 5265 iarce.
1247 5210 1339 5266 tientc.
1398 5230 1402 5235 ⁴
