4762 5918
976 348 1344 418 PROLEGOMENA.
1570 291 1572 296 Ι
2084 353 2176 421 xxl

161 536 286 604 mentis
308 537 451 617 Perrier,
473 537 603 622 Pyrier,
627 536 683 603 vel
704 536 832 603 Poirier
854 537 983 616 dicitur,
1012 561 1129 635 verpm
1151 539 1240 604 hunc
1262 560 1390 623 quoque
1411 540 1447 605 in
1469 538 1627 624 Gatalogo
1649 537 1905 622 supralaudato
1927 540 2052 607 frustra
2074 564 2174 626 quee-

163 650 312 716 sivimus.
358 649 508 716 Acoessit
527 648 687 714 claudius
708 649 888 716 Buduellus
910 658 982 715 tum
1005 651 1161 734 temporis
1183 650 1219 715 in
1242 649 1426 734 Gymnasio
1449 654 1518 716 sive
1541 649 1687 734 collegio
1709 650 1882 731 professor,
1904 659 2018 734 postea
2040 652 2175 719 demum

162 761 382 828 concionator.
433 762 487 826 Ex
514 759 700 844 pastoribus
727 781 815 826 anno
845 765 925 826 15⁶1
950 763 1136 845 Poppinus,
1170 760 1357 842 Gallasius,
1386 760 1590 836 stauretur,
1614 759 1724 843 Oopus
1746 768 1780 825 et
1802 761 1912 827 Faber
1933 763 1968 828 in
1989 765 2062 847 ipsa
2083 763 2175 844 urbe,

162 873 284 940 caeteri
306 880 345 937 ut
366 869 499 938 videtur
519 872 621 939 variis
643 872 680 937 in
701 872 782 938 vicis
804 891 898 939 sacra
917 872 1213 957 administrabant.
1246 871 1337 938 (lave
1359 882 1471 939 tamen
1492 871 1624 937 mireris
1650 869 1807 937 tredecim
1828 881 1958 939 tantum
1982 877 2117 942 nomine
2139 878 2175 942 in

75 983 80 992 ’
161 984 271 1050 libello
293 991 408 1050 nostro
430 959 610 1063 occurrere,
632 997 765 1067 praeter
782 982 969 1062 Calvinum,
991 1006 1094 1069 quum
1115 983 1221 1049 multo
1243 984 1355 1067 plures
1377 985 1520 1049 ministri
1536 983 1573 1047 in
1593 981 1840 1048 Genevensium
1863 983 1985 1050 ditione
2006 993 2078 1051 tum
2099 1006 2174 1053 mu·

163 1116 243 1162 nare
264 1095 483 1162 ecclesiastico
505 1096 737 1180 fungerentur,
764 1102 802 1160 ut
821 1094 917 1161 facile
940 1096 1057 1162 velex
1077 1094 1278 1161 Archinsrdi
1305 1095 1548 1162 nomenclatore
1577 1091 1739 1158 didiceris.
1788 1095 1864 1159 Non
1886 1097 1975 1160 enim
2003 1118 2116 1164 omnes
2138 1100 2174 1164 in

164 1227 358 1291 unaquaque
380 1207 636 1292 congregatione
657 1206 759 1273 verba
780 1206 886 1273 facere
908 1205 1059 1273 solebant
1077 1188 1110 1272 et
1132 1207 1306 1273 exhibetur
1328 1208 1382 1274 hic
1400 1206 1542 1292 simplex
1559 1206 1705 1272 narratio
1723 1226 1835 1270 rerum
1852 1206 1906 1271 die
1919 1209 1968 1272 18.
1979 1207 2173 1277 Decembris

161 1331 339 1402 gestarum.
1156 1306 1157 1309 ¹

167 1412 169 1422 ¹
318 1429 522 1514 Appendicis
552 1429 621 1495 loco
647 1429 725 1495 huic
752 1428 861 1494 libello
888 1427 1081 1495 subiicimus
1104 1429 1176 1513 ipsa
1198 1431 1302 1496 Acta
1323 1429 1487 1513 publica
1509 1428 1550 1495 ad
1570 1428 1768 1507 Hieronymi
1790 1429 1923 1495 Bolseci
1946 1451 2078 1497 causam
2098 1453 2174 1515 per·

161 1541 313 1621 tinentia,
336 1561 378 1607 ex
398 1541 554 1608 Arcbivis
576 1541 717 1606 civitatis
739 1539 946 1606 Genevensis
966 1540 1111 1605 maxime
1133 1541 1315 1626 desumpta.
1358 1543 1585 1606 Asservantur
1606 1539 1652 1604 ibi
1673 1540 1831 1623 peculiari
1852 1542 2088 1625 comprehensa
2109 1544 2175 1611 fus·

161 1652 266 1735 ciculo
288 1652 409 1736 inquo
430 1660 562 1737 praeter
590 1651 740 1718 libellum
768 1656 807 1716 69
830 1652 908 1718 folia
935 1652 1089 1737 colligata
1116 1653 1322 1736 complexum
1345 1652 1485 1719 schedae
1514 1652 1641 1717 solutae
1664 1659 1698 1716 et
1727 1652 1912 1735 singulares
1939 1653 2026 1718 ultra
2054 1655 2174 1740 viginti

160 1765 383 1848 reperiuntur.
428 1764 596 1830 Nonnulla
618 1784 661 1829 ex
683 1763 735 1829 his
758 1754 878 1830 selecta
898 1764 967 1850 iam
989 1764 1068 1828 olim
1089 1765 1310 1849 Hottingerus
1338 1766 1373 1829 in
1395 1785 1473 1830 suae
1497 1765 1571 1830 hist.
1595 1763 1670 1830 eccl.
1695 1765 1732 1829 Τ.
1756 1764 1855 1829 vm.
1878 1763 1999 1847 publici
2022 1758 2104 1831 iuris
2126 1767 2174 1833 fe-

161 1877 215 1954 cit,
238 1897 305 1941 non
327 1882 441 1941 tamen
463 1898 505 1941 ex
526 1877 598 1959 ipsa
620 1874 758 1941 Geneva
779 1874 891 1958 petita,
915 1896 1032 1942 verum
1054 1897 1137 1958 quae
1159 1876 1194 1940 in
1217 1876 1361 1942 archivis
1372 1874 1605 1941 'l'uricensibus
1628 1860 1815 1941 authentice
1838 1873 2001 1959 descripta
2023 1877 2174 1945 habebat

160 1987 265 2053 Plura
286 1987 387 2052 etism
415 1987 578 2052 dederunt
600 1987 701 2070 Alph.
723 1987 922 2052 Turretinus
943 1988 980 2052 in
1000 1986 1084 2052 libro
1106 1988 1162 2070 q'ui
1183 1987 1375 2053 inscribitur
1396 1985 1509 2052 Nubes
1539 1986 1688 2063 testium,
1722 1994 1754 2052 et
1776 1986 1910 2054 Ruchat
1930 1988 1966 2053 in
1988 1988 2047 2055 cel.
2077 2010 2175 2074 opere

159 2120 219 2164 suo
247 2097 297 2165 ed
327 2097 519 2164 Vuillemin.
549 2099 642 2164 Nom.
670 2098 712 2163 V.
773 2099 953 2165 Rccentius
977 2118 1106 2182 quoque
1140 2098 1180 2178 F.
1205 2098 1361 2164 Trechssl
1389 2099 1424 2162 in
1453 2098 1646 2181 Appendice
1673 2097 1748 2163 libri
1776 2098 1816 2163 de
1838 2099 2109 2180 Antitrinitariis,
2140 2111 2175 2166 et

159 2210 198 2274 P.
222 2210 341 2294 Henry
362 2211 399 2275 in
421 2209 501 2276 Vita
523 2209 656 2276 Calvini
678 2212 764 2293 App.
788 2210 900 2275 mm.
935 2210 1045 2275 Multo
1066 2218 1179 2275 autem
1199 2209 1392 2292 locupletius
1415 2216 1449 2273 et
1470 2208 1661 2292 diligentius
1683 2230 1753 2275 rem
1775 2209 1934 2275 trasmit
1954 2208 2038 2275 libro
2059 2213 2173 2296 singu-

161 2320 224 2385 lari
246 2343 275 2386 a.
301 2324 384 2385 1865
399 2320 557 2387 Genevae
579 2320 666 2387 edito
688 2321 855 2387 Henricus
871 2321 974 2406 Fam,
997 2330 1067 2387 tum
1092 2322 1247 2404 temperis
1269 2320 1412 2386 archivis
1434 2321 1675 2404 genevensibus
1697 2322 1897 2403 praefectus:
1922 2320 2036 2386 Preces
2056 2323 2094 2387 de
2116 2323 2175 2388 Je-

158 2434 244 2498 rome
265 2432 378 2500 Bolsce
394 2433 506 2515 public
527 2432 653 2514 d’apres
672 2434 716 2500 les
736 2434 912 2501 nenena
933 2434 1119 2516 oripincam
1151 2433 1257 2497 forma
1278 2433 1486 2516 quaternaria
1508 2433 1652 2498 maxima
1674 2453 1769 2518 pagg.
1793 2437 1844 2497 74.
1890 2432 1999 2514 Quem
2021 2454 2087 2500 non
2109 2435 2174 2500 nisi

160 2544 368 2627 paucissimis
389 2545 424 2608 in
445 2545 525 2610 locis
553 2551 701 2609 veterem
721 2546 920 2628 scripturam
947 2544 1058 2609 minus
1086 2543 1170 2610 bene
1198 2544 1317 2630 legisse
1339 2552 1396 2609 aut
1419 2544 1629 2626 descripsisse
1652 2543 1945 2627 deprehendimus,
1976 2545 2174 2612 documenta

158 2676 239 2722 vero
261 2657 372 2720 omnia
390 2665 424 2722 et
444 2656 586 2741 singula,
609 2655 645 2720 in
668 2657 736 2721 suis
758 2656 904 2722 archivis
927 2662 1103 2735 asservata,
1125 2656 1184 2721 vix
1207 2677 1274 2721 una
1296 2664 1355 2720 aut
1376 2656 1480 2720 altera
1501 2653 1623 2721 scheda
1644 2666 1789 2738 excepta,
1823 2656 1917 2721 Actis
1939 2656 2118 2722 inseruisse
2140 2665 2174 2722 et

159 2765 281 2833 additis
305 2767 581 2846 annotationibus,
603 2769 670 2833 imo
692 2768 792 2833 etiam
814 2774 973 2851 perpetua
994 2788 1105 2832 rerum
1126 2768 1336 2833 enarratione
1357 2765 1536 2833 lectoribus
1560 2765 1741 2832 declarasse
1763 2768 1996 2852 cognovimus,
2030 2769 2078 2833 ita
2100 2768 2173 2851 qui-

157 2879 235 2945 dem
257 2888 297 2942 ut
316 2901 359 2944 ex
375 2880 456 2962 ipsis
478 2879 601 2944 summi
622 2886 756 2946 senatus
777 2879 964 2964 protocollis
985 2899 1070 2962 quae
1092 2879 1134 2944 ad
1151 2879 1323 2945 historiam
1345 2899 1461 2945 causae
1483 2878 1693 2961 pertinebant
1714 2879 1855 2944 fideliter
1877 2879 2085 2946 exscriberet.

314 2991 422 3056 Erant
443 2998 555 3056 tamen
577 3011 659 3074 quse
682 2998 715 3057 et
739 3012 806 3070 nos,
821 2990 882 3057 vel
903 2998 978 3074 post
999 2990 1081 3056 tales
1102 2991 1177 3055 Viri
1200 2989 1379 3056 doctissimi
1400 3011 1511 3084 curas,
1538 2990 1683 3074 alioquin
1703 2991 1794 3056 omui
1814 2989 1912 3057 laude
1935 2991 2068 3076 dignas,
2096 3013 2172 3075 per·

156 3110 345 3181 moverunt,
367 3110 408 3168 ut
427 3103 542 3168 eadem
563 3104 649 3169 Acta
676 3104 797 3167 iterum
818 3102 950 3186 integra
976 3102 1157 3168 ederemus.
1201 3102 1398 3168 Poteramus
1426 3101 1558 3186 quidem
1587 3101 1645 3167 illa
1673 3100 1868 3167 documenta
1895 3122 1979 3186 quae
1996 3104 2069 3185 ,ipsi
2092 3103 2171 3170 Gal·
2231 3162 2232 3166 ,

157 3217 236 3281 vino
258 3215 366 3279 autori
386 3214 564 3281 tribuenda
585 3221 672 3294 sunt,
696 3233 772 3279 cum
790 3213 862 3279 aliis
884 3212 1082 3296 quibusdam
1109 3214 1243 3279 omnino
1268 3235 1335 3279 non
1356 3213 1577 3298 negligendis,
1608 3213 1779 3279 Thesauro
1802 3214 1968 3295 epistolico
1990 3234 2170 3293 reservare,
2231 3196 2233 3201 ’

156 3326 266 3392 Besae
289 3325 478 3409 exemplum
500 3333 674 3408 sequentes
695 3325 782 3410 apud
809 3347 906 3408 quem
928 3324 1089 3390 nonnulle
1116 3325 1165 3391 ita
1192 3326 1281 3391 edita
1306 3326 1473 3410 leguntur.
1518 3326 1647 3391 Verum
1667 3347 1770 3408 quum
1791 3325 1827 3389 in
1849 3325 1915 3390 ista
1936 3327 2043 3408 operis
2065 3327 2171 3392 nostri

156 3445 251 3520 parte
272 3437 315 3502 ed
336 3436 486 3503 ordinem
508 3445 694 3520 temporum
717 3437 849 3521 singula
870 3437 982 3503 stricte
1004 3436 1137 3521 exigere
1159 3438 1435 3517 constituerimus,
1457 3437 1552 3503 facile
1573 3437 1767 3504 videbamus
1790 3435 1859 3501 lore
1881 3444 1919 3501 ut
1939 3438 2040 3502 variis
2062 3438 2170 3502 vario-

86 3587 88 3592 2
156 3570 232 3614 rum
252 3548 358 3614 literis
380 3568 497 3615 causae
521 3548 646 3615 alienae
669 3546 843 3613 hincinde
865 3549 1061 3627 interiectis,
1085 3549 1183 3613 huius
1204 3549 1308 3632 ipsius
1330 3569 1522 3632 progressus
1551 3549 1711 3614 lectorum
1740 3547 1842 3614 oculis
1869 3555 1903 3612 et
1931 3549 2036 3613 menti
2057 3549 2170 3615 minus

155 3658 264 3726 lucide
286 3681 357 3726 sese
380 3661 521 3725 offerret.
555 3658 686 3725 Deinde
707 3659 789 3725 haec
811 3660 882 3742 ipsa
906 3661 1155 3739 causaBolseci,
1178 3682 1198 3725 a
1219 3662 1325 3744 primo
1343 3661 1454 3724 statim
1476 3660 1570 3723 initio
1588 3660 1740 3723 adfinem
1762 3673 1875 3742 usque,
1898 3665 1967 3724 tam
1988 3660 2169 3739 manifeste,

155 3779 224 3836 tam
248 3772 427 3851 evidenter,
451 3779 519 3836 tam
543 3773 688 3838 confesse
715 3770 901 3838 calviniana
923 3792 976 3836 res
999 3779 1062 3850 est,
1090 3780 1128 3836 ut
1153 3771 1274 3835 merito
1303 3778 1372 3835 tota
1393 3771 1481 3837 inter
1502 3771 1616 3836 Nostri
1637 3792 1736 3853 opera
1757 3771 1873 3859 referri
1896 3792 2000 3854 posse,
2023 3772 2089 3836 imo
2113 3771 2170 3836 de·

154 3884 233 3949 bere
255 3883 434 3949 videretur.
480 3884 543 3948 His
565 3885 611 3948 ita
633 3883 822 3949 deliberatis
843 3884 987 3966 primum
1008 3884 1114 3968 Nazyi
1143 3892 1270 3948 textum
1296 3881 1409 3948 sedulo
1437 3904 1513 3948 cum
1543 3882 1741 3948 authenticis
1762 3881 2006 3964 exemplaribus
2028 3883 2170 3949 contuli-

153 4015 239 4074 mus,
261 3994 419 4061 lectiones
441 3996 608 4060 variantes
630 4016 672 4060 ex
691 3993 764 4060 aliis
788 3995 828 4060 ab
856 3994 928 4077 ipso
955 3995 1114 4078 neglectis
1143 3994 1352 4078 depromptas
1381 3994 1628 4076 adscripsimus,
1656 3993 1815 4059 nonnulla
1836 3994 1900 4059 alio
1922 3994 2037 4060 ordine
2059 3994 2170 4077 dispo·

152 4106 292 4184 suimus,
315 4107 471 4188 pauciora
492 4106 533 4171 eb
555 4106 681 4171 editore
709 4107 830 4172 omissa
858 4125 918 4171 suo
940 4106 1009 4172 loco
1030 4106 1245 4186 inseruimus,
1275 4128 1358 4190 quae
1380 4107 1511 4172 Bernae
1535 4106 1646 4169 Turici
1666 4113 1699 4170 et
1721 4106 1880 4172 Neocomi
1902 4114 1969 4170 tam
1994 4106 2029 4169 iu
2052 4104 2170 4171 biblio·

153 4217 260 4284 thecis
278 4238 378 4301 quam
395 4218 431 4281 in
453 4217 598 4283 archivis
616 4222 749 4282 exstant
766 4218 888 4301 scripta
906 4217 973 4284 huo
994 4219 1196 4301 pertinentia
1217 4219 1431 4302 inspeximus,
1451 4218 1687 4299 excerpsimus,
1711 4215 1905 4296 addidimus,
1928 4217 2073 4283 maxime
2090 4239 2169 4283 vero

151 4351 195 4395 ex
218 4329 474 4395 Commentariis
496 4329 671 4394 ministerii
694 4329 890 4412 genevensis
912 4330 952 4394 ab
974 4330 1046 4411 ipso
1068 4331 1108 4394 A.
1130 4328 1318 4396 Archinard
1340 4329 1418 4394 olim
1430 4328 1637 4394 Venerabilis
1656 4328 1777 4395 Coetus
1800 4329 1975 4395 secretario
1997 4327 2171 4394 nobiscum

150 4441 403 4506 communicatis
425 4440 522 4524 plura
540 4439 618 4505 alibi
640 4461 707 4505 nou
730 4441 935 4506 occurrentia
952 4440 1133 4520 hausimus,
1155 4441 1204 4506 ita
1224 4448 1262 4504 ut
1282 4440 1414 4523 plenius
1436 4448 1469 4505 et
1491 4441 1675 4506 accuratius
1686 4441 1763 4522 iam,
1785 4461 2043 4525 quamunquem
2064 4449 2164 4506 antea

149 4573 196 4617 ex
219 4549 363 4617 editione
386 4550 448 4616 hae
470 4562 585 4618 nost-ra
607 4551 828 4617 memorabilis
849 4550 907 4615 illa
928 4558 960 4617 et
982 4552 1169 4617 tristissima
1192 4571 1291 4618 causa
1313 4551 1465 4636 cognosci
1486 4553 1597 4634 possit.
