4786 5910
204 315 267 383 611
628 280 632 287 ’
909 374 911 378 ,
1005 313 1070 378 nn
1093 311 1315 378 16166111
1338 310 1422 376 661
1668 335 1674 343 -
2140 291 2223 389 ¹'aaa

76 544 82 553 -
207 502 308 568 datur
328 501 384 584 qni
412 519 530 583 capere
558 520 624 565 non
647 491 770 584 potest:
800 521 870 565 non
892 506 1003 566 autem
1025 498 1191 576 timemus,
1244 498 1340 564 Intus
1363 498 1447 582 agit,
1476 499 1566 562 intus
1596 497 1696 563 eorda
1721 503 1829 576 tenet,
1858 497 1948 560 intus
1974 493 2073 563 corda
2095 501 2238 560 moreti.
2334 498 2335 501 ’

209 583 252 653 66
279 585 467 651 tacentibus
496 585 606 663 nobis,
640 587 697 669 qni
725 586 900 651 raritatem
928 591 1037 667 potest
1065 604 1190 666 capere,
1244 604 1363 669 eosque
1385 584 1612 649 voluntatibus
1641 591 1771 660 eorum,
1806 603 1887 664 quas
1914 581 1950 655 iu
1981 580 2047 645 illis
2068 589 2224 662 operatus

146 740 148 744 ,
207 672 353 737 1616111116
371 670 529 753 capiatur.
554 668 666 751 Quam
684 673 883 735 sententiam
904 669 1038 735 brevius
1057 668 1190 734 tandem
1244 676 1309 749 est,
1338 670 1451 757 trahit
1496 666 1564 733 Sed
1591 667 1677 750 quod
1699 668 1853 755 continuo
1874 665 2019 755 subiicit,
2032 666 2055 745 ¹)
2084 664 2224 730 minime
2298 708 2301 715 -

206 757 447 840 perstringens,
465 755 586 821 elarius
604 756 705 820 etiam
716 758 897 821 confirmat
911 758 935 833 ¹)
958 753 1191 836 Quamobrem,
1245 755 1352 819 omitti
1375 754 1483 820 debet:
1530 753 1618 834 Quia
1644 754 1808 818 nescimus
1830 752 1903 834 quis
1931 751 1973 816 ad
1997 750 2224 833 praedestina·

208 843 237 906 si
260 841 415 925 apostoli,
449 847 483 905 et
511 840 567 923 qui
594 861 649 906 eos
677 843 808 926 sequuti
829 847 908 906 sunt
933 840 1089 907 ecelesiae
1117 839 1194 905 doc-
1245 848 1356 905 torum
1378 861 1553 929 numerum
1580 839 1760 922 pertineat,
1795 839 1847 904 vel
1874 856 1941 901 non
1962 836 2141 919 pertineat,
2176 838 2225 902 sic

209 935 314 1006 tores,
342 933 520 1009 utrumque
548 926 711 1005 fecerunt,
733 936 772 992 ut
799 926 838 991 de
867 925 1087 993 aeterna'Dei
1108 925 1193 990 elec·
1246 947 1306 990 nos
1328 925 1413 990 affici
1437 924 1560 1002 docere,
1584 933 1622 989 ιιι
1640 944 1754 988 omnes
1772 923 1914 988 velimus
1931 922 2039 987 salvos
2056 922 2138 986 fieri.
2163 922 2226 991 lta
2316 940 2319 947 '

210 1012 299 1077 tione
324 1012 379 1095 pie
409 1009 626 1090 dissererent,
661 1018 695 1075 et
721 1013 782 1077 sub
810 1013 884 1094 piae
911 1012 1000 1077 rime
1021 1007 1194 1093 disciplina
1245 1012 1317 1088 fiet,
1351 1018 1390 1075 ut
1421 1010 1569 1093 quisquis
1601 1009 1696 1074 nobis
1728 1016 1890 1084 occurret,
1924 1028 2001 1071 eum
2033 1007 2226 1071 studeamus

116 1177 119 1181 .
209 1096 568 1164 continerent-fideles:
599 1096 752 1179 quidest
781 1097 868 1180 quod
895 1097 1021 1162 invicta
1048 1095 1194 1163 conclusi
1245 1097 1353 1162 facere
1373 1097 1463 1179 pacis
1485 1102 1679 1163 consortem.
1711 1091 1780 1159 Sed
1800 1105 1867 1176 pax
1888 1100 2002 1157 nostra
2023 1112 2122 1175 super
2139 1092 2225 1157 filios
2267 1115 2270 1123 ’
2325 1142 2328 1147 -

208 1182 368 1248 violentia
406 1182 610 1264 veritatis,²)
649 1183 706 1246 isti
743 1182 849 1246 nestri
888 1203 923 1247 se
962 1188 1052 1247 recte
1085 1180 1194 1247 dicere
1245 1182 1337 1266 pacis
1364 1182 1555 1263 requiescet.
1600 1180 1708 1264 Ergo,
1739 1188 1899 1262 quantum
1921 1177 1962 1242 ad
1988 1199 2048 1258 nos
2069 1180 2225 1260 pertinet,

137 1265 157 1287 ‘²
210 1267 417 1334 existimant:
457 1266 536 1331 Non
567 1288 639 1332 esse
671 1268 792 1351 populo
825 1265 1095 1350 praedicandum,
1130 1267 1193 1331 etsi
1247 1266 1462 1332 omnibusne
1483 1274 1635 1349 pereant,
1659 1265 1712 1330 vel
1735 1287 1777 1330 ne
1800 1265 1881 1342 alios
1903 1262 2057 1347 perdant,
2082 1264 2226 1329 salubris

211 1375 328 1419 rerum
351 1353 395 1416 sit
416 1351 503 1434 quod
532 1350 572 1417 de
600 1353 899 1436 praedestinatione
921 1351 1064 1417 dicitur?
1109 1351 1192 1430 Imo,
1247 1360 1286 1416 et.
1302 1373 1417 1423 severa
1438 1353 1545 1416 instar
1565 1349 1747 1415 medicinae
1766 1347 1950 1415 adhibenda
1967 1350 2030 1413 erit
2047 1351 2224 1431 correptio:
2305 1401 2309 1408 .
2385 1342 2390 1352 ’

144 1440 146 1442 ’
210 1436 470 1522 praedicandum
511 1444 562 1502 cst
595 1458 745 1520 prorsus:
791 1447 828 1503 ut
867 1439 923 1520 qui
962 1437 1063 1503 habet
1098 1457 1194 1501 aures
1247 1435 1312 1503 Dei
1335 1444 1446 1502 autem
1475 1437 1540 1502 erit
1561 1436 1627 1502 illis
1656 1436 1773 1500 utilem
1795 1438 1916 1512 facere,
1946 1455 2026 1515 quos
2048 1435 2227 1517 praescivit
2340 1512 2345 1520 „

211 1520 378 1602 audiendi,
400 1521 521 1587 audiat.
557 1520 642 1603 Quis
663 1533 776 1588 autem
797 1523 907 1603 habet,
930 1523 959 1588 si
981 1545 1048 1587 non
1070 1523 1195 1605 aceepit
1247 1521 1281 1586 et
1312 1523 1582 1606 praedestinavit
1593 1523 1631 1604 ²).
1676 1521 1770 1585 Haec
1798 1523 1826 1586 si
1860 1540 1938 1585 vera
1966 1526 2061 1585 sunt:
2092 1519 2225 1602 quando

211 1609 253 1673 ab
276 1629 329 1686 eo,
358 1608 415 1690 661
443 1629 478 1671 66
507 1607 663 1672 daturum
692 1608 878 1691 promittit?
925 1607 1023 1673 Certe
1050 1609 1106 1690 661
1128 1629 1194 1672 non
1247 1609 1443 1690 primarium
1465 1630 1507 1673 ex
1529 1608 1652 1673 sanctis
1669 1608 1818 1690 patribus
1835 1606 1959 1693 hubent
1975 1612 2102 1681 testem,
2126 1626 2168 1669 ne
2188 1605 2225 1669 in

212 1692 345 1776 accipit,
374 1693 515 1758 reiiciat:
556 1699 630 1772 [pag.
659 1699 733 1773 139]
759 1692 838 1759 dum
866 1699 978 1758 tamen
1010 1694 1067 1776 qui
1097 1694 1194 1775 capit,
1248 1693 1360 1758 odium
1375 1693 1544 1777 Calviniss)
1566 1692 1608 1758 ab
1629 1692 1769 1757 indoctis
1791 1693 1843 1757 rel
1861 1692 1948 1763 male
1965 1690 2092 1755 affectis
2109 1712 2226 1774 respu-

178 1832 181 1838 .
212 1786 323 1844 sumat
352 1787 386 1843 et
407 1777 515 1843 bibat:
542 1777 634 1843 bibat
661 1786 695 1843 et
717 1780 817 1846 vivat.
864 1777 960 1845 816111
987 1779 1077 1843 66116
1099 1800 1195 1861 prae·
1248 1787 1354 1843 antur.
1398 1779 1538 1845 Utinam
1564 1799 1643 1843 vero
1661 1777 1796 1860 insipidi
1823 1777 1878 1843 isti
1899 1775 2135 1854 moderatores,
2166 1777 2226 1859 qui

212 1862 354 1930 dicanda
382 1868 433 1927 est
460 1864 581 1951 pietas,
615 1872 653 1929 ut
685 1865 747 1929 rite
779 1864 906 1931 colatur
934 1865 1041 1929 Deus:
1082 1865 1130 1928 ita
1148 1871 1196 1929 et
1247 1865 1283 1929 in
1314 1865 1490 1929 sobrietate
1523 1864 1623 1929 nimis
1656 1884 1778 1946 aquosa
1808 1863 1950 1928 multum
1988 1862 2050 1927 'sibi
2082 1862 2225 1945 placent,
2306 1941 2309 1945 Ι

211 1948 479 2033 praedestinatio,
502 1957 541 2013 ut
561 1950 616 2032 qui
638 1947 740 2014 habet
758 1971 854 2015 aures
872 1948 1037 2028 audiendi,
1060 1948 1100 2014 de
1118 1971 1194 2033 gra·
1247 1949 1365 2014 saltem
1393 1956 1600 2033 reputarent,
1634 1956 1796 2031 quantum
1822 1948 2009 2032 Augustino
2042 1952 2117 2026 [pag.
2146 1953 2225 2026 161]

213 2036 259 2099 116
281 2035 415 2113 116116
437 2032 520 2113 Deo,
542 2055 611 2099 non
633 2035 668 2098 in
691 2055 727 2099 se
749 2034 917 2119 glorietur.
1247 2035 1370 2101 cedunt
1396 2057 1507 2100 rerum
1536 2054 1702 2100 sacrarum
1731 2035 1882 2112 scientia,
1910 2031 2070 2099 modestia
2096 2053 2226 2115 quoque

299 2120 347 2184 Et
370 2125 499 2198 tamen,
531 2126 570 2184 ut
592 2119 761 2204 singulare
788 2119 1024 2186 aedificationis
1047 2119 1193 2185 studium
1247 2119 1341 2185 illum
1368 2138 1448 2186 esse·
1467 2121 1685 2203 superiorem,
1719 2141 1762 2183 ne
1789 2141 1952 2185 morosam
1979 2139 2073 2182 suam
2099 2118 2226 2182 timidi·

211 2212 326 2276 aancto
345 2204 418 2269 viro
435 2205 509 2285 fuit,
532 2206 578 2280 sie
596 2204 734 2271 docendi
753 2206 824 2270 veri
844 2207 1005 2271 rationem
1021 2211 1193 2289 temperat,
1247 2212 1348 2271 tatem
1371 2205 1464 2271 nobis
1486 2225 1547 2288 pre
1568 2204 1729 2270 modestia
1750 2205 1968 2270 venditarent.
1989 2285 1992 2291 .

210 2298 250 2354 ut
271 2288 454 2374 prudenter
472 2298 645 2370 caveatur,
669 2289 777 2374 quoad
798 2291 890 2369 licet,
914 2292 1078 2356 offensio·
1106 2290 1194 2355 Nam
1331 2291 1379 2357 Ut
1400 2291 1534 2356 tandem
1563 2311 1652 2355 eum·
1666 2291 1788 2374 Pighio
1816 2291 2016 2374 transigam:
2050 2288 2089 2353 de
2116 2286 2227 2354 tribus

209 2396 295 2459 quae
325 2396 404 2441 vere
432 2375 607 2454 dicontur,
636 2385 857 2460 congruenter
885 2376 994 2444 simul·
1011 2396 1106 2459 posse
1122 2375 1192 2442 diei
1246 2378 1438 2442 summatim
1470 2375 1627 2441 monendi
1655 2383 1741 2440 sunt
1772 2375 1854 2440 mihi
1882 2376 2035 2441 lectores:
2064 2373 2226 2457 quidquid

105 2458 115 2542 j
189 2459 401 2525 ·admonet.³
461 2459 500 2526 Si
522 2463 665 2544 quisita
691 2461 821 2544 plebem
843 2461 1030 2544 compellet:
1064 2460 1193 2527 Sinon
1246 2450 1488 2527 absurditatum
1508 2461 1549 2525 ad
1572 2461 1776 2545 gravandam
1803 2482 1912 2532 meam
1940 2459 2121 2526 doctrinam
2144 2479 2226 2525 con-

208 2546 353 2625 creditis,
378 2460 451 2610 ideo
472 2546 521 2624 fit,
544 2546 623 2629 6616
642 2547 710 2611 iam
732 2546 891 2613 divinitus
912 2546 1013 2612 exitio
1036 2546 1194 2612 destinati
1246 2549 1348 2631 gerit,
1377 2569 1444 2612 non
1464 2555 1531 2611 tam
1560 2547 1594 2610 in
1622 2569 1675 2612 me
1703 2568 1803 2630 quam
1830 2547 1866 2611 in
1888 2548 1998 2612 Deum
2024 2540 2138 2629 ipsum
2154 2555 2226 2632 tor-
2308 2554 2310 2562 ’

209 2632 304 2696 estis:
345 2631 374 2694 is
413 2652 480 2694 non
513 2631 611 2696 niodo
648 2633 817 2716 ignaviam
857 2633 962 2709 fovet,
1001 2631 1059 2696 sed
1092 2632 1193 2697 etiam
1266 2633 1354 2697 ueri:
1388 2631 1519 2710 deinde,
1548 2633 1731 2714 scripturae
1751 2633 1839 2699 locos
1865 2633 1921 2714 qui
1948 2653 2008 2715 pro
2036 2652 2087 2694 me
2109 2639 2227 2712 aperte

207 2715 361 2798 indulget
381 2714 537 2780 malitiae.
571 2714 610 2780 Si
633 2719 707 2799 quis
728 2719 765 2781 in
786 2718 936 2782 futurum
958 2737 1087 2802 quoque
1108 2725 1192 2782 tem·
1245 2654 1378 2796 iaciunt,
1407 2724 1446 2783 ut
1466 2718 1550 2782 mihi
1572 2725 1777 2801 extorqueat,
1805 2725 1875 2783 tam
1897 2719 2013 2782 inseite
2035 2717 2162 2800 nugari,
2185 2723 2228 2780 ut

104 2802 120 2816 ’“
205 2823 270 2884 pua
300 2803 501 2865 sententiam
529 2802 700 2881 extendat,
732 2802 819 2886 quod
850 2824 916 2868 non
943 2803 1011 2868 sint
1036 2801 1194 2867 credituri
1245 2804 1325 2869 satis
1351 2812 1522 2886 appareat,
1552 2823 1619 2868 non
1646 2825 1740 2886 posse
1769 2805 1932 2869 sustinere
1960 2823 2093 2868 causam
2119 2801 2225 2880 illam,

207 2887 264 2970 661
293 2884 449 2964 audiunt,
479 2887 555 2968 quia
582 2888 749 2970 reprobati
776 2895 871 2953 sunt:
911 2888 1102 2971 imprecatio
1130 2889 1193 2952 6111
1245 2888 1310 2954 6161
1333 2909 1427 2955 curru
1452 2897 1487 2954 ta
1508 2909 1687 2971 eversaque
1705 2890 1881 2972 scriptura:
1904 2896 2080 2971 postremo,
2102 2888 2227 2952 intan-
2334 2910 2340 2919 ·

174 2972 315 3067 §magis
337 2991 437 3052 quam
460 2969 617 3037 doctrina.
653 2972 752 3037 Tales
773 2973 883 3055 itaque
901 2973 1108 3056 Augustinus
1127 2994 1193 3038 non
1245 2982 1316 3038 tum
1338 2911 1562 3057 impudentiae
1591 2994 1822 3058 prorumpere,
1850 2982 1889 3038 ut
1910 2972 2138 3058 Augustinum
2160 2971 2226 3038 sibi

206 3056 374 3120 immerito
387 3064 547 3139 tanquam
563 3057 618 3122 vel
631 3058 773 3141 insulsos
789 3057 946 3137 doctores,
969 3058 1022 3124 vel
1040 3059 1192 3124 sinistros
1246 3080 1411 3126 accersere
1439 3060 1689 3144 suffragatorem
1716 3082 1781 3126 non
1805 3059 1940 3124 dubitet.
1986 3058 2024 3125 Si
2047 3061 2163 3145 quos⁴)
2184 3059 2225 3122 in

208 3148 242 3208 61
272 3142 438 3207 ominosas
465 3143 644 3226 prophetas
673 3143 714 3209 ab
743 3143 878 3210 eeclesia
904 3144 999 3211 iubet
1019 3145 1190 3210 facessere.
1245 3145 1384 3210 exitium
1411 3145 1504 3211 Dens
1532 3145 1692 3226 condidit,
1725 3144 1883 3228 indignus
1916 3152 1968 3209 est
2000 3144 2057 3228 qui
2083 3150 2222 3208 ametur.

208 3226 402 3292 Tenendum
421 3227 555 3311 quidem
572 3228 1191 3314 1616611114)6661661111,6116111666
1245 3227 1313 3310 Qui
1335 3238 1510 3313 antequam
1528 3230 2238 3313 6611666661,611666161666111161161161,Ι
2298 3270 2301 3275 ι

137 3380 140 3385 ,
207 3313 411 3380 correctione
445 3314 575 3396 proficit
606 3314 721 3393 homo,
755 3336 857 3398 quum
890 3315 1066 3379 miseretur
1095 3322 1192 3398 atque
1244 3315 1473 3381 misericordia
1508 3337 1607 3398 quam
1645 3315 1806 3399 supplicio
1846 3316 2020 3400 digniores.
2070 3313 2108 3380 81
2146 3335 2224 3379 6166
2343 3366 2350 3378 .

100 3434 105 3444 .
208 3398 359 3477 adiuvat,
382 3398 440 3482 qui
462 3399 541 3463 facit
563 3421 643 3483 ques
665 3400 822 3480 voluerit,
845 3400 944 3465 etiam
967 3401 1039 3465 sine
1061 3420 1192 3484 correp·
1245 3410 1364 3480 essent,
1387 3422 1470 3485 quae
1493 3401 1688 3469 labefactare
1700 3407 1845 3479 conatur,
1868 3401 2041 3467 mortalem
2052 3400 2222 3465 hominem

207 3485 305 3562 tione,
329 3485 496 3566 proficere.
529 3482 597 3550 Sed
619 3506 720 3568 qnare
742 3486 796 3552 isti
814 3486 872 3565 sic,
894 3484 942 3549 illi
962 3485 1071 3550 aliter:
1095 3485 1190 3564 absit,
1244 3487 1431 3569 impeteret:
1450 3507 1540 3552 nunc
1552 3509 1653 3570 quum
1667 3487 1788 3553 talibus
1806 3488 1935 3572 probris
1953 3486 2064 3576 palam
2082 3484 2224 3552 insultet

208 3568 626 3656 utdicamus:.1udicium
654 3571 717 3636 luti
744 3591 833 3650 esse,
862 3570 1057 3655 nonfiguli.
1103 3571 1190 3636 Item
1244 3572 1333 3650 Deo,
1361 3594 1414 3638 me
1435 3593 1519 3638 cum.
1532 3573 1640 3638 Paulo
1665 3574 1787 3645 centies
1809 3581 1958 3661 repetere
1980 3592 2046 3637 non
2067 3569 2221 3654 pudebit:
2268 3646 2271 3651 .
2374 3626 2376 3631 ,

207 3663 333 3738 postea:
346 3656 375 3739 ⁵)
399 3653 511 3735 Quum
533 3651 685 3722 homines
705 3678 765 3740 per
786 3657 1025 3739 correptionem
1042 3657 1082 3721 in
1099 3658 1189 3721 viam
1244 3654 1274 3722 Ο
1302 3657 1401 3722 homo
1428 3665 1465 3723 tu
1490 3659 1564 3739 quis
1593 3679 1643 3737 es,
1673 3660 1834 3742 6616616
1864 3660 1977 3725 fictore
2008 3655 2229 3745 16611116661
2326 3724 2329 3729 ,

207 3740 353 3803 iustitiae
364 3761 443 3804 suae
456 3740 604 3820 veniunt,
623 3763 680 3806 seu
692 3748 919 3808 revertuntur:
941 3742 1017 3824 quis
1034 3749 1191 3825 operatur
1244 3741 1354 3808 Sentit
1375 3745 1443 3809 iarn
1464 3745 1619 3808 miseret
1640 3744 1785 3809 sentient
1806 3745 1884 3809 olim
1907 3765 2021 3809 omnes
2039 3742 2109 3808 eius
2127 3741 2222 3807 simi-

209 3826 245 3888 in
273 3823 425 3889 cordibus
454 3846 568 3889 eorum
597 3827 756 3905 salutem,
786 3827 851 3892 nisi
879 3826 935 3890 1116
961 3828 1018 3909 661
1045 3828 1190 3910 quolibet
1242 3827 1299 3906 les,
1317 3850 1401 3913 quae
1419 3850 1461 3893 ex
1478 3824 1536 3894 'ore
1553 3831 1684 3913 impuro
1702 3836 1735 3894 et
1752 3829 1911 3913 sacrilego
1928 3828 2048 3912 probra
2064 3817 2222 3892 16116616

152 3974 154 3980 ,
207 3909 381 3992 plantante
409 3916 442 3976 61
468 3911 599 3993 rigante
627 3915 703 3989 [pag.
730 3916 803 3990 146]
836 3911 893 3976 dat
924 3912 1187 3978 incrementum?
1242 3912 1390 3993 vibrant,
1414 3935 1474 3980 suo
1496 3915 1623 3998 impetu
1645 3915 1749 3981 fracta
1771 3916 1957 3995 concidere,
1980 3922 2155 3996 antequam
2177 3911 2222 3976 ad
2325 3962 2329 3967 .

111 4039 114 4044 -
208 3994 987 4075 6611616611661166166616,6611616116161616
1007 3999 1187 4064 resistitli·
1242 4000 1371 4064 coelum
1397 4002 1601 4083 pertingant:
1637 4020 1698 4065 neo
1719 3999 1856 4065 demum·
1872 4010 1999 4066 restare
2021 3996 2126 4077 aliud,
2153 3999 2221 4064 nisi

209 4079 326 4144 berum
349 4079 532 4144 arbitrium.
555 4080 631 4144 Non
642 4090 693 4145 est
703 4082 814 4164 itaque
826 4080 1050 4162 dubitandum,
1070 4083 1186 4150 volun·
1241 4092 1280 4148 ut
1308 4085 1458 4151 recidant
1487 4087 1521 4149 in
1549 4106 1663 4151 eorum
1685 4087 1801 4169 capita.
1830 4085 2054 4152 Foedissimae
2071 4085 2108 4148 in
2125 4082 2220 4148 adul·
2254 4093 2260 4101 ’

209 4166 271 4229 1611
286 4164 360 4243 Dei,
385 4164 498 4247 quiin
520 4164 610 4230 coelo
632 4168 722 4230 etin
744 4176 833 4232 terra
853 4187 1069 4251 quaecunque
1082 4169 1187 4235 voluit
1241 4170 1382 4235 terenda
1404 4176 1478 4250 [pag.
1503 4176 1577 4250 112]
1605 4170 1769 4254 scriptura
1791 4171 1992 4238 delirationis
2021 4183 2127 4234 unum
2149 4176 2220 4234 esto

88 4326 93 4336 .
208 4251 294 4330 fecit,
318 4259 351 4315 et
373 4250 431 4332 qui
452 4251 554 4315 etiam
576 4272 659 4333 quae
681 4251 795 4338 futura
815 4260 894 4319 sunt
915 4250 999 4331 feeit,
1022 4254 1186 4320 humanas
1242 4256 1419 4338 specimen,
1441 4257 1565 4321 nonum
1588 4255 2100 4340 adRomanos·caput,·qnalitsr
2121 4255 2220 4320 abeo

210 4336 399 4401 voluntates
421 4356 489 4399 non
510 4356 605 4419 posse
623 4338 786 4416 resistere,
809 4339 982 4421 quominus
1000 4339 1100 4406 faeiat
1115 4340 1186 4422 ipso
1240 4342 1365 4426 partim
1384 4343 1551 4423 miscetur,
1573 4343 1695 4426 partim
1718 4342 1923 4426 discerpitur.
1952 4341 2058 4420 Initio,
2067 4341 2160 4422 ὁ166
2181 4340 2220 4424 in

210 4420 295 4504 quod
320 4419 399 4499 vult,
423 4420 688 4504 quandoquidem
710 4423 751 4488 de
772 4423 853 4507 ipsis
874 4425 1047 4490 hominum
1068 4425 1186 4491 volun·
1414 4502 1420 4509 ,
1567 4463 1571 4469 -

210 4505 343 4585 tatibus,
367 4506 453 4588 quod
476 4505 548 4571 vult
565 4507 651 4573 facit.
675 4508 776 4574 Item:
805 4507 917 4590 Quum
936 4511 1007 4576 vult
1025 4508 1186 4577 adducere
1239 4517 1440 4524 mm

98 4622 101 4627 ·
209 4589 375 4690 homines,
417 4591 578 4676 numquid
611 4595 835 4680 corporalibus
872 4595 1014 4664 11666116
1050 4597 1184 4682 alligat?
1308 4596 1339 4734 ἐξ
1357 4597 1421 4735 5:11}
1440 4597 1482 4719 {g
1533 4673 1536 4677 ι

208 4767 412 4773 -·-———-—
926 4784 929 4787 ,
1021 4734 1026 4744 ’
1100 4791 1102 4795 .
1308 4733 1635 4805 31661166661161666.

1308 4801 1340 4867 4)
1357 4802 1449 4869 Quart
1466 4820 1501 4856 au
1519 4803 1635 4871 premier
1652 4804 1773 4871 pointil
1791 4803 1831 4857 dit
1846 4818 1899 4872 6116
1910 4802 1981 4857 Dieu
1991 4801 2062 4857 n'es't
2073 4816 2124 4869 pas
2136 4801 2221 4876 digne
2345 4840 2348 4847 ·

278 4837 307 4931 1)
325 4857 454 4919 Eiusdem
474 4865 519 4920 lib.
538 4882 596 4935 cap.
614 4865 657 4920 20.
1241 4868 1321 4940 qu’on
1340 4870 1428 4924 l’aime
1446 4877 1495 4925 616.
1583 4920 1588 4927 .

166 4981 170 4989 .
191 5020 193 5023 ¹
257 4931 308 5013 ,2)
327 4935 462 5002 pourquoi
473 4940 565 5015 ,est-ce
583 4950 635 5055 6116
654 4950 776 5005 ceux-cy,
796 4944 889 4993 661666
908 4937 1074 5030 6661616661
1091 4952 1144 5007 par
1160 4938 1188 4992 la
1295 4938 1340 5020 ’5)
1358 4938 1569 5033 Ρ1661161616661
1622 4939 1675 4994 and
1684 4938 1710 4993 S
1719 4939 1788 4994 Paul
1805 4939 1883 5008 parle
1900 4939 1934 4995 116
1950 4938 2095 5020 l'el'ection,
2113 4952 2144 4993 ce
2161 4936 2217 4992 bon

206 5008 307 5127 ”mit
320 5001 520 5123 lilittbit
533 5009 691 5139 111111·
1240 5007 2216 5132 11111161116111111111111111611

252 5150 255 5155 ·
277 5136 308 5200 4)
327 5112 715 5207 1160611661616161161611
735 5137 841 5195 Valent.
860 5157 919 5211 cap.
936 5141 962 5194 b.
1241 5092 1271 5198 ile
1288 5152 1393 5225 trompe
1412 5144 1581 5199 leurdement
1603 5144 1693 5213 quand
1715 5145 1734 5198 11
1754 5144 1838 5214 tuyde
1862 5093 1935 5200 111116
1958 5144 2095 5212 6661166616
2112 5157 2164 5210 par
2181 5137 2222 5196 la‘

278 5203 307 5269 5)
327 5203 394 5270 0⁸1>-
413 5203 454 5259 14·
994 5245 998 5254 ,
1241 5211 1381 5267 Garrire
1399 5212 1513 5281 regards
1531 5229 1588 5282 pas·
1600 5213 1753 5281 rependant
1776 5229 1828 5281 666
1845 5212 1929 5268 laceb
1947 5228 1964 5267 a
1983 5213 2042 5267 6611
2059 5218 2217 5280 vrayement
