4702 5926
22 383 26 394 .
121 332 184 395 525

877 327 1140 397 MICHAELIS
1163 329 1375 396 SERVETI.
2069 335 2131 396 526

121 515 183 580 dit:
216 515 272 581 Ita
304 515 436 580 trinitas
463 537 525 599 per
546 522 713 580 consertos
736 520 770 579 et
790 534 956 581 connexos
979 516 1101 599 gradus
1154 517 1274 600 alloqui
1298 524 1332 582 et
1350 517 1492 583 liberare
1509 526 1544 583 et
1560 517 1705 583 iudicare
1723 517 1887 584 ediscebat
1903 519 1939 583 in
1957 517 2134 585 hominis²

122 610 258 686 apatre
291 600 480 679 decurrens,
513 608 547 666 et
579 599 788 666 monarchiae
815 590 899 665 nihil
932 601 1101 684 obstrepit,
1154 603 1365 668 substantiali
1385 604 1491 670 forma
1513 624 1601 681 vera,
1625 625 1691 668 non
1712 606 1797 669 ficta.

121 696 156 753 et
187 687 394 753 oeconomiae
415 693 538 752 statum
560 687 710 768 protegit.
720 688 752 766 a)
796 684 1101 768 1111111111-
1383 754 1390 763 ,

122 772 196 839 diae
218 780 314 857 gutta
335 780 422 838 esset
443 773 479 835 in
501 770 650 849 Servata,
673 792 715 835 an
738 771 800 835 hoo
822 771 893 836 loco
915 772 955 836 ad
976 793 1101 856 negan-
1243 772 1330 838 IIn
1351 794 1425 837 uera
1448 774 1573 838 deitatis
1595 773 1779 839 substantia.
1824 774 2133 840 2141111οηί1111-

123 858 198 924 dam
227 861 253 900 ¹²
275 859 398 922 realem
421 856 666 923 distinctionem
688 856 780 920 abuti
802 878 903 922 ausus
925 858 1030 922 foret?
1153 879 1212 923 rus
1232 859 1406 939 corporalis
1428 859 1554 924 babitus
1576 864 1643 924 erat
1664 879 1738 924 uera
1759 860 1977 926 substantialis
2000 862 2132 943 forma?

209 1036 229 1094 1
251 1030 324 1110 Dic,
346 1029 461 1106 cabulo,
484 1048 581 1109 quare
606 1027 823 1093 Tertullianus
844 1049 919 1110 pap.
944 1032 1021 1107 422,
1044 1029 1098 1094 liu.
1238 1028 1281 1091 In
1304 1027 1475 1094 undecimo
1497 1029 1567 1094 loco
1588 1029 1721 1094 citando
1739 1028 1927 1112 pudendum
1945 1031 1980 1094 in
1997 1031 2132 1095 modum

122 1121 200 1194 4,11
223 1120 300 1193 423,
323 1116 429 1192 11111,
455 1133 627 1180 summan
644 1114 690 1176 ait
711 1134 776 1178 esse
795 1118 954 1191 amatum,
984 1119 1100 1180 111111-
1153 1112 1279 1179 delirat.
1303 1113 1460 1196 Disputat
1480 1113 1548 1180 illio
1567 1115 1791 1180 Tertullianus
1813 1122 1928 1180 contra
1950 1116 2132 1182 haereticos

121 1205 272 1267 sunctum
290 1202 409 1282 spiritu
430 1204 459 1264 et
474 1199 612 1280 sophia?
644 1199 1100 1291 ριια11111111111111111111
1152 1201 1209 1282 qui
1239 1205 1246 1242 ¹
1269 1220 1402 1265 carnem
1426 1199 1552 1265 Christi
1561 1200 1592 1283 a)
1627 1200 1796 1285 fingebant
1821 1201 1856 1266 in
1884 1222 2000 1284 corpus
2021 1209 2131 1269 muta-

127 1287 281 1365 Visibilis,
304 1284 483 1367 corporalis,
505 1291 540 1348 ut
561 1285 614 1348 ait.
650 1290 675 1346 2
704 1284 782 1349 Vide
804 1284 858 1349 liu.
883 1289 913 1363 4,
938 1290 958 1348 5
981 1291 1010 1349 et
1029 1292 1058 1350 6.
1066 1285 1098 1369 b)
1152 1293 1221 1349 tam
1243 1306 1323 1363 osse,
1359 1294 1392 1349 et
1421 1285 1588 1350 contendit
1610 1285 1756 1351 diversam
1778 1307 1849 1352 esse
1871 1286 2071 1352 substantias
2094 1309 2131 1353 ac

121 1372 357 1455 3Di9reditur
384 1392 422 1436 ne
450 1371 641 1451 respoudeat.
695 1375 715 1431 4
746 1370 830 1434 Vere.
877 1374 897 1434 5
928 1370 1097 1436 Visibilern.
1151 1379 1297 1436 naturas.
1343 1369 1503 1436 Servatus
1525 1392 1603 1436 vero
1626 1373 1661 1435 in
1683 1372 1881 1436 conhariam
1899 1385 2026 1454 partem
2044 1373 2133 1455 rapi-

122 1457 388 1540 dDispositione.
424 1462 445 1519 7
468 1454 626 1520 Mentiris.
661 1454 754 1519 Nihil
775 1460 819 1521 est
840 1455 901 1520 tale
920 1457 1007 1536 apud
1027 1458 1100 1520 Ter-
1151 1467 1215 1534 tur,
1249 1458 1416 1522 somnians
1447 1457 1667 1539 inspirituali
1689 1457 1815 1522 Christi
1846 1457 2030 1522 substantia
2059 1479 2130 1523 cor·
2162 1472 2165 1478 '

119 1543 289 1608 tullianum
310 1562 451 1624 unquam
470 1542 622 1618 auditum,
644 1541 698 1604 sed
715 1541 946 1622 dispositionem
968 1546 1097 1606 torrium.
1150 1562 1282 1624 poream
1305 1542 1452 1606 formam.
1484 1541 1582 1622 Quod
1604 1542 1688 1607 nihil
1710 1551 1760 1607 eat
1783 1544 1797 1583 ²
1820 1542 1910 1607 aliud
1931 1565 2030 1625 quam
2053 1543 2131 1607 hae·

121 1628 357 1711 8111111111)
393 1633 413 1690 9
443 1626 482 1693 Ut
504 1626 670 1703 invisibile,
693 1647 714 1690 a
731 1648 792 1707 quo
813 1626 891 1707 quid
911 1627 1033 1691 exsistit
1054 1630 1100 1692 oi
1150 1627 1260 1693 reticis
1279 1628 1492 1705 subscribere,
1512 1629 1705 1710 quibuscum
1718 1627 2131 1712 Tertullianusdepugnat.

118 1715 223 1793 sibile,
247 1716 292 1779 ita
315 1716 443 1793 ipsemet
465 1712 608 1776 declarat.
616 1711 648 1794 d)
685 1711 1097 1794 remandaremus.
1201 1721 1203 1724 ’

121 1804 165 1864 11
187 1800 447 1880 Dispositiones)
494 1803 539 1861 12
567 1797 645 1862 Nisi
673 1796 782 1862 Simon
808 1818 921 1879 mapus
945 1797 1001 1862 tibi
1029 1819 1098 1863 ocu-
1239 1797 1447 1877 IMentiris,
1481 1798 1543 1864 imo
1577 1819 1704 1864 earnem
1733 1798 1852 1864 Christi
1884 1800 1936 1865 illi
1968 1798 2130 1883 ueqabaut.

118 1885 166 1950 los
194 1885 362 1962 cantuset,
392 1885 513 1949 uiduus
542 1883 587 1946 ibi
615 1904 775 1964 uunquam
803 1884 867 1948 diei
892 1884 1008 1948 realem
1033 1886 1099 1949 dis·
1148 1883 1375 1967 2Dcliras.b)

119 1972 310 2049 tinctionem,
345 1971 400 2035 sed
424 1969 589 2051 [1111111111
618 1970 858 2051 dispositionem.
909 1968 998 2034 Inter
1026 1969 1098 2034 Ser·

119 2076 238 2121 monem
259 2061 287 2121 et
310 2055 466 2136 Spiritum
488 2056 714 2121 distinctionem
736 2055 823 2136 tollit,
853 2058 880 2119 et
902 2056 1098 2135 apertissime

118 2148 217 2225 nepot,
232 2162 308 2225 paq.
334 2145 410 2205 442.

1235 2059 1309 2133 [pag.
1334 2060 1389 2134 90]
1411 2054 1649 2119 Duodecimum
1671 2055 1780 2120 locum
1803 2075 1869 2118 non
1891 2055 2001 2119 minus
2020 2055 2128 2137 impu·

1150 2138 1265 2204 denter
1287 2162 1386 2222 quam
1407 2139 1530 2224 perfide
1552 2140 1740 2222 corrumpit.
1785 2139 1889 2220 Quasi
1912 2138 2026 2203 doceat
2047 2141 2128 2205 Ter-

1150 2224 1317 2303 tullianus,
1341 2225 1513 2292 Christum
1536 2226 1711 2303 hominem,
1744 2233 1783 2290 ut
1813 2225 1882 2306 ipse
1914 2225 2126 2309 imaginatur,

206 2311 352 2378 Octavus
384 2312 474 2378 locus
505 2320 608 2394 quum
640 2311 722 2376 nihil
757 2309 872 2376 doceat
904 2310 968 2375 nisi
989 2309 1096 2374 filium
1149 2332 1191 2375 ex
1209 2310 1281 2376 Deo
1311 2315 1414 2378 ¹esae
1436 2312 1610 2395 prolatum,
1632 2321 1664 2375 et
1682 2333 1723 2375 ex
1746 2312 1849 2393 patris
1871 2311 1995 2375 semina
2017 2312 2127 2375 esse¹

118 2397 183 2463 Dei
222 2401 231 2438 ¹
260 2420 338 2464 vere
371 2399 517 2463 humana
548 2418 647 2463 carne
679 2396 824 2478 potuisse
857 2395 959 2473 indui,
994 2417 1096 2478 quum
1148 2396 1254 2460 filium
1282 2398 1356 2463 Dei.
1401 2398 1563 2462 Tatemur
1596 2395 1726 2480 quidem
1757 2396 1823 2461 illic
1855 2395 1969 2460 haberi
2002 2396 2127 2479 aliquid

119 2484 229 2568 angeli
260 2505 338 2550 vere
361 2490 433 2564 [pag.
457 2489 512 2562 89]
546 2481 701 2546 humanis
735 2481 924 2563 corporibus
956 2482 1096 2547 circum·
1149 2482 1271 2547 simile:
1306 2482 1364 2548 sed
1394 2483 1491 2568 longe
1524 2483 1654 2548 diverso
1687 2503 1797 2547 sensu.
1842 2480 1883 2545 In
1905 2481 2126 2558 1111111111-

118 2569 187 2634 dati
213 2571 346 2650 suerint,
379 2579 491 2653 aperto
523 2588 583 2651 pro
615 2566 711 2631 nobis
742 2566 828 2645 facit,
862 2574 896 2630 et
918 2564 1096 2633 Servatum
1148 2568 1229 2650 quit,
1263 2569 1410 2652 virginis,
1445 2568 1582 2634 verbam
1610 2589 1708 2633 suum
1730 2565 1848 2632 detulit
1869 2566 1970 2631 Deus.
2016 2568 2127 2650 Atque

120 2655 290 2739 ¹iugulat.
1148 2661 1187 2718 ut
1226 2654 1405 2737 simplicius
1444 2654 1709 2736 respondeamus,
1749 2674 1817 2717 non
1849 2652 2054 2735 competebat
2085 2675 2127 2718 ex

205 2831 225 2890 1
249 2827 319 2891 Imo
340 2846 410 2890 uere
431 2823 505 2890 olim
526 2823 698 2888 humanam
717 2823 854 2904 sumam
875 2822 1031 2889 tabuisse.
1071 2828 1095 2887 2

116 2912 286 2997 Inpulatus
308 2915 353 2976 est
376 2911 487 2975 Simon
508 2929 628 2993 mamis.

200 3083 315 3148 Nonus
336 3082 426 3147 loeus
454 3102 520 3147 non
550 3081 614 3147 alio
636 3087 777 3163 spectat,
810 3080 874 3145 nisi
907 3085 945 3144 ut
972 3084 981 3122 ¹
1011 3080 1094 3145 scia·

113 3191 188 3235 mus
225 3168 331 3233 filium
364 3169 427 3234 Dei
459 3168 495 3231 in
527 3189 608 3233 vara
640 3166 749 3232 carnis
782 3165 966 3231 substantia
993 3185 1094 3249 appa·

113 3256 231 3320 ruisse.
283 3252 325 3318 Id
347 3252 510 3321 Servatus
543 3254 666 3319 furiose
697 3251 738 3317 ad
772 3273 869 3318 suum
904 3250 1096 3317 ²delirium

113 3340 226 3488 trakhit,
249 3340 336 3422 quod
359 3361 488 3423 semper
510 3338 610 3404 luerit
636 3341 673 3402 in
695 3337 769 3403 Deo
790 3336 929 3405 visibilis
951 3336 1093 3403 hominis

116 3427 310 3489 sustantia.

204 3592 317 3657 11111
345 3599 379 3658 ut
402 3596 540 3660 suemus
568 3614 674 3660 ueram
700 3594 736 3659 iu
762 3559 876 3659 deitate
895 3594 997 3675 fuisse
1018 3593 1094 3658 olim

110 3681 248 3764 fumum
270 3678 431 3744 visibilem.
474 3686 498 3744 2
521 3679 596 3745 Non
616 3684 645 3744 te
660 3681 761 3761 pudet
782 3680 817 3744 iu
838 3698 872 3744 re
895 3683 961 3744 tam
982 3684 1093 3761 aperta

112 3766 216 3833 oculos
238 3764 403 3831 claudere?

200 3937 253 4000 Ex
276 3935 402 4000 decimo
423 3934 494 4000 loco
516 3934 621 3999 nihilo
653 3934 728 4017 plus
750 3954 849 4016 quam
872 3956 913 3999 ax
936 3934 1009 4001 aliis
1031 3934 1090 4000 eli-

112 4042 186 4089 cere
207 4020 326 4100 lioebit,
360 4020 532 4086 Christum
559 4022 646 4085 inter
668 4019 802 4103 angelos
823 4020 973 4102 patribus
1002 4024 1009 4061 ¹
1033 4042 1091 4104 ap·

111 4108 269 4193 paruisse.
314 4105 412 4187 Quod
435 4127 530 4171 nemo
550 4127 697 4188 unquam
719 4107 860 4189 negavit.
906 4106 1014 4188 Atque
1037 4107 1090 4173 hio

114 4215 241 4277 quoque
269 4192 406 4259 scelesta
439 4192 583 4256 hominis
604 4191 731 4257 falsitas
753 4191 925 4257 manifeste
947 4201 1088 4257 tenetur.

112 4279 224 4345 Verba
252 4278 449 4343 Tertulliani
482 4284 573 4342 sunt:
607 4278 679 4341 Iam
713 4284 793 4342 tuno
826 4297 932 4343 sermo
960 4277 1025 4341 Dei
1057 4286 1090 4342 et

113 4364 240 4454 alloquio
273 4372 306 4429 et
341 4364 481 4430 liberare
523 4371 557 4427 et
590 4363 736 4429 iudicare
769 4361 953 4427 humanum
985 4384 1090 4446 genus

113 4448 277 4515 ediscebat
308 4450 343 4513 in
365 4451 473 4515 carnis
495 4449 621 4528 habitu,
655 4471 720 4514 non
743 4456 841 4514 natae
863 4448 980 4527 adhuo,
1013 4450 1091 4532 quia

111 4533 263 4600 nondum
284 4535 471 4614 moriturae,
506 4535 572 4600 nisi
603 4535 696 4619 prius
724 4543 759 4599 et
784 4533 943 4600 nativitas
964 4535 1035 4600 eius
1057 4543 1091 4599 et

111 4619 296 4686 mortalitas
319 4621 605 4685 annunciarentur.
651 4619 810 4687 Servatus
832 4627 942 4686 autem
963 4620 1091 4685 adulte·

110 4707 220 4772 rinam
241 4707 439 4771 sententiam
460 4707 507 4770 illi
528 4707 659 4791 affingit
681 4707 733 4773 his
753 4707 879 4773 verbis:
911 4706 985 4772 Iam
1012 4715 1092 4773 tunc

170 4827 185 4859 0

181 4964 212 5025 1)
231 4979 260 5017 ae
279 4963 421 5018 mundent
438 4979 472 5018 en
490 4969 563 5017 estat
580 4962 614 5016 de
632 4977 683 5016 aon
701 4961 790 5017 ordre.

179 5032 210 5097 b)
230 5030 309 5086 Haec
326 5032 424 5086 desunt
441 5033 472 5086 in
490 5030 551 5085 edd.
569 5030 616 5085 lat.

178 5099 212 5233 dl)
225 5099 333 5224 11111111
352 5170 377 5223 ie
396 5168 422 5223 le
440 5167 566 5222 declaire.

181 5237 211 5304 e)
229 5236 308 5294 Haec
326 5237 471 5293 annotatio
489 5237 565 5293 obest
582 5253 600 5290 a
616 5235 723 5307 11111111.

1064 5357 1071 5390 1

1148 2740 1272 2804 semine
1303 2741 1448 2805 humano
1471 2740 1535 2804 Dei
1565 2740 1670 2803 filium
1693 2740 1792 2804 nasci.
1836 2738 1910 2803 Nisi
1930 2746 2018 2802 totus
2040 2745 2128 2803 esset

1146 2825 1234 2891 fflius
1256 2824 1409 2904 hominis,
1432 2847 1499 2891 non
1521 2830 1608 2891 esset
1629 2832 1663 2889 et
1683 2825 1749 2889 Dei
1770 2823 1868 2889 filius.
1912 2825 2003 2908 Ergo
2025 2824 2126 2889 iam¹

1147 2911 1211 2974 Dei
1240 2910 1328 2976 filius
1356 2933 1398 2976 ex
1420 2913 1524 2995 patris
1546 2910 1609 2974 Dei
1633 2910 1766 2989 semine,
1798 2910 1833 2974 id
1855 2917 1906 2975 ost
1928 2910 2055 2992 spiritu,
2089 2918 2127 2974 11

1147 3003 1233 3061 essct
1254 2996 1397 3063 hominis
1417 2997 1504 3063 filius
1526 3017 1601 3062 caro
1624 3017 1663 3061 ea
1685 2996 1761 3074 sola,
1794 3017 1877 3078 quae
1908 3006 1980 3060 erat
2002 3017 2043 3060 ex
2065 2994 2125 3060 ho-

1146 3083 1246 3146 minis
1277 3103 1376 3148 carne
1409 3083 1568 3149 sumenda
1599 3082 1671 3147 sine
1701 3082 1763 3147 viri
1796 3082 1929 3145 semine.
1975 3080 2125 3146 Vacabat

1147 3168 1236 3232 enim
1259 3189 1369 3233 semen
1394 3170 1456 3235 viri
1479 3169 1566 3251 apud
1588 3168 1766 3232 habentem
1774 3167 1803 3249 c)
1822 3166 1888 3230 Dei
1910 3187 2031 3230 seman.
2055 3166 2124 3229 Ita-

1146 3274 1209 3335 que
1232 3253 1317 3319 siout
1345 3254 1490 3320 nondum
1519 3264 1617 3318 natus
1646 3275 1687 3317 ex
1710 3251 1840 3334 virgine
1862 3259 1989 3333 patrem
2012 3250 2123 3315 Deum

1146 3339 1267 3404 habero
1289 3341 1397 3422 potuit
1417 3341 1487 3405 sine
1508 3339 1649 3417 homine,
1683 3358 1784 3420 aeque
1806 3357 1909 3418 quum
1932 3335 1972 3400 do
1994 3336 2124 3419 virgine

1146 3435 1337 3490 nasceretur
1358 3427 1462 3508 potuit
1483 3430 1622 3489 matrem
1641 3424 1762 3488 habore
1779 3422 1850 3486 sine
1867 3429 1963 3503 patre
1981 3420 2122 3486 homine.

1147 3509 1294 3574 Tandem
1327 3509 1492 3575 concludit
1524 3530 1655 3575 carnem
1689 3507 1818 3573 Christi
1847 3526 1889 3569 ex
1921 3526 2020 3571 carne
2051 3527 2124 3572 essa
2153 3549 2158 3559 ·

1145 3595 1274 3673 factam,
1305 3595 1340 3659 in
1361 3617 1427 3677 qua
1447 3604 1545 3660 natus
1568 3602 1633 3658 est:
1666 3613 1785 3675 nempe
1807 3599 1953 3656 amatre
1974 3591 2043 3656 sola
2064 3592 2124 3656 ha-

1145 3680 1223 3744 bere
1256 3680 1475 3744 substantiam
1508 3681 1580 3744 sine
1612 3678 1736 3742 somine
1765 3677 1860 3743 virili.
1905 3677 2009 3758 Atqui
2031 3683 2125 3741 tanta

1146 3774 1197 3830 est
1219 3763 1351 3831 Servati
1373 3765 1576 3848 improbitas,
1610 3774 1649 3829 ut
1682 3764 1742 3828 hoo
1775 3762 1881 3828 colore
1908 3763 2018 3826 fucare
2045 3761 2126 3827 velit

1145 3850 1382 3917 exsecrandum
1416 3873 1512 3917 suum
1546 3871 1702 3925 errorem,
1736 3848 1820 3931 quod
1849 3851 1862 3888 ¹
1895 3868 1971 3913 caro
1999 3847 2125 3913 Christi

1144 3938 1284 4002 conflata
1305 3938 1348 4003 sit
1370 3959 1411 4002 ex
1433 3936 1566 4002 coelesti
1588 3935 1867 4001 Deisubstantia.

1234 4113 1254 4171 1
1291 4108 1368 4174 Vere
1389 4108 1560 4190 prolatum.
1604 4112 1629 4169 2
1665 4106 1742 4171 Vere
1767 4106 1872 4187 filium
1893 4105 1967 4170 Dei.
2012 4103 2125 4168 3Me-

1144 4195 1276 4258 mineris
1310 4195 1506 4259 Tertulliano
1535 4193 1618 4257 idem
1651 4213 1717 4255 esse
1748 4191 1873 4256 uerbum
1906 4196 1934 4254 et
1965 4189 2125 4269 spiritum,

1143 4286 1179 4343 ut
1200 4281 1269 4360 ipse
1291 4284 1422 4344 tenatur
1437 4301 1512 4362 pap.
1538 4283 1616 4342 442.
1661 4277 1750 4341 ldem
1770 4279 1864 4342 etiam
1885 4280 1931 4338 est
1951 4275 1980 4338 ei
2001 4274 2124 4355 sapien

1144 4366 1190 4431 tia
1208 4371 1236 4429 et
1258 4366 1393 4447 spiritus
1414 4371 1550 4444 sanctus,
1567 4384 1643 4446 pop.
1658 4368 1727 4427 369
1748 4366 1878 4438 11422,
1907 4361 1983 4441 quia
2009 4359 2125 4424 realem

1145 4452 1214 4532 ipse
1235 4471 1399 4532 nunquam
1427 4451 1552 4533 apnouit
1573 4448 1808 4513 distinctionem.
1855 4450 1876 4509 4
1901 4443 1982 4511 Coro
2006 4444 2126 4511 Christi

1143 4541 1178 4600 ut
1199 4541 1267 4602 erat
1289 4538 1324 4600 iu
1346 4536 1496 4618 sepulcro,
1518 4541 1585 4600 erat
1605 4554 1674 4598 uere
1685 4533 1846 4615 particeps
1866 4532 2054 4598 diuinitatis.

1229 4706 1406 4772 Decimum
1429 4707 1565 4773 tertium
1587 4705 1695 4770 locum
1718 4704 1789 4767 sina
1811 4702 2035 4770 controversia
2056 4720 2126 4764 am·

1214 4967 1244 5030 a)
1267 4965 1313 5032 qui
1343 4978 1451 5018 caruem
1478 4962 1578 5016 Christi
1610 4959 1748 5029 fingebant
1794 4957 1843 5012 Sic
1868 4958 1899 5011 in
1936 4954 2000 5010 MS.
2026 4954 2125 5010 Galim

1144 5033 1238 5088 11111111.Ι
1255 5034 1301 5101 qui
1317 5033 1370 5086 ima
1390 5032 1463 5085 'nent
1481 5045 1534 5098 qua
1552 5028 1707 5084 laDivinitt
1725 5027 1759 5082 de
1771 5026 1793 5082 1.
1805 5027 1834 5082 C.
1853 5026 1935 5083 estoit
1947 5025 2066 5094 changes
2076 5030 2124 5082 cte.

1147 5101 1222 5157 Edd.
1241 5100 1288 5155 lot.
1306 5101 1352 5167 qui
1370 5047 1469 5154 Christi
1485 5099 1600 5153 animam
1618 5096 1762 5165 fingebant.

1214 5170 1247 5233 b)
1265 5169 1328 5222 Hoc
1344 5169 1420 5222 obeat
1436 5168 1471 5222 ob
1488 5166 1548 5221 edd.
1565 5167 1612 5222 lat.

1215 5240 1242 5304 1)
1260 5238 1375 5305 puisque
1394 5236 1422 5291 la
1438 5236 1540 5305 Vierge
1559 5237 1640 5291 avoit.
