4762 5918
176 352 219 416 bl
996 347 1062 413 Da
1085 346 1361 417 SOANDALIS.
1659 284 1669 304 ι
2145 355 2187 417 58
2213 345 2217 350 ⁴

176 535 379 603 Praesertim
417 535 533 601 infelix
566 535 625 599 illa
656 535 697 600 de
734 536 947 601 sacramentis
980 534 1156 615 contentio,
1209 532 1293 598 illud
1326 535 1367 600 de
1395 555 1488 602 sacra
1514 534 1652 601 Domini
1679 557 1782 603 coena
1816 543 1981 602 certamen
2014 536 2188 605 subortum

178 621 243 688 dici
270 623 328 686 vix
358 629 480 704 potest,
513 641 614 704 qaam
641 618 822 685 multorum
850 621 977 686 animos
1004 621 1155 686 turbarit.
1209 627 1272 697 est,
1299 620 1335 684 in
1357 622 1451 686 cuius
1473 622 1660 687 societatem
1680 622 1826 705 plerique
1847 621 1902 686 alii
1925 631 2003 686 sunt
2022 626 2187 704 pertracti.

177 707 289 790 Quam
318 706 486 790 singulare
514 707 577 772 hoc
598 706 698 770 fuerit
719 704 864 770 Satanae
891 706 1083 785 artificium,
1114 706 1156 771 ad
1210 705 1348 771 Abieta
1375 726 1579 770 summorum
1607 706 1727 774 ducum
1756 708 1909 773 conflictu
1937 707 2188 790 trepidationem

175 791 388 858 iniiciendam
410 789 534 857 timidis
556 790 764 857 conscientiis
787 810 965 869 remoram,
992 793 1061 874 ipse
1084 812 1157 856 meo
1210 790 1252 855 ad
1273 793 1396 856 tirones
1417 792 1590 873 pervenire
1610 794 1715 876 magis
1738 791 1912 857 dolendum
1933 798 1984 856 ast
2005 812 2102 874 quam
2125 796 2187 858 mi·
2282 792 2289 809 ’

175 879 265 944 male
287 898 362 944 sum
385 884 552 958 expertus.
597 875 734 955 Verum,
763 885 801 940 ιιι
822 895 875 940 me
896 877 1030 960 propria
1051 877 1157 959 magis
1209 874 1362 943 randum.
1406 875 1565 941 Monendi
1588 888 1699 942 tamen
1720 887 1797 942 sunt
1817 879 1882 959 ipsi
1902 898 2029 960 quoque
2050 879 2186 957 ιιιοιιιι,

176 963 273 1047 eulpa
283 961 481 1046 impeditum
496 962 598 1027 fuisse
611 961 834 1043 posteasensi,
851 963 1157 1043 quamiustacausa
1210 982 1251 1025 ne
1284 961 1374 1026 ultra
1404 961 1539 1026 modum
1572 962 1759 1028 turbentur:
1799 961 1885 1028 hanc
1919 983 1989 1028 esse
2022 972 2187 1029 vetustam

176 1056 358 1114 retentum:
387 1047 436 1111 ita
470 1046 511 1111 de
540 1045 694 1111 omnibus
721 1044 809 1110 idem
838 1048 1055 1129 pronunciare
1091 1067 1156 1111 non
1211 1043 1356 1112 Satanae
1383 1047 1562 1126 vafritiem,
1590 1047 1739 1112 cordatos
1767 1046 1889 1129 alioqui
1914 1047 1977 1111 Dei
2005 1069 2118 1114 serves
2145 1049 2187 1115 ad

176 1154 301 1200 vereor.
346 1133 387 1197 In
416 1130 576 1198 eiusmodi
609 1131 741 1213 quidem
769 1131 913 1197 dissidiis
946 1152 1017 1197 esse
1043 1133 1155 1211 fatam,
1209 1139 1360 1196 mutuam
1389 1134 1631 1198 contentionem
1660 1152 1790 1214 rapere,
1820 1153 1885 1214 quo
1912 1132 2059 1198 retardet
2086 1155 2187 1200 sanae

178 1217 349 1303 quodiam
372 1217 578 1300 aliquantum
607 1217 830 1292 conlimatos,
857 1216 978 1281 nedum
1002 1218 1101 1282 rudes
1123 1227 1157 1283 et
1210 1216 1378 1283 doctrinae
1400 1239 1542 1284 cursum.
1589 1216 1675 1299 Quis
1697 1217 1842 1283 Samnae
1870 1218 1998 1282 insidiis
2018 1219 2106 1285 ultro
2133 1242 2187 1286 ce·

175 1305 317 1371 novitios
337 1303 507 1387 percellat:
532 1302 590 1367 scd
613 1300 813 1385 colligendos
835 1322 906 1367 csse
928 1303 1055 1368 animos
1074 1301 1154 1380 dico,
1210 1301 1287 1367 dere
1328 1302 1431 1368 velit?
1486 1301 1543 1368 Sic
1576 1302 1675 1368 Pauli
1712 1324 1787 1367 cum
1819 1302 1975 1369 Bernaba
2015 1303 2208 1387 dissidium·
2313 1290 2316 1297 ¹

176 1389 266 1455 utad
285 1410 361 1454 enm
380 1387 596 1453 nihilomiuus
616 1387 730 1453 venire
740 1397 891 1471 pergant,
910 1389 966 1470 qui
985 1408 1156 1470 nunquam
1209 1408 1314 1470 usqne
1357 1388 1399 1453 ad
1437 1409 1539 1471 parox
1564 1409 1672 1453 smum
1713 1389 1872 1471 prooessit
1913 1389 1999 1470 (Act.
2034 1395 2088 1466 15,
2119 1392 2185 1473 39).

176 1477 300 1540 frustra
322 1475 499 1558 quaeritur.
543 1472 658 1555 Neque
681 1473 770 1537 enim
798 1472 934 1538 fallendi
960 1493 1060 1539 causa
1081 1495 1156 1556 pro·
1210 1469 1267 1537 Sic
1295 1474 1440 1538 eiusdem
1469 1411 1566 1539 Pauli
1594 1495 1669 1539 cum
1697 1474 1801 1539 Petro
1830 1472 1990 1539 dissensio
2019 1475 2055 1538 in
2081 1477 2186 1540 maui-

175 1561 275 1639 misit,
300 1567 453 1642 apertnm
475 1559 525 1637 iri,
549 1558 576 1623 si
598 1557 781 1641 pulsemus:
806 1564 879 1638 [pag.
894 1564 948 1637 72]
971 1559 1085 1624 datum
1104 1558 1155 1636 iri,
1208 1558 1329 1623 festum
1357 1559 1547 1624 conflictum
1574 1561 1683 1642 erupit
1705 1559 1846 1644 (aa-a,
1869 1559 1931 1641 ll).
1975 1559 2017 1624 In
2039 1558 2105 1625 illis
2126 1563 2186 1625 tri·

176 1646 206 1712 si
238 1655 390 1728 petamus
424 1644 561 1727 (Matth.
586 1647 615 1722 7,
641 1642 686 1726 8).
737 1641 803 1723 Qui
837 1664 872 1708 se
905 1642 1155 1723 dissensionum,
1209 1643 1270 1709 bus
1292 1653 1475 1728 agnoscunt-
1492 1665 1606 1710 omnes
1627 1643 1712 1727 quod
1730 1644 1800 1709 dixi
1811 1641 1955 1711 Satanae
1973 1652 2185 1729 stratagema:

177 1750 257 1815 quas
278 1732 314 1795 in
335 1736 429 1812 parta
451 1736 564 1794 nostra
585 1727 748 1806 videnmt,
772 1728 845 1793 odio
862 1729 897 1792 in
920 1737 1059 1812 papatus
1082 1728 1157 1794 doo-
1209 1727 1244 1792 in
1271 1731 1437 1811 praesenti
1464 1733 1612 1813 negotio,
1645 1731 1701 1795 ubi
1729 1729 1817 1795 salus
1848 1751 1908 1795 sua
1933 1734 2093 1808 vertitur,
2128 1751 2188 1797 cur

176 1817 266 1881 trina
287 1816 422 1880 retineri
444 1816 576 1892 iactant,
598 1814 640 1879 iis
661 1813 773 1877 nullus
790 1822 842 1878 est
861 1814 1082 1880 excusationis
1103 1835 1156 1881 co·
1209 1815 1416 1880 οιιιιιιιιιιιιι
1461 1815 1616 1899 Excipiet
1637 1816 1710 1898 quis
1732 1816 1813 1893 iam,
1841 1835 1908 1879 non
1928 1816 2028 1882 fuisse
2049 1817 2123 1881 illas
2145 1817 2186 1883 de

176 1902 235 1966 lor.
280 1902 332 1966 De
360 1922 396 1966 re
423 1899 498 1983 plus
530 1919 630 1981 quam
664 1906 745 1963 ueta
770 1899 894 1982 loquor.
939 1899 1079 1964 Nullum
1107 1908 1158 1964 ast
1209 1897 1359 1965 doctriua
1385 1902 1651 1967 concertationes.
1697 1837 1809 1981 (guidi
1854 1903 1910 1966 An
1935 1922 2037 1983 quum
2066 1904 2186 1967 mosai-

176 1986 345 2071 religionis
366 1992 479 2068 caput,
510 1984 551 2049 da
573 2004 637 2067 quo
664 2004 730 2048 non
752 1983 820 2050 illio
841 1984 1056 2068 theologastri
1076 2006 1156 2067 quo·
1208 2005 1266 2049 eae
1287 1984 1370 2069 legis
1387 1988 1608 2051 caeremonias
1628 1985 1759 2082 quidam
1781 1994 1939 2068 urgerent
1962 1988 2048 2066 (Act.
2071 1992 2120 2065 15,
2140 1990 2184 2071 2),

176 2071 259 2136 tidie
288 2080 420 2136 certent.
464 2071 513 2137 Ut
540 2069 724 2136 contrariae
747 2069 816 2134 sint
842 2070 1027 2152 opiniones,
1057 2090 1155 2152 quam
1208 2090 1275 2135 non
1297 2070 1451 2136 veniebat
1468 2070 1503 2135 in
1521 2081 1746 2153 quaestionem
1765 2070 1934 2136 doctrina?
1969 2073 2072 2154 Atqui
2090 2092 2185 2137 eons-

177 2156 291 2222 odiese
311 2157 366 2221 alii
388 2155 469 2222 alios
492 2176 582 2221 nunc
603 2155 840 2238 perstringant,
863 2176 954 2220 nane
975 2156 1154 2239 exagitent,
1207 2176 1271 2237 que
1315 2155 1488 2221 erductum
1511 2155 1562 2221 est
1582 2157 1734 2234 schisma,
1752 2166 1791 2220 nt
1807 2156 1960 2221 ecclesias
1981 2156 2049 2220 fere
2071 2177 2185 2223 omnes

178 2249 277 2307 testes
299 2249 376 2307 sunt
397 2261 513 2306 eorum
535 2240 618 2305 libri.
664 2240 735 2304 Iuro
759 2240 906 2306 dicamas
929 2249 1034 2306 sectas
1055 2244 1154 2323 profi·
1207 2241 1278 2306 scin
1302 2249 1381 2305 eret.
1416 2242 1469 2306 An
1494 2242 1565 2306 eius
1582 2241 1839 2324 perturbationis
1857 2261 1956 2307 causa
1975 2240 2184 2324 evangelium

176 2329 255 2405 teri,
284 2326 350 2392 sibi
369 2327 546 2410 gloriosum
568 2344 640 2391 esse
663 2325 795 2391 ducunt.
840 2327 930 2410 Ergo
951 2324 1054 2391 bonos
1073 2327 1154 2391 istos
1207 2326 1297 2391 reiici
1319 2346 1461 2409 aequum
1479 2327 1579 2392 inisse
1597 2325 1731 2392 dicent?
1765 2326 1962 2404 Lutherum,
1985 2336 2018 2391 et
2040 2347 2095 2392 eos
2113 2329 2184 2409 qui-

173 2414 262 2478 riros
283 2414 477 2477 innumerae
504 2411 708 2494 papistarum
736 2411 829 2475 rixae
858 2418 891 2476 et
918 2431 1049 2495 pugnae
1070 2411 1154 2475 nihil
1206 2411 1343 2477 boscum
1368 2411 1531 2489 dissensit,
1554 2411 1703 2477 cordatos
1724 2412 1825 2476 fuisse
1843 2411 1993 2477 homiues
2015 2424 2048 2476 et
2070 2413 2184 2495 singu·

174 2497 363 2577 offendunt:
395 2498 493 2563 unica
515 2497 601 2561 inter
622 2517 682 2566 nos
703 2494 864 2561 dissensio
892 2496 939 2562 sic
960 2517 1015 2561 eos
1036 2496 1153 2563 vulne·
1205 2495 1332 2563 laribus
1353 2495 1418 2561 Dei
1441 2496 1535 2562 donis
1565 2506 1696 2562 ornatos
1717 2504 1853 2562 constat.
1898 2497 1939 2560 In
1962 2503 2032 2561 tota
2053 2497 2185 2579 pietatis

169 2594 243 2660 -rat,
272 2591 310 2647 ut
337 2583 378 2648 ab
406 2584 565 2648 universa
592 2580 740 2646 doctrina
766 2583 918 2664 protinus
947 2581 1153 2648 abhorreant
1205 2602 1334 2646 summa
1355 2580 1516 2647 mirabilis
1542 2583 1606 2647 ιιιιι
1633 2602 1746 2647 eorum
1776 2602 1961 2647 consensus.
2007 2581 2092 2662 Quis
2113 2603 2184 2649 rec-

173 2668 396 2751 Unaquidem
418 2668 455 2732 in
476 2688 512 2731 re
534 2666 674 2731 nimium
696 2666 872 2732 concordes
895 2675 974 2732 sunt
995 2668 1152 2750 papistae‚
1205 2675 1260 2734 tus
1281 2673 1370 2733 esset
1392 2688 1429 2733 ac
1451 2668 1600 2733 sincerus
1623 2667 1688 2732 Dei
1710 2665 1835 2745 cultus,
1865 2689 1933 2733 uno
1961 2687 2019 2732 ore
2041 2666 2185 2733 tradide-

175 2753 262 2837 quod
274 2755 424 2820 certatim
445 2774 559 2819 omnes
577 2752 735 2817 adversus
753 2752 962 2835 evangelium
979 2752 1152 2831 blaterant,
1206 2760 1299 2816 runt:
1324 2773 1399 2818 eum
1423 2751 1464 2817 ab
1485 2754 1668 2818 innumeris
1691 2751 1976 2835 superstitionibus
1999 2759 2032 2818 et
2049 2752 2184 2818 idolola-

175 2839 260 2923 quod
282 2839 402 2921 impias
424 2858 501 2904 suas
523 2838 779 2921 superstitiones.
794 2858 861 2902 non
878 2839 989 2902 miuus
1011 2838 1153 2903 clamose
1205 2838 1277 2903 triis
1299 2857 1488 2920 repurgare,
1512 2860 1531 2904 a
1552 2840 1666 2921 pravis
1687 2839 1858 2905 hominum
1879 2841 2074 2904 commentis
2096 2859 2185 2904 assa-

173 2944 283 3008 quarn⁴
299 2924 515 3006 pervicaciter
546 2931 690 2988 tuentur.
736 2921 862 2988 Verum
889 2922 931 2988 ad
960 2944 995 2988 se
1027 2925 1152 2988 reversi
1188 2944 1278 2988 rere
1300 2925 1410 2989 conati
1431 2931 1518 2989 suut.
1563 2925 1693 2990 Eversa
1714 2944 1849 3006 operum
1872 2921 2005 3001 fiducia,
2029 2944 2094 3007 qua
2122 2925 2185 2988 mi·

172 3009 258 3074 nihil
276 3030 375 3092 quarn
393 3027 492 3074 rauca
509 3009 643 3076 confusa
664 3027 707 3072 ue
724 3008 919 3091 garrulitate
937 3007 1152 3074 sibiinvicem
1205 3010 1270 3074 seri
1293 3008 1445 3074 homines
1466 3008 1619 3075 inebriati
1641 3013 1745 3086 erant,
1773 3008 1917 3093 adeoque
1940 3009 2106 3087 fascinati,
2133 3019 2184 3074 to-

173 3094 376 3178 obstrepunt.
391 3095 415 3175 ¹)
465 3091 542 3160 Scio
574 3027 726 3176 equidem
758 3102 826 3157 tam
860 3094 1008 3177 perditae
1035 3094 1153 3159 frontis
1204 3101 1273 3159 tam
1303 3094 1442 3159 salutem
1470 3095 1505 3159 in
1534 3093 1660 3159 Christi
1687 3094 1794 3178 gratia
1820 3095 1998 3177 repositum
2026 3116 2098 3161 esse
2126 3095 2184 3160 do·

172 3200 244 3244 esse
272 3180 452 3245 monachos
483 3186 519 3244 et
541 3177 688 3245 eiusdem
721 3179 848 3245 farinae
881 3179 1080 3258 blateroncs,
1113 3186 1153 3244 ut
1205 3184 1353 3245 cuerunt.
1398 3178 1526 3245 Christi
1549 3181 1720 3258 virtutem,
1752 3200 1837 3263 quae
1865 3180 1919 3245 vel
1940 3180 2087 3245 iacuerat
2108 3201 2184 3263 pro-

172 3265 376 3348 plebeculam
408 3264 471 3330 hoc
497 3267 641 3330 maxime
669 3264 845 3328 nominee
869 3264 1029 3347 capiendo
1051 3285 1152 3330 evan·
1205 3271 1318 3343 strata,
1340 3265 1393 3332 vel
1416 3269 1490 3343 [pag.
1511 3270 1565 3344 74]
1588 3264 1912 3342 demersalatuerat,
1935 3267 2108 3349 magnifice
2126 3288 2184 3330 ex-

173 3350 252 3434 galii
269 3358 370 3434 gustu
388 3349 586 3427 deterreant,
610 3349 688 3433 quia
705 3349 793 3413 inter
810 3369 871 3414 nos
889 3369 958 3414 non
971 3350 1055 3415 bene
1073 3371 1151 3416 con·
1205 3350 1361 3415 tulerunt.
1407 3348 1582 3431 Quaenam
1603 3372 1684 3419 vera
1705 3350 1749 3416 sit
1771 3350 1944 3416 invocandi
1973 3352 2070 3429 ratio,
2100 3371 2183 3433 quae

173 3437 296 3500 veniat
340 3435 443 3516 Quasi
466 3456 545 3500 vero
578 3432 747 3499 intestinis
776 3453 889 3499 eorum
918 3436 1152 3501 certaminibus
1204 3436 1428 3518 poenitentiae
1464 3436 1515 3500 vis
1543 3443 1578 3500 et
1605 3444 1738 3513 natura,
1774 3435 1862 3500 unde
1888 3436 2014 3499 oriatur
2041 3443 2074 3499 et
2101 3456 2183 3517 quos

174 3516 243 3584 n'cu
261 3528 414 3584 resonent
435 3520 624 3586 scholarum
640 3519 792 3600 parietes.
826 3518 932 3601 Quasi
953 3540 1152 3587 noncmues
1204 3521 1332 3586 tructus
1352 3519 1514 3603 producat
1541 3520 1640 3599 fides,
1670 3540 1751 3602 quae
1781 3519 1929 3603 legitima
1957 3521 2000 3584 ιιι
2028 3519 2184 3586 ecclesiae

174 3624 291 3670 aarum
313 3603 400 3682 libri,
428 3614 467 3671 ut
489 3605 611 3670 dictum
634 3612 701 3682 est,
733 3605 958 3689 pugnantibus
980 3607 1152 3672 sententiis
1205 3605 1410 3689 gubernatio,
1435 3605 1475 3670 a‘b
1497 3604 1563 3669 illis
1584 3625 1651 3669 non
1672 3605 1763 3670 varie
1785 3604 1935 3669 traditur.
1982 3605 2126 3669 Tantum
2147 3606 2185 3671 in
2269 3675 2271 3678 Α

172 3690 288 3755 referti
310 3690 386 3755 sint.
429 3692 498 3756 llos
519 3699 640 3769 tamen,
662 3689 782 3771 quibus
804 3689 972 3773 deplorata
994 3692 1152 3774 improbi·
1203 3690 1283 3774 ipsis
1306 3688 1464 3774 symbolis
1487 3689 1609 3772 aliquid
1632 3690 1695 3754 fuit
1716 3689 1972 3755 dissentaneum.
2006 3691 2052 3754 Et
2073 3698 2185 3756 tamen

171 3786 226 3840 tas
259 3794 389 3840 summa
420 3784 470 3841 est
502 3776 622 3855 virtus,
639 3776 703 3838 'ita
734 3775 922 3858 petulanter
953 3796 1051 3860 agere
1083 3797 1152 3841 non
1203 3776 1266 3841 hoe
1288 3795 1435 3840 asserere
1461 3796 1529 3839 non
1551 3785 1675 3841 temere
1696 3773 1813 3840 audeo:
1847 3776 1910 3840 nisi
1938 3776 2061 3858 partim
2082 3776 2185 3840 nimia

171 3861 284 3925 miror.
335 3860 462 3926 Verum
492 3863 549 3944 qui
572 3863 611 3927 fit
639 3871 677 3924 ut
704 3860 824 3925 oculati
853 3861 1004 3927 homines
1031 3862 1152 3944 quibus
1203 3859 1451 3927 contentionum
1463 3860 1674 3926 vehementia
1693 3857 1888 3938 exacerbati,
1906 3862 2027 3959 partim
2040 3861 2184 3927 sinistris

171 3944 256 4010 nihil
278 3965 497 4029 eorumquae
515 3947 585 4012 dico
607 3947 759 4031 ignotum
776 3954 835 4024 est,
857 3945 1018 4011 eiusmodi
1041 3967 1077 4012 se
1099 3968 1151 4011 ar-
1203 3946 1442 4028 suspicionibus
1471 3947 1619 4028 occupati
1643 3946 1789 4012 fuissent
1816 3947 1932 4022 animr,
1963 3966 2031 4011 non
2053 3955 2184 4013 tantum

172 4039 331 4114 gumento
358 4032 485 4097 moveri
513 4030 692 4098 simulent?
736 4033 859 4096 Annon
888 4031 949 4097 hoc
970 4038 1023 4097 est
1042 4030 1151 4098 lucam
1202 4032 1303 4097 fuisse
1324 4030 1507 4109 dissidium,
1530 4030 1610 4114 quin
1631 4031 1724 4096 facile
1743 4030 1911 4097 conciliari
1933 4040 2050 4114 posset.
2085 4030 2183 4113 Quod

105 4186 110 4192 ,
172 4136 214 4180 ex
232 4118 378 4198 professo
395 4117 532 4201 fugere?
561 4119 608 4183 Et
623 4119 658 4182 in
681 4138 718 4182 eo
741 4137 834 4181 suam
856 4116 1051 4199 sapientiam
1068 4137 1150 4181 ven·
1203 4118 1231 4182 si
1252 4116 1307 4181 illo
1329 4114 1519 4198 disputandi
1541 4116 1669 4182 fervore
1691 4137 1759 4181 non
1787 4116 1851 4201 rite
1871 4116 2030 4199 explicari
2052 4127 2182 4182 contro·

172 4200 295 4280 ditant,
324 4202 411 4284 quod
438 4222 473 4268 se
501 4224 567 4268 uon
589 4202 759 4286 implicent
781 4201 972 4285 periculosis
993 4202 1149 4268 dissidiis:
1202 4203 1314 4268 versia
1334 4205 1455 4285 potuit:
1485 4199 1564 4285 quid
1592 4223 1683 4268 nunc
1709 4201 1826 4268 saltem
1854 4203 1976 4280 obstat,
2006 4204 2182 4285 quominus

172 4285 254 4352 alios
277 4307 355 4352 vero
377 4288 434 4369 qui
462 4288 578 4354 salutis
605 4289 695 4353 viam
718 4287 933 4353 nihilominus
955 4288 1079 4353 audent
1098 4289 1150 4353 in·
1202 4287 1304 4354 veluti
1337 4286 1449 4351 sedato
1480 4286 1626 4350 tumultu
1665 4289 1806 4370 simplex
1846 4287 1997 4370 audiatur
2034 4289 2181 4354 veritas?

170 4372 317 4453 quirere,
350 4373 443 4455 quasi
471 4394 590 4456 parum
618 4380 730 4439 cautoe
759 4372 917 4438 derident
962 4374 1036 4457 Ego
1062 4394 1150 4453 vero,
1203 4371 1288 4454 Quis
1309 4393 1410 4438 verus
1437 4372 1481 4437 sit
1508 4380 1788 4438 sacramentorum
1817 4394 1914 4453 usus,
1943 4373 2065 4455 optime
2094 4374 2183 4440 inter

172 4459 249 4538 quia
264 4456 394 4522 melius
422 4478 490 4523 non
526 4459 622 4525 video
649 4459 846 4536 remedium,
881 4479 979 4541 quarn
1008 4467 1047 4523 ut
1074 4479 1150 4524 con·
1201 4478 1264 4522 nos
1285 4457 1455 4521 convenit:
1480 4454 1695 4523 Sacramenta
1715 4458 1749 4522 in
1772 4459 1834 4524 hoc
1854 4458 2009 4545 instituta
2029 4479 2116 4537 esse,
2146 4470 2184 4526 ut

173 4550 299 4624 temptu
321 4563 436 4608 eorum
455 4546 607 4628 superbia
624 4546 816 4628 corrigatur,
840 4542 880 4608 ad
899 4542 1151 4627 simpliciores2)
1202 4541 1269 4608 Dei
1289 4542 1526 4626 promissiones
1543 4541 1696 4608 cordibus
1714 4544 1837 4610 nostris
1849 4544 2032 4631 obsignant,
2054 4553 2094 4609 nt
2105 4546 2182 4611 fidei

171 4646 228 4692 me
245 4635 410 4707 converto,
433 4630 490 4712 qui
507 4630 568 4696 sibi
580 4628 740 4696 'mditatis
760 4650 840 4695 suae
859 4634 933 4710 [pag.
953 4633 1007 4708 73]
1029 4629 1151 4696 conscii
1202 4635 1335 4694 nostrae
1356 4626 1556 4694 adminicula
1583 4635 1616 4705 ιι
1638 4627 1770 4694 divinae
1795 4631 1922 4714 gratiae
1945 4630 2013 4695 sint
2033 4631 2182 4696 testimo·

170 4712 213 4778 ab
241 4713 455 4795 inquirendae
486 4715 637 4782 veritatis
670 4715 780 4781 studio
815 4712 979 4779 abstinere
1011 4715 1150 4793 mdunt,
1202 4714 1268 4795 nia,
1291 4714 1510 4779 communiter
1531 4733 1644 4779 omnes
1661 4713 1834 4780 tradimus.
1867 4715 1944 4781 Nou
1962 4715 2078 4781 inanes
2099 4736 2179 4793 esse,

169 4818 273 4881 quam
300 4799 431 4864 amandi
459 4801 641 4884 periculum
669 4801 787 4867 subire.
831 4798 943 4881 Quum
973 4799 1051 4866 hinc
1080 4800 1150 4865 Lu··
1202 4807 1261 4865 aut
1292 4798 1399 4864 nudas
1427 4806 1639 4881 mortuasque
1663 4800 1787 4884 figuras
1815 4800 1936 4879 diserte
1964 4796 2179 4866 ostendimus:

42 4962 46 4969 ι
169 4882 299 4959 thorus,
316 4884 395 4949 iude
416 4883 689 4969 oecolampadius
706 4893 740 4952 et
751 4884 928 4969 'Zvinglius
945 4884 1151 4951 restituendo
1203 4906 1304 4969 quum
1338 4890 1372 4949 et
1403 4884 1520 4950 efficax
1550 4905 1611 4967 par
1641 4885 1778 4968 spiritus
1806 4887 1913 4952 sancti
1945 4886 2104 4951 virtutem
2137 4884 2181 4950 sit

169 4966 300 5033 (ihr-isti
315 4989 430 5053 regno
458 4979 629 5038 strenuam
662 4991 794 5054 operam
827 4977 1003 5048 navarent,
1036 4970 1151 5036 infelix
1202 4991 1316 5036 eorum
1338 4990 1433 5048 usus,
1463 4977 1497 5034 et
1518 4989 1640 5036 arcam
1661 4970 1805 5044 eiusdem
1828 4969 1963 5053 spiritus
1984 4965 2180 5035 sanodvir-
2232 5010 2235 5014 -

167 5108 378 5118 -...-
1203 5064 1274 5121 tute
1284 5056 1378 5121 Deus
1394 5075 1472 5122 vere
1489 5062 1636 5138 praestet
1652 5076 1863 5138 quaecunque
1880 5054 1949 5119 illic
1966 5053 2180 5139 demonstrat

241 5172 271 5239 1)
290 5172 486 5255 ‘pamm
505 5191 539 5230 ω
556 5192 592 5230 un
611 5190 701 5231 mm,
719 5175 793 5245 plain
811 5175 845 5229 d,
863 5174 1036 5245 genouillcs.
1202 5141 1320 5224 Itaque
1341 5161 1462 5224 panem
1485 5149 1519 5205 et
1538 5141 1655 5240 vinum
1671 5141 1708 5205 in
1725 5159 1936 5237 sacraooeua
1949 5139 2095 5239 ιἰιιιιιιιι
2112 5161 2181 5207 non

241 5239 428 5310 memphres
445 5241 514 5297 roal
532 5258 603 5313 seqq.
1202 5245 1324 5295 vacuas
1338 5245 1409 5291 esse
1421 5234 1562 5292 tesseras
1579 5246 1649 5291 erus
1671 5230 1984 5304 commumoatroms,
2003 5244 2102 5308 quarn
2120 5226 2180 5312 ha·
