4762 5918
223 289 265 353 tl
1045 282 1110 349 Du
1133 278 1409 348 sompnus,
2196 290 2240 352 52

227 473 393 559 pretiosae
410 472 560 538 siutDeo
580 471 720 550 mmet,
743 471 862 554 quibus
882 469 999 537 salutis
1015 468 1106 536 riam
1120 468 1209 534 malo
1259 467 1426 534 virtutum
1446 465 1520 534 odio
1542 467 1611 534 suis
1631 474 1794 552 peraeque
1812 484 1846 535 et
1866 470 2006 537 aliorum
2023 472 2113 538 vitiis
2133 473 2241 543 liben-

230 581 291 627 suo
329 556 479 640 exemplo
521 556 750 640 praecludunt.
812 556 979 635 Primum,
1017 553 1122 620 nimia
1158 561 1210 620 est
1260 562 1312 619 ter
1333 552 1515 637 indulgent
1559 553 1707 636 Populus
1734 566 1847 620 autem
1873 564 1912 621 ut
1938 558 2079 640 gratiam
2105 560 2240 641 referat,

230 650 299 711 ista
337 641 544 725 improbitas,
585 642 714 721 Deum,
760 662 858 724 quem
898 641 994 707 facts
1034 639 1209 723 abnegant,
1261 660 1316 705 eos
1342 647 1431 704 amat
1459 639 1560 717 solos,
1597 638 1820 721 amplectitur,
1849 642 1952 709 fovet:
1983 651 2080 726 atque
2104 651 2143 709 ut
2169 647 2240 714 suis

230 751 288 797 ore
317 727 482 805 confiteri,
510 727 595 793 mont
623 727 749 793 Paulus
782 727 862 793 dicit
895 727 975 811 (uit
1007 731 1040 804 l,
1068 727 1137 807 16):
1171 735 1210 790 ut
1261 724 1388 790 delictis
1417 732 1573 807 patronos
1607 724 1743 804 habeat,
1777 747 1836 792 suo
1864 727 2047 808 patrocinio
2074 737 2198 797 tuetur.
2211 734 2241 816 ¹)

230 814 380 883 coelestia
408 812 591 897 sapientiae
620 812 772 896 discipuli
799 819 989 895 appareant,
1018 832 1118 894 quum
1141 818 1210 876 tota
1260 808 1526 885 Intereatamen
1554 830 1621 874 non
1650 809 1771 876 desinit
1797 812 1990 887 scandalum
2019 813 2082 879 sibi
2102 836 2144 881 ex
2165 838 2240 883 cor·

228 901 299 966 vita
336 898 549 967 manifestum
585 899 651 963 Dei
687 906 914 964 contemtum
954 902 1079 995 arguat
1140 894 1210 962 Sed
1260 901 1359 978 rupta
1384 903 1553 978 pastorum
1575 895 1644 961 vita
1665 895 1819 975 obiicere,
1848 917 1890 962 ne
1918 898 1959 963 ad
1989 897 2162 968 Christum
2184 923 2240 968 ac·

231 992 305 1065 [pag.
330 989 386 1063 tt]
413 983 494 1049 haec
522 984 599 1065 plus
622 1004 720 1067 quarn
741 1004 797 1049 sac
817 984 823 997 ‘
840 1003 903 1066 ega
923 983 1087 1065 impietas,
1109 1003 1209 1048 evan·
1261 980 1364 1046 cedat
1408 980 1517 1046 Nimis
1549 979 1583 1044 id
1611 981 1742 1062 quidem
1769 1002 1925 1063 perverse
1954 991 1988 1049 et
2014 985 2239 1067 impudenter:

229 1071 315 1156 gelic
348 1068 390 1134 ad
426 1068 588 1134 scelerum
619 1076 830 1152 praetextum
858 1068 959 1133 abuti
1009 1068 1143 1150 Loquor
1169 1067 1209 1132 de
1261 1065 1319 1130 sed
1348 1086 1454 1148 neque
1486 1067 1698 1132 excusatione
1733 1067 1852 1149 dignus
1881 1068 2059 1152 quispiam,
2091 1092 2191 1154 quern
2218 1097 2241 1140 a

229 1155 368 1222 artificio
395 1154 464 1219 iam
497 1153 636 1237 vulgar-i,
650 1154 675 1236 ¹)
702 1175 766 1237 quo
795 1175 832 1219 so
859 1152 976 1237 perfidi
1008 1161 1043 1217 et
1066 1172 1210 1234 nequam
1261 1149 1387 1217 Christi
1408 1172 1540 1218 accessu
1568 1152 1726 1217 arcebunt
1746 1151 1918 1219 hominum
1938 1165 2080 1237 peccata.
2124 1157 2241 1226 Nihilo

229 1241 380 1307 homines
389 1241 419 1323 ²)
456 1237 499 1304 ad
532 1238 729 1319 fallendum,
766 1238 1002 1317 fraudandum,
1040 1237 1209 1321 modisque
1260 1236 1384 1302 scilicet
1405 1238 1520 1321 magis,
1543 1256 1640 1319 quarn
1662 1238 1691 1301 si
1714 1239 1787 1320 quis
1808 1259 1850 1304 er
1870 1239 1961 1305 fonte
1974 1239 2086 1306 bibere
2098 1257 2241 1323 recuset,

228 1324 383 1393 omnibus
404 1323 590 1389 nocendum
610 1325 790 1390 insinuant.
836 1323 917 1388 Vidi
938 1323 1032 1399 olim,
1059 1344 1140 1405 quos
1161 1323 1208 1387 le-
1260 1322 1338 1404 quia
1360 1321 1509 1387 sentibus
1530 1332 1562 1385 et
1584 1322 1722 1406 spinetis
1742 1323 2112 1408 dicatesseobseptum:
2134 1349 2240 1412 quum

228 1412 368 1477 nociniis
407 1410 475 1475 suis
511 1410 715 1492 impurisque
752 1408 934 1475 actionibus
966 1430 1033 1474 non
1064 1409 1210 1492 pudebat
1260 1414 1372 1472 tamen
1392 1408 1560 1474 obstacula
1585 1407 1817 1474 transcendere
1838 1431 1900 1476 nee
1927 1431 2048 1495 magno
2069 1411 2181 1478 labore
2202 1424 2242 1481 et

228 1495 395 1580 evangelii
411 1495 564 1561 umbram
585 1494 772 1572 obtendere.
781 1495 809 1575 ³)
842 1493 911 1559 Alii
928 1495 983 1578 qui
1002 1494 1113 1559 minus
1131 1502 1209 1559 sunt
1260 1494 1332 1557 sine
1363 1493 1508 1575 periculo
1534 1492 1645 1560 liceat
1696 1492 1784 1574 Quia
1816 1495 1992 1562 nonnullos
2025 1499 2239 1582 evangelium

228 1581 388 1659 scelerati,
410 1580 568 1646 dissolute
590 1587 702 1646 tamen
726 1579 868 1647 vivendo
889 1586 924 1645 et
945 1579 1116 1646 ecclesiam
1138 1579 1209 1662 pol·
1259 1578 1295 1642 in
1316 1598 1372 1643 ore
1396 1578 1554 1644 habentes
1575 1578 1731 1644 scelerate
1749 1587 1807 1646 aut
1835 1582 1986 1663 nequiter
2017 1584 2131 1649 vivere
2157 1604 2239 1650 con-

226 1665 325 1733 luunt
346 1665 504 1733 vitiorum
521 1686 656 1730 suorum
674 1663 833 1743 sordibus,
855 1675 889 1730 et
909 1664 1081 1749 evangelio
1097 1685 1208 1731 macu-
1260 1663 1418 1745 spiciunt:
1438 1665 1502 1742 En,
1521 1665 1684 1748 inquiunt,
1707 1665 1925 1750 evangelium.
1958 1665 2093 1748 Quanto
2115 1671 2240 1753 rectius

226 1750 295 1818 lam
317 1761 506 1836 aspergunt.
550 1750 623 1816 Iam
643 1750 727 1816 illud
755 1750 889 1833 quidem
916 1751 1076 1816 miserum
1097 1759 1149 1815 est
1170 1772 1208 1817 ac
1261 1767 1337 1812 cum
1359 1749 1471 1814 dolore
1490 1759 1714 1832 agnoscerent,
1737 1771 1874 1834 gramm
1891 1752 1967 1817 fieri
1978 1751 2052 1816 Deo
2069 1753 2238 1836 iniuriam,

228 1836 416 1916 dolendum,
445 1856 513 1901 non
534 1836 631 1902 modo
652 1831 812 1921 imputari
835 1836 1018 1902 sanctitatis
1040 1835 1209 1901 doctrinae
1260 1854 1362 1914 quum
1384 1833 1553 1900 doctrinae
1582 1836 1651 1900 vita
1678 1843 1748 1900 tam
1774 1835 1859 1900 male
1880 1835 2070 1920 respondet!
2116 1837 2154 1905 Si
2176 1861 2238 1906 ne-

228 1924 404 1989 hominum
432 1922 574 2004 flagitia,
608 1921 667 1987 sed
701 1923 737 1987 in
769 1942 882 1986 eorum
909 1934 1050 2005 persona
1081 1921 1207 1987 calum-
1259 1919 1356 1985 bulae
1375 1920 1475 1985 terris
1496 1919 1669 2003 caliginem
1691 1919 1868 2000 obducunt,
1891 1943 1988 1987 nemo
2009 1931 2077 1988 tarn
2097 1925 2240 1993 insanus

227 2011 321 2075 niose
355 2028 428 2073 eam
457 2004 592 2071 maduci.
639 2006 707 2073 Sed
736 2006 826 2073 aliud
852 2016 903 2073 est
928 2006 1083 2073 ecclesiae
1114 2006 1208 2072 ulcus
1259 2012 1389 2071 estant
1416 2005 1598 2088 improbus,
1623 2013 1661 2070 ut
1689 2006 1791 2072 solem
1818 2016 1992 2089 propterea
2018 2008 2239 2093 caliginosum

226 2095 333 2177 magis
361 2091 612 2175 deplorandum:
646 2092 746 2175 quod,
760 2101 923 2175 pastores,
954 2093 1033 2176 ipsi,
1062 2091 1206 2174 inquam,
1258 2098 1362 2156 vocet.
1408 2091 1510 2173 Atqui
1531 2091 1619 2156 inter
1640 2091 1718 2156 solis
1736 2099 1770 2156 et
1787 2092 1949 2175 evangelii
1961 2092 2142 2160 claritatem
2159 2096 2237 2179 plu-

226 2188 389 2263 pastores,
418 2178 475 2260 qui
502 2184 713 2261 suggestum,
741 2176 804 2242 hoc
831 2187 897 2254 est,
925 2197 1057 2243 sacmm
1080 2176 1207 2243 (lhristi
1258 2175 1381 2240 rimum
1398 2175 1544 2241 interest.
1572 2175 1659 2241 Nam
1669 2196 1772 2258 quum
1781 2176 1882 2242 illum·
1894 2178 2069 2244 obscurent
2085 2179 2237 2262 nebulae,
2292 2196 2296 2204 ·

227 2263 373 2330 tribunal
393 2284 433 2328 ea
452 2262 527 2346 lege
548 2261 782 2342 conscendunt,
805 2274 845 2328 ut
861 2264 949 2329 vitae
961 2263 1106 2347 puritate
1123 2283 1207 2347 prae
1256 2261 1367 2325 facere
1385 2282 1452 2326 non
1467 2268 1577 2345 potest
1593 2260 1766 2327 hominum
1787 2263 1944 2344 pravitas,
1970 2266 2049 2347 quin
2065 2265 2238 2349 perluceat

228 2351 300 2415 aliis
328 2349 482 2414 omnibus
506 2348 687 2427 excellant,
715 2348 882 2414 interdum
910 2355 989 2415 sunt
1017 2349 1207 2432 turpissima
1257 2365 1356 2412 sanae
1373 2347 1408 2430 pi
1469 2367 1511 2412 ue
1521 2347 1689 2412 doctrinae
1699 2347 1863 2430 splendor,
1887 2369 1951 2431 quo
1963 2350 2032 2415 vita
2042 2360 2164 2430 noema,
2176 2352 2238 2417 ab·

224 2436 279 2501 vel
306 2434 473 2517 nequitiae
506 2433 560 2499 vel
588 2434 753 2499 malorum
781 2433 921 2499 aliorum
947 2433 1107 2518 exempla
1152 2436 1207 2500 Ita
1257 2428 1371 2497 stersis
1383 2440 1457 2496 tene
1480 2433 1535 2510 ris,
1553 2432 1715 2499 interam
1729 2433 1890 2498 iustitiam
1907 2435 2113 2502 reformatur.
2140 2436 2238 2522 Ergo

224 2522 273 2598 fit,
296 2530 335 2586 ut
355 2519 461 2584 nihilo
481 2518 646 2601 plusfidei
667 2519 889 2602 acgravitatis
911 2520 1082 2585 obtineant
1091 2540 1206 2584 eorum
1257 2516 1368 2596 selem,
1388 2517 1488 2582 etiam
1509 2517 1589 2583 dum
1610 2517 1819 2586 absconditus
1839 2518 1936 2598 latet,
1965 2519 2140 2587 fatebimur
2161 2543 2238 2590 esse

225 2604 416 2682 conciones,
451 2623 549 2685 quam
582 2604 611 2668 si
642 2603 787 2669 fabulam
809 2605 845 2668 in
872 2625 970 2671 scena
997 2612 1112 2688 ageret
1136 2604 1205 2670 his·
1255 2601 1416 2668 lucidum:
1438 2604 1831 2688 conspicuam'evangelii
1846 2604 1956 2670 lucem
1973 2613 2006 2671 et
2022 2607 2058 2671 in
2077 2627 2116 2671 ea
2132 2608 2238 2674 retul-

225 2691 298 2755 trio.
306 2689 338 2772 ⁴)
384 2689 431 2754 Et
458 2688 544 2753 tales
572 2687 696 2755 scilicet
722 2690 925 2773 contemptui
954 2709 990 2755 se
1018 2709 1089 2755 esse
1117 2690 1205 2773 apud
1256 2694 1390 2773 gentem
1413 2686 1540 2754 (lhristi
1566 2687 1704 2772 gloriam
1734 2710 1837 2773 quum
1865 2711 2052 2771 cernamus,
2081 2698 2156 2771 [pag.
2176 2700 2236 2775 65]

205 2774 363 2858 plebem,
385 2783 443 2839 aut
463 2773 563 2838 etiam
583 2774 717 2840 ludibrii
738 2795 838 2841 causa
849 2774 953 2859 digito
974 2796 1011 2840 se
1028 2776 1204 2840 monstrari
1255 2772 1365 2839 oculos
1383 2773 1477 2839 nobis
1494 2773 1667 2840 hominurn
1677 2782 1819 2859 peccata,
1841 2775 2078 2861 qualiacunque
2099 2778 2238 2845 tandem

225 2867 484 2943 conqueruntur.
528 2859 602 2943 Ego
629 2868 739 2925 antem
766 2861 876 2943 potius
902 2860 995 2944 vulgi
1020 2860 1125 2926 miror
1145 2881 1203 2943 pa·
1255 2865 1342 2937 sunt,
1364 2858 1608 2943 perstringent?
1698 2936 1701 2940 Α

223 2947 387 3023 tentiam,
409 2943 496 3027 quod
517 2965 584 3010 non
605 2966 661 3011 eos
681 2946 751 3011 luto
773 2952 807 3012 ot
827 2946 1027 3011 stercoribus
1049 2945 1204 3012 muheres
1342 2942 1514 3025 Quantum
1536 2945 1578 3010 ad
1601 2944 1700 3011 duces
1721 2946 1850 3029 ips0s2)
1873 2953 2017 3029 spectat,
2044 2948 2110 3013 iam
2133 2970 2237 3016 nove·

223 3051 262 3097 ac
284 3031 380 3113 pueri
404 3031 557 3114 operiunt
591 3031 788 3097 Ministerii
816 3030 1013 3115 dignitatem
1039 3031 1205 3098 extollunt
1256 3035 1309 3093 rat
1331 3029 1485 3096 Christus
1505 3031 1540 3095 in
1566 3031 1782 3114 ignominiam
1806 3031 1975 3100 doctrinae
2008 3035 2153 3099 maxime
2180 3055 2238 3101 re·

219 3116 327 3199 plenis
348 3114 473 3182 buccis:
501 3124 536 3180 at
558 3116 634 3182 ‘illis
661 3136 730 3181 non
757 3117 912 3182 venitin
938 3125 1100 3196 mentem,
1129 3117 1203 3182 ideo
1256 3111 1420 3195 dundare,
1459 3115 1488 3180 si
1520 3117 1663 3199 turpiter
1693 3117 1822 3183 vivunt.
1866 3117 1914 3184 Ut
1946 3119 2008 3183 hoc
2040 3117 2237 3185 scandalum

220 3223 288 3267 non
310 3200 426 3266 haberi
450 3222 549 3267 suum
581 3202 765 3268 ministerio
786 3202 961 3280 honorem,
990 3203 1067 3285 quia
1092 3203 1203 3286 ipsum
1256 3207 1394 3279 avertat,
1416 3200 1568 3267 hortatur
1585 3200 1627 3265 ad
1645 3202 1941 3286 servandumquod
1954 3203 2079 3284 iubent,
2102 3205 2237 3271 etiamsi

221 3307 285 3353 sua
310 3285 514 3370 turpitudine
536 3294 767 3370 conspurcaut
799 3289 888 3353 Nam
909 3287 1005 3354 sicuti
1025 3308 1104 3353 vere
1124 3288 1204 3354 olim
1255 3306 1298 3350 ne
1319 3287 1456 3351 minimo
1478 3286 1610 3368 quidem
1622 3285 1723 3371 digito
1741 3289 1826 3353 attin
1893 3296 2027 3369 tenera,
2049 3311 2133 3371 quae
2152 3289 2236 3356 alio·

222 3394 242 3438 a
272 3372 415 3455 quodam
449 3370 575 3438 dictum
599 3383 666 3438 est:
699 3373 747 3440 Ut
769 3374 903 3451 ameris,
939 3373 1090 3440 mirabilis
1118 3382 1201 3440 esto:
1255 3392 1330 3435 rum
1352 3370 1527 3454 imponunt
1554 3371 1703 3438 humeris
1724 3373 1798 3456 (Ma
1878 3376 1929 3453 23,
1948 3375 1993 3457 3),
2038 3373 2236 3442 Scribarum

219 3458 273 3524 ita
305 3478 435 3523 morum
464 3459 633 3542 gravitate
663 3469 698 3523 et
732 3456 951 3526 sanctimonia
982 3461 1203 3526 reverentiam
1254 3465 1334 3523 tune
1360 3477 1483 3522 munus
1509 3466 1582 3523 erat
1606 3457 1765 3540 populum
1793 3459 1971 3532 instituere,
1997 3458 2034 3524 in
2055 3460 2128 3543 lege
2150 3461 2234 3527 Dei:
2354 3475 2355 3481 ’

135 3608 138 3612 ,
219 3542 283 3609 sibi
307 3544 481 3625 acquirant
501 3551 658 3627 oportet,
677 3543 733 3628 qui
754 3545 789 3609 in
811 3546 916 3627 pretio
944 3543 1059 3610 haberi
1078 3545 1202 3612 volunt.
1254 3540 1305 3606 illi
1327 3551 1453 3621 autern,
1484 3562 1585 3625 quum
1606 3543 1643 3607 in
1664 3542 1823 3610 cathedra
1855 3543 1987 3610 divinae
2016 3554 2127 3611 essent
2147 3546 2235 3630 legis

220 3629 331 3711 Atque
352 3630 482 3693 utinam
500 3629 560 3692 tali
581 3629 755 3695 hominum
772 3630 913 3696 colluvie
930 3630 1102 3696 exonerari
1124 3652 1202 3713 pur-
1254 3627 1466 3710 interpretes,
1495 3628 1584 3694 domi
1611 3636 1645 3693 et
1671 3629 1705 3694 in
1727 3630 1799 3697 loro
1825 3630 1915 3712 pleni
1937 3638 2032 3695 erant
2052 3629 2233 3711 fraudibus,

220 3715 361 3797 garique
371 3723 487 3795 posset
497 3715 641 3780 ecclesia.
674 3713 743 3781 Sed
759 3715 857 3799 longe
868 3716 964 3781 aliter
974 3725 1013 3780 ut
1021 3715 1203 3865 plurimum
1255 3733 1293 3776 su
1335 3713 1416 3792 rbia,
1440 3712 1640 3800 crudelitate,
1659 3714 1828 3797 periuriis:
1845 3714 2018 3781 libidinose
2031 3714 2160 3799 quidvis
2171 3738 2234 3782 au·

219 3799 393 3881 contingit.
430 3797 642 3881 Numquam
666 3799 832 3865 semerito
852 3808 1030 3883 contempti
1053 3801 1114 3867 iles
1131 3822 1203 3868 esse
1254 3797 1294 3863 de
1317 3805 1385 3863 ant
1418 3798 1503 3864 Vult
1524 3798 1739 3865 nihilominus
1751 3798 1914 3880 Christus,
1936 3822 2030 3867 suam
2043 3802 2106 3869 Dei
2128 3804 2234 3869 verbo

221 3882 392 3964 norint,³)
422 3882 511 3947 mala
533 3889 606 3962 [pag.
626 3889 681 3963 64]
703 3884 904 3952 conscientia
930 3886 1115 3951 libertatem
1137 3887 1202 3953 illis
1254 3884 1465 3948 autoritatem
1487 3885 1645 3951 intactam
1672 3893 1816 3950 manere.
1859 3886 1936 3952 Non
1964 3887 2027 3951 fuit
2054 3886 2135 3953 haec
2157 3908 2232 3952 sae-

223 3967 390 4051 adimit·.⁶)
434 3968 597 4050 Denique,
625 3989 728 4052 quum
747 3979 880 4053 propter
901 3970 1094 4037 inhonestae
1115 3973 1203 4038 vitae
1253 3967 1319 4034 ouli
1337 3970 1436 4034 unius
1452 3970 1588 4053 propria
1603 3969 1797 4037 admonitio:
1819 3972 1900 4053 quin
1910 3972 2018 4053 potius
2031 3971 2129 4037 hodie
2147 3993 2232 4055 quo-

216 4053 345 4137 probra
372 4052 520 4118 sentiant
547 4053 699 4119 omnibus
732 4076 767 4120 se
796 4055 969 4134 obnoxios,
997 4055 1051 4120 vel
1076 4056 1202 4140 pudore
1253 4074 1316 4135 que
1335 4075 1400 4119 vox
1417 4054 1564 4120 coelestis
1582 4055 1718 4122 auribus
1734 4056 1856 4123 nostris
1872 4056 2039 4136 inclamat,
2061 4065 2233 4140 utcunque

202 4150 378 4221 metuque
398 4140 520 4204 retenti
541 4138 670 4204 hiscere
691 4161 758 4205 non
786 4139 917 4219 audent,
941 4142 1067 4223 quoties
1088 4163 1202 4209 severe
1252 4139 1356 4204 vitam
1383 4139 1577 4221 professioni
1603 4162 1682 4206 suae
1706 4141 1818 4207 minus
1844 4150 2097 4208 consentaneam
2126 4151 2232 4226 agant

220 4223 424 4309 exigendum
453 4225 551 4304 foret,
580 4224 665 4305 quod
693 4226 757 4308 ips'i
779 4226 914 4292 minime
935 4234 1119 4309 praestant,
1145 4229 1200 4293 vel
1252 4231 1411 4307 pastores,
1433 4245 1605 4308 perperam
1627 4232 1739 4291 tamen
1766 4227 1855 4306 fieri,
1883 4227 2018 4310 siquid
2046 4229 2107 4294 hac
2129 4249 2234 4294 causa

219 4329 357 4392 parcere
385 4307 652 4391 delinquentibus
678 4323 842 4394 coguntur
868 4321 903 4377 et
924 4311 1060 4378 adulari.
1105 4312 1201 4379 Adde
1252 4308 1424 4393 evangelio
1446 4309 1638 4375 domabitur.
1673 4311 1721 4377 Ut
1740 4319 1828 4378 certe
1849 4312 1949 4380 nimis
1970 4311 2039 4378 indi
2087 4335 2143 4378 um
2167 4322 2230 4393 est,

220 4394 308 4478 quod
335 4393 450 4478 ignavi
479 4402 559 4459 sunt
584 4405 734 4476 tenues,
763 4399 834 4479 qui,
866 4406 905 4461 ut
932 4397 1082 4463 molestia
1110 4400 1200 4464 omni
1251 4416 1350 4477 quarn
1370 4396 1464 4461 Deus
1485 4396 1678 4479 praescribit
1699 4396 1783 4463 bene
1805 4398 1941 4464 vivendi
1963 4419 2022 4482 reg
2114 4450 2122 4476 ,
2151 4419 2231 4481 per-

218 4480 330 4547 valere
352 4481 444 4545 iussa
465 4481 532 4545 otio
559 4479 743 4564 delitiisque
765 4483 834 4548 suis
855 4482 1044 4561 consulant,
1072 4484 1199 4550 coelum
1251 4500 1348 4547 versa
1372 4480 1545 4546 hominum
1569 4483 1642 4547 rita
1669 4483 1786 4547 metiri.
1830 4483 1984 4549 Reddent
2015 4483 2065 4548 illi
2094 4483 2232 4566 quidem

217 4567 349 4648 passuri
371 4567 438 4630 sint
463 4574 572 4631 terrae
592 4567 733 4633 misceri.
777 4567 904 4633 Eorum
925 4570 1026 4634 etiarn
1047 4570 1200 4635 nonnulli
1251 4566 1425 4648 aliquando
1446 4567 1626 4645 rationem,
1655 4587 1693 4632 ac
1720 4568 1865 4634 sentient
1890 4568 1973 4634 illud
1994 4589 2060 4634 non
2083 4591 2101 4633 e
2121 4569 2232 4635 nihilo

1249 4652 1351 4717 fuisse
1378 4651 1628 4718 denunciatum:
1654 4653 1757 4718 satim
1786 4675 1875 4721 nunc
1896 4655 1965 4720 fore
1986 4655 2126 4732 homini,
2154 4677 2232 4720 sus·

288 4769 319 4836 1)
341 4768 427 4824 pm,
461 4769 584 4824 ,ham
601 4787 656 4826 „on
673 4771 788 4841 vulgari.
1250 4758 1354 4820 pensa
1376 4757 1395 4801 a
1417 4736 1501 4804 collo
1521 4737 1624 4817 mola,
1654 4738 1801 4824 demergi
1826 4741 1862 4805 in
1888 4737 2088 4824 protundum
2114 4740 2231 4818 maris,

287 4838 318 4906 2)
342 4836 426 4908 (psrfi
445 4839 452 4891 i
471 4845 500 4893 et
516 4854 630 4906 nequam
648 4840 785 4904 homines)
803 4842 946 4910 beaucoup
964 4841 998 4895 de
1015 4843 1117 4912 galatis.
1250 4841 1348 4905 (1111111
1390 4824 1419 4887 Si
1455 4844 1560 4888 unum
1601 4823 1781 4905 quemlibet
1814 4847 1857 4890 01
1898 4825 2045 4890 minimis
2082 4824 2234 4891 offendat

288 4905 318 4973 3)
341 4905 416 4961 Add.
434 4907 512 4974 briei,
530 4910 575 4976 qui
594 4923 628 4962 cu
652 4917 763 4967 sument
784 4910 934 4965 voloutiers
955 4909 1006 4964 fait
1029 4927 1066 4966 un
1087 4926 1196 4981 maque-

216 4976 319 5108 relagfj
339 5059 390 5111 que
410 5045 432 5099 si
448 5059 502 5099 une
519 5044 595 5124 larue
614 5059 643 5099 se
661 5044 748 5126 ioucit
765 5060 812 5100 sur
827 5061 864 5099 un
882 5045 1040 5127 eschatlaut.

289 5111 320 5173 5)
338 5111 411 5165 AM.
429 5112 495 5167 tells
514 5112 629 5167 cannssle
666 5129 694 5166 ul
711 5127 815 5181 occupo
832 5113 858 5168 le
877 5113 931 5169 heu
947 5114 981 5168 de
999 5120 1133 5183 pamm.
1318 5111 1347 5175 1)
1367 5109 1443 5165 Add.
1460 5110 1552 5180 Voyla
1570 5119 1705 5166 comment
1720 5112 1762 5167 let
1779 5128 1861 5169 tenes
1879 5112 2101 5170 s’entrefroiient.

289 5179 319 5245 6)
340 5178 387 5235 Sic
404 5179 481 5235 Bere
498 5187 524 5235 ct
538 5181 627 5236 Amat.
694 5181 700 5192 ’
796 5187 823 5237 ct
840 5180 922 5236 1561:
940 5182 1048 5237 adimat
1316 5178 1347 5245 2)
1367 5193 1436 5233 ceux
1453 5180 1499 5247 qui
1517 5186 1566 5234 out
1581 5179 1609 5234 la
1627 5179 1726 5250 charge
1744 5178 1918 5252 d'enseigner.
