4762 5918
156 336 235 403 XII
752 338 1026 409 'PRAO'PATUS
1049 338 1344 407 ufluouoalol
1365 338 1589 407 MINORES.

318 529 452 594 'l'ertiae
473 527 625 594 editionis
647 527 782 593 unicum
801 528 978 611 exemplar,
1000 527 1088 612 quod
1109 528 1241 611 quidem
1263 530 1358 595 nobis
1377 529 1532 610 innotuit,
1554 529 1700 613 possidet
1716 528 2177 612 bibliothecalarmamentarii

157 638 368 707 Parisiensis.
412 638 523 720 Quam
544 640 607 722 ipsi
628 660 695 705 non
719 639 872 718 vidimus,
895 639 1055 705 habemus
1076 647 1189 705 tamen
1211 662 1295 724 quae
1317 641 1358 706 ad
1382 661 1455 705 eam
1477 641 1664 706 accuratius
1686 641 1921 707 recensendam
1944 642 2120 721 sufficiant,
2141 644 2178 707 in

160 750 291 817 schedis
325 750 593 835 bibliographieis
626 751 705 816 olim
736 773 757 816 a
788 751 964 835 Rudolpho
986 752 1128 818 Reussio
1161 751 1312 818 Eduardi
1339 752 1408 819 filio
1430 752 1569 818 Parisiis
1600 754 1635 817 in
1666 773 1763 819 usum
1795 760 1948 819 nostrum
1972 753 2176 837 conscriptis.

158 863 292 928 Titulus
313 869 379 928 est:

316 986 436 1070 DES
462 985 620 1070 SOAN
621 1038 641 1050 -
660 994 663 1089 1
686 998 843 1066 Danas
867 999 951 1080 QVI
972 999 1147 1066 EMPES·
1166 1000 1172 1087 1
1192 1010 1315 1066 GHENT
1336 1010 1581 1066 AVIOVRDHVY
1600 999 1605 1084 1
1624 1000 1792 1084 beaucoup
1815 1000 1960 1086 uergens
1983 1002 2024 1067 de
2045 1004 2180 1068 venira

161 1110 195 1174 la
216 1131 299 1194 pure
321 1109 528 1194 (10-1011111
556 1110 596 1176 ds
622 1111 825 1196 l'Euangile,
858 1119 892 1177 et
924 1133 967 1177 en
992 1112 1216 1177 dcsbauchent
1234 1112 1238 1195 1
1259 1111 1440 1198 dautran!
1632 1113 1814 1197 {Antheur
1840 1113 1887 1178 M.
1915 1113 2178 1195 11110111111

163 1221 392 1306 (Emblome
414 1222 459 1287 do
481 1220 780 1306 l’imprimeur)
800 1227 1078 1304 1111111111
1095 1233 1187 1287 man
1208 1233 1272 1287 as·
1291 1223 1297 1309 1
1316 1232 1447 1288 Priene
1464 1233 1652 1288 11111111
1671 1232 1676 1300 ι
1701 1233 1790 1290 rato.

315 1333 441 1398 Forma
462 1336 632 1400 cotoneum
652 1335 770 1398 minor.
815 1333 1058 1415 Quaterniones
1079 1333 1266 1418 quindecim
1288 1335 1432 1413 (A—P).
1478 1334 1576 1399 Folia
1601 1338 1661 1397 124
1688 1355 1756 1398 non
1777 1344 1959 1402 numerata.
2003 1336 2179 1403 Emblema
2315 1382 2316 1385 κ

162 1444 379 1529 Typographi
400 1453 626 1529 repraesentat
636 1445 870 1511 ‘struthionem
892 1447 1038 1512 extensis
1061 1446 1122 1511 alis
1142 1444 1350 1512 incedentem
1373 1454 1406 1510 et
1423 1445 1561 1528 pedibus
1582 1445 1770 1530 praeditum
1792 1446 1828 1510 in
1845 1448 2006 1532 ungulam
2023 1449 2178 1532 equinam

159 1553 401 1635 desinentibus,
423 1579 501 1622 eum
519 1556 650 1642 adagio:
690 1567 755 1621 ΝΠ,
777 1567 904 1622 PENNA
927 1568 996 1622 SED
1021 1568 1120 1622 VSVS.
1164 1559 1339 1622 Tractatus
1361 1559 1464 1639 ipsius
1486 1558 1665 1641 epigraphe
1692 1579 1734 1623 ex
1757 1558 1901 1624 secunda
1923 1558 1964 1624 ad
1986 1558 2177 1628 Corinthios

156 1667 263 1753 petita
283 1669 406 1752 legitur
426 1669 556 1735 infolio
577 1671 684 1752 primo
702 1691 806 1735 verso.
836 1667 944 1735 Adest
965 1669 1106 1734 alterum
1123 1690 1267 1748 carmen,
1289 1676 1327 1734 11
1347 1670 1384 1732 in
1407 1669 1622 1751 praecedente
1645 1667 1796 1734 editione.
1824 1669 1945 1735 Finem
1966 1671 2092 1737 faciunt
2112 1671 2177 1738 loci

155 1776 277 1846 biblici.

208 1976 215 1988 .
312 1891 408 1955 Idem
429 1901 479 1957 est
500 1891 556 1958 hio
577 1892 624 1957 Io.
646 1891 802 1975 Baptista
822 1891 979 1956 Pinereul
1006 1912 1047 1955 ex
1071 1892 1165 1957 ouius
1187 1892 1319 1957 officina
1339 1889 1464 1974 prodiit
1485 1897 1560 1974 post
1582 1890 1715 1957 Caluini
1737 1889 1863 1956 obitum
1892 1892 2002 1975 prima
2023 1892 2175 1976 011101-

156 2003 266 2067 lorum
287 2003 386 2067 editio
409 2002 529 2087 gallica
556 2024 585 2067 a.
607 2008 706 2082 loto,
739 2001 796 2068 ubi
827 2010 987 2070 tractatus
1020 2003 1060 2068 da
1087 2003 1251 2069 scandalis
1277 2002 1399 2087 legitur
1427 2024 1501 2087 pag.
1528 2006 1748 2069 1145-1219.
1794 2003 1836 2068 In
1861 2002 1983 2070 Stoerii
2003 2004 2174 2071 volumine

157 2120 267 2180 exstat
287 2135 363 2198 pag.
390 2117 612 2178 1307-1394.

311 2224 461 2305 Quartae
479 2224 631 2291 editionis
653 2225 831 2308 separatim
853 2246 1004 2305 excusae,
1024 2245 1107 2308 quae
1128 2233 1203 2308 post
1225 2225 1349 2290 autoris
1371 2225 1497 2291 obitum
1514 2224 1622 2289 lucem
1645 2225 1737 2302 vidit,
1766 2225 1902 2290 titulum
1920 2227 2013 2292 nobis
2031 2226 2175 2312 descrip-

155 2335 199 2401 sit
220 2357 263 2401 ex
284 2329 562 2420 suo‘exemplari,
594 2344 633 2401 11
660 2336 793 2402 videtur
815 2336 925 2416 unico,
954 2335 994 2402 Ο.
1013 2335 1245 2417 Bourchenin,
1273 2336 1327 2402 vir
1348 2336 1624 2417 humanissimus,
1652 2338 1793 2422 pastoris
1814 2360 1952 2404 munere
1973 2339 2115 2423 fungens
2136 2340 2174 2405 in

155 2447 274 2531 oppido
295 2448 410 2532 Lezay
432 2449 469 2513 in
489 2447 612 2513 finibus
633 2448 862 2536 Pictavorum:

308 2542 518 2646 Thamiai
543 2557 636 2625 Dus
660 2557 864 2625 SOANDA-
885 2557 889 2642 1
908 2558 999 2634 Lus,
1027 2559 1100 2634 QVI
1119 2560 1292 2641 surus!
1319 2568 1442 2623 CHENT
1470 2559 1645 2645 movit-l
1672 2559 1775 2644 d’huy
1803 2561 1971 2645 beaucoup
1999 2560 2062 2638 del
2089 2583 2172 2646 gene

155 2669 196 2734 de
217 2671 314 2736 venir
336 2678 357 2735 a
378 2670 435 2754 111
454 2691 536 2752 pure
559 2670 679 2736 doctri·
699 2677 766 2746 111
787 2669 828 2735 de
848 2677 853 2746 Ι
871 2669 1067 2754 l’Euangile,
1088 2677 1121 2735 et
1141 2679 1208 2746 101
1229 2670 1452 2736 desbauchent
1466 2669 1616 2735 d’autres.
1637 2671 1643 2755 1
1662 2671 1758 2736 PAR
1774 2672 1821 2737 M.
1837 2672 1954 2738 IEAN
1965 2672 2170 2757 clavim}

157 2782 248 2866 [trois
268 2780 461 2867 1111111111]
481 2790 485 2858 Ι
506 2790 629 2846 10011
654 2795 700 2844 11.
720 2789 725 2857 Ι
748 2781 811 2863 Qui
831 2787 876 2846 eat
896 2781 1084 2859 scandriliae,
1108 2802 1166 2864 que
1186 2782 1216 2846 ie
1237 2781 1307 2846 n'en
1325 2789 1329 2857 1
1350 2802 1420 2863 soyc
1442 2780 1597 2857 1111ῑὲ91
1618 2785 1657 2845 M.
1684 2784 1721 2847 D.
1744 2784 1840 2844 LXV.

310 2893 471 2977 Plagulae
493 2899 572 2958 sunt
593 2893 732 2977 triginta
751 2900 785 2957 et
806 2893 958 2976 quinqua,
982 2913 1121 2975 quamm
1139 2892 1223 2958 duae
1245 2892 1371 2975 primae
1389 2890 1626 2958 dedicationem
1646 2900 1680 2957 et
1696 2895 1934 2976 praefationem
1946 2896 2024 2962 novi
2039 2895 2174 2962 editoris

156 3007 334 3084 continent,
358 3013 506 3071 caeterae
527 3012 659 3069 textum
677 3007 741 3068 264
762 3004 893 3088 paginis
913 3003 1108 3070 absolutum.

311 3115 365 3181 De
387 3117 570 3182 Laurentio
591 3115 794 3181 Normandio
816 3117 870 3181 oui
894 3115 1054 3183 Calvinus
1076 3114 1224 3181 libellum
1248 3115 1337 3181 hunc
1360 3114 1496 3194 dicavit,
1525 3117 1708 3197 praemissa
1730 3117 1869 3201 epistola
1890 3136 1954 3201 qua
1975 3117 2119 3183 nobilem
2140 3124 2175 3183 et

157 3226 395 3293 amicissimum
411 3227 671 3294 iureconsultum
690 3226 813 3312 insigni
831 3227 871 3292 ob
893 3228 996 3292 vitata
1018 3227 1172 3292 scaudala
1194 3234 1227 3292 et
1248 3227 1392 3292 fideliter
1409 3233 1573 3292 servatam
1590 3227 1691 3293 fidem
1707 3229 1805 3295 laude
1823 3228 1977 3308 cumulat,
1996 3228 2072 3295 vide
2089 3251 2174 3312 quae

156 3340 349 3404 monuimus
372 3360 473 3423 supra
493 3341 530 3404 in
551 3339 792 3423 prolegomenis
814 3338 857 3404 ad
878 3346 1058 3405 tractatum
1081 3338 1122 3403 de
1143 3339 1333 3423 Astrologia
1353 3337 1456 3404 latine
1478 3359 1621 3405 versum.

951 3735 1156 3821 CAPUT
1188 3735 1382 3819 XXVH.

205 3957 299 4054 DE
326 3955 1006 4055 PRAEDESTINATIONE
1034 3956 1118 4052 ΕΤ
1145 3952 1613 4052 PROVIDENTIA
1640 3955 1761 4051 DEI
1787 3954 2126 4058 LIBELLUS.

414 4101 510 4198 DE
536 4100 915 4198 LIBERTATE
943 4098 1351 4198 CHRISTIANA
1379 4097 1718 4198 LIBELLUS.
1761 4093 1912 4195 1550.

311 4323 433 4387 Exstat
457 4323 492 4386 in
519 4321 690 4386 nonnullis
712 4321 917 4388 bibliothecis
944 4320 1076 4386 libellus
1103 4317 1235 4385 Caluini
1264 4315 1304 4382 de
1330 4315 1725 4383 Praedestinatione
1750 4320 1941 4388 rarissimus
1966 4344 2065 4406 quem
2091 4345 2171 4392 cave

156 4455 233 4500 cum
255 4434 328 4498 aliis
350 4432 496 4498 ciusdem
521 4433 574 4497 vel
605 4433 750 4499 nominis
771 4434 825 4500 vel
845 4432 1034 4516 argumenti
1054 4429 1236 4497 confundas
1259 4448 1342 4512 quos
1368 4429 1456 4493 infra
1477 4431 1728 4496 recensebimus.
1772 4431 1889 4497 Edidit
1910 4453 1986 4498 eum
2012 4434 2059 4500 10.
2079 4434 2170 4502 Gris-

155 4545 254 4629 pinus
275 4544 502 4630 typographus
524 4545 721 4629 genevensis
742 4544 973 4611 celeberrimos
991 4563 1077 4607 anno
1103 4545 1195 4605 1550.
1240 4539 1342 4605 Tituli
1360 4540 1460 4605 facies
1481 4540 1562 4607 haec
1582 4548 1647 4606 est:

312 4669 396 4751 DE
427 4668 704 4753 PRAEDE-
732 4669 738 4774 Ι
767 4670 992 4754 stiunt-ione
1025 4679 1070 4751 et
1099 4664 1244 4778 proui-
1272 4665 1278 4767 1
1304 4675 1484 4741 ΒΕΝΤΙΑ
1505 4677 1603 4756 DEI,
1632 4677 1879 4745 LIBELLVS.
1906 4679 1982 4765 110.
2009 4692 2170 4754 1111110

156 4803 339 4858 AVTHORE.
373 4801 570 4868 (Emblema
589 4804 791 4870 officinae).
828 4803 1013 4859 GENEVAE.
1032 4807 1037 4868 Ι
1056 4802 1095 4856 M.
1117 4800 1151 4853 D.
1175 4800 1206 4853 L.

309 4905 433 4970 Forma
454 4904 557 4971 libelli
579 4905 748 4972 octonaria
768 4906 886 4985 minor,
909 4904 1142 4988 quaterniones
1163 4907 1289 4983 septem
1313 4898 1461 4983 (A-a),
1479 4899 1619 4983 paginae
1641 4903 1710 4966 112.
1750 4900 1925 4968 Ilmblema
1945 4916 2171 4990 repraesentat

154 5015 284 5099 prelum
306 5017 584 5102 typographicam
607 5038 684 5082 cum
705 5017 886 5102 epigraphe
907 5017 943 5080 in
961 5014 1083 5082 circulo
1105 5012 1281 5095 descripta:
1304 5020 1344 5073 IN
1363 5019 1507 5075 SVDORE
1525 5019 1669 5076 VVLTVS
1691 5022 1754 5076 TVI
1775 5023 1951 5082 VESCERIS
1972 5029 2071 5084 PANE
2089 5030 2169 5087 TVO.

153 5125 196 5192 In
218 5128 283 5193 fine
304 5128 443 5213 legitur:
477 5139 652 5195 EXCVSVM
674 5138 867 5209 GENEVAE,
894 5136 993 5193 APVD
1012 5137 1017 5206 Ι
1042 5133 1215 5192 IOANNEM
1237 5131 1444 5201 ClMSPINVM,
1463 5129 1468 5198 Ι
1489 5130 1651 5187 CONRADI
1672 5132 1775 5188 BADIl
1796 5134 1925 5209 OPERA,
1945 5129 1950 5212 Ι
1968 5141 2063 5195 PRID.
2086 5141 2169 5197 NON.

151 5248 225 5305 IVL.
257 5249 297 5304 M
318 5249 352 5304 D.
373 5249 409 5304 1..

2233 4854 2236 4902 l
