4702 5926
156 324 215 386 ssi
909 314 1172 420 uicninnis
1196 313 1408 382 suavuri.
2069 376 2071 382 ,
2105 328 2170 390 aaa

153 509 222 574 sit·
249 507 377 572 Verum
405 506 503 573 huius
525 505 723 590 quaestionis
745 527 837 570 mera
856 513 890 569 et
910 504 1055 588 genuina
1077 502 1133 566 do·
1185 502 1349 584 spiritum:
1385 504 1463 587 quia
1490 505 1543 569 his
1567 505 1675 572 vorbis
1704 513 1839 572 notetur
1859 506 1999 575 externa
2019 511 2170 596 loquutio

154 595 259 659 finitio
299 600 349 658 ost
383 597 488 675 quam‘
522 593 708 675 posuimus,
737 591 824 655 sitne
853 591 1007 656 Christus
1041 588 1132 654 filius
1180 595 1218 656 ¹et
1240 588 1385 669 spiratio,
1419 598 1489 655 tam
1523 591 1610 673 apud
1632 592 1804 659 Hebraeos
1836 616 1934 678 quam
1957 596 2103 665 Graecos
2132 608 2169 666 et

153 679 228 758 Dei,
262 679 340 762 quia
359 699 465 742 sermo
488 688 538 742 est
560 685 637 743 ante
659 675 789 743 saecula
810 698 851 740 ex
873 682 967 757 patre
990 675 1131 759 genitus,
1184 671 1332 739 Latinos.
1349 675 1464 757 >Atqui
1484 676 1567 741 nihil
1585 678 1695 741 notius
1713 686 1773 757 est,
1795 701 1893 762 quam
1914 695 1979 748 'tna
1993 683 2169 753 ‘Hebraeis
2210 694 2211 697 ’
2268 688 2270 694 ’

155 767 211 849 qui
234 780 367 830 carnem
400 771 546 828 nostram
581 762 697 837 induit.
744 762 893 844 Simplex
927 760 966 824 de
1001 760 1063 825 hac
1096 781 1132 824 re
1184 758 1305 839 passim
1328 761 1413 823 sumi
1436 780 1496 841 pro
1518 762 1716 846 cogitatione
1738 763 1829 830 intus
1855 776 2019 850 concepta.
2034 768 2059 853 ¹)
2092 770 2167 835 Hoc

154 871 284 933 semper
300 850 362 916 fuit
379 848 533 915 ecclesiae
552 847 699 914 doctrina
716 869 815 930 quam
833 857 994 923 tenemus,
1016 845 1132 910 Chris·
1184 863 1227 907 ue
1251 851 1386 926 tyrones
1404 844 1536 926 quidem
1559 847 1647 930 ipsos
1669 848 1759 926 latet,
1784 851 1840 933 qui
1860 851 1947 916 ultra
1969 855 2076 936 prima
2099 855 2164 919 lin·

154 943 226 1001 tum
249 937 357 1000 Deum
386 943 420 999 et
442 934 609 998 hominem
640 955 719 999 vere
741 955 812 998 esse
833 933 897 997 Dei
919 931 1033 1007 filium,
1057 932 1132 1013 quia
1184 948 1269 1010 guae
1290 933 1365 1007 [pag.
1387 936 1462 1009 135]
1480 930 1652 1000 hebraicae
1674 934 1861 1000 rudimenta
1887 941 2051 1036 progressi
2076 949 2164 1006 sunt.
2239 936 2242 940 ’
2304 919 2308 925 ’

93 1101 95 1104 ¹
154 1029 309 1086 aeternus
342 1019 386 1083 sit
412 1019 473 1084 Dei
508 1041 614 1084 sermo
642 1021 676 1084 in
704 1038 801 1083 carne
823 1018 1065 1081 manifestatus:
1099 1024 1133 1081 et
1183 1013 1350 1079 Iohannes
1385 1036 1463 1084 vero
1485 1015 1639 1099 τὸνλόγον
1666 1020 1753 1103 apud
1788 1023 1900 1087 Deum
1933 1046 1967 1088 in
2003 1026 2165 1109 principio
2228 1045 2231 1049 ·

154 1109 231 1190 quia
252 1106 373 1170 unione
394 1104 603 1188 hypostatica
629 1106 716 1170 filius
739 1104 803 1168 Dei
831 1103 1011 1167 humanam
1034 1109 1131 1165 natu·
1183 1099 1284 1163 fuisse
1307 1121 1465 1179 asserens,
1489 1102 1587 1186 longe
1609 1104 1698 1169 aliud
1716 1106 1866 1190 designat
1883 1130 1983 1190 quam
2001 1110 2164 1193 loquutio·
2273 1150 2275 1153 .

154 1214 227 1258 ram
248 1190 435 1272 susceperit.
478 1191 592 1267 Porro,
625 1191 703 1255 unio
737 1189 943 1272 hypostatica
966 1187 1131 1251 veteribus
1183 1205 1259 1248 nain
1282 1195 1463 1251 externam.
1508 1188 1585 1252 Non
1612 1191 1700 1255 enim
1723 1191 1811 1273 dicit,
1847 1215 1947 1275 quum
1969 1194 2063 1259 Deus
2086 1217 2165 1262 con·
2211 1266 2212 1269 Ἴ

154 1276 241 1343 dicta
262 1285 321 1353 est,
353 1297 436 1358 quae
457 1296 631 1357 personam
665 1296 764 1339 unam
795 1274 965 1339 constituit
987 1295 1028 1337 ex
1051 1272 1130 1336 dua·
1183 1269 1294 1333 silium
1317 1284 1413 1334 suum
1437 1272 1477 1337 ds
1500 1274 1639 1340 creando
1666 1277 1789 1340 mundo
1811 1280 1958 1359 protulit,
1993 1288 2072 1346 tunc
2095 1303 2164 1346 scr·

153 1363 214 1428 bus
237 1361 372 1426 naturis.
416 1361 526 1443 Atque
555 1362 636 1426 haec
663 1361 810 1444 loquutio
840 1359 881 1424 ad
915 1358 1131 1424 refellendum
1182 1374 1314 1423 monem
1337 1358 1489 1439 coepisse,
1512 1359 1570 1424 sed
1592 1370 1763 1427 aeternum
1786 1364 1887 1429 fuisse
1909 1367 1944 1428 in
1966 1364 2054 1445 Deo,
2071 1376 2164 1432 ante·

152 1448 297 1513 Nestorii
321 1445 472 1511 delirium
494 1447 631 1512 inventa
652 1447 722 1524 fuit,
738 1448 762 1528 ¹)
783 1446 838 1528 qui
858 1445 1004 1527 fingebat
1025 1444 1132 1507 filium
1183 1460 1281 1521 quam
1312 1442 1385 1505 *vim
1424 1465 1518 1508 suam
1560 1454 1655 1509 extra
1695 1446 1902 1513 diffunderet.
1967 1451 2165 1517 Tertulliani

152 1533 219 1598 Dei
239 1535 287 1597 ita
309 1531 473 1597 habitasse
495 1532 530 1595 in
552 1553 659 1608 carne,
694 1543 733 1595 ut
761 1551 827 1595 ηοη
858 1530 945 1594 idem
966 1529 1022 1594 ille
1044 1538 1132 1594 esset
1183 1545 1311 1623 quoque
1334 1526 1435 1593 verba
1455 1528 1538 1594 falso
1560 1531 1601 1594 ad
1624 1554 1721 1596 suum
1743 1554 1888 1598 errorem
1909 1536 2057 1600 inflectit.
2102 1539 2164 1602 Di-

153 1619 243 1683 filius
264 1618 420 1682 hominis:
446 1619 558 1699 Atqui,
582 1617 677 1683 sicuti
696 1617 790 1682 docet
807 1616 978 1698 scriptura,
1002 1617 1130 1697 piorum
1183 1618 1229 1675 cit
1244 1612 1474 1709 ,Tertullianus
1513 1617 1550 1679 in
1582 1617 1699 1681 mundi
1738 1621 1903 1684 creatione
1934 1622 2034 1687 fuisse
2069 1623 2164 1688 verbi

153 1705 300 1769 omnium
328 1724 489 1768 consensu
521 1713 686 1786 receptum
719 1702 789 1780 fuit,
822 1723 926 1766 unum
948 1722 1028 1779 esse,
1065 1720 1130 1764 non
1182 1704 1406 1764 nativitatem:
1436 1721 1554 1784 nempe
1576 1703 1653 1784 quia
1675 1725 1791 1782 sermo,
1822 1706 1878 1788 qui
1901 1707 1994 1788 prius
2016 1708 2164 1777 occultus

154 1788 318 1872 duplicem
341 1787 523 1866 Christum,
556 1790 612 1870 qui
633 1785 726 1853 Deus
758 1795 809 1852 est
842 1787 877 1850 in
905 1808 1002 1851 carno
1024 1788 1130 1849 mani·
1181 1782 1216 1844 1η
1239 1781 1312 1846 Deo
1346 1784 1517 1865 residebat,
1550 1794 1630 1853 tuno
1664 1811 1699 1853 se
1732 1789 1843 1871 palam
1876 1793 2029 1870 exseruit,
2065 1793 2164 1858 sicuti
2279 1829 2283 1834 ·

153 1875 302 1940 festatus.
345 1873 480 1938 Interea
501 1873 638 1956 duplicis
666 1882 804 1939 naturae
832 1880 959 1936 retenta
981 1872 1043 1935 luit
1064 1871 1130 1935 dis·
1181 1867 1288 1931 foetus
1315 1889 1357 1932 ex
1391 1879 1484 1935 utero
1516 1871 1552 1935 in
1587 1873 1695 1938 lucem
1730 1875 1841 1957 prodit
1873 1898 1975 1958 quum
2008 1879 2164 1944 nascitur.

151 1960 280 2037 tinctio,
309 1968 347 2022 ut
374 1959 450 2023 unio
478 1960 703 2024 aconsusione
721 1955 878 2023 differret.
904 1958 992 2021 Nam
1011 1957 1130 2021 diserte
1183 1950 1250 2016 Sed
1273 1972 1340 2017 non
1363 1953 1471 2018 obstat
1494 1956 1568 2022 talis
1590 1959 1755 2038 nativitas,
1793 1963 1872 2043 quin
1906 1972 1982 2027 ante
2016 1970 2164 2045 creatum
2241 2021 2243 2024 i

155 2045 326 2127 scriptura,
356 2067 448 2110 nuno
470 2065 551 2126 quae
581 2045 721 2110 hominis
743 2044 876 2127 propria
898 2051 976 2108 sunt
998 2040 1130 2108 Christo
1183 2037 1344 2101 mundum
1366 2038 1407 2104 ab
1429 2040 1546 2106 ultima
1568 2045 1763 2108 aeternitate
1785 2068 1891 2114 sermo
1914 2069 1955 2110 ex
1975 2047 2047 2112 Deo
2069 2050 2163 2132 geni·

158 2128 323 2208 tribuens,
354 2151 442 2195 nunc
470 2130 520 2194 illi
548 2152 662 2195 rursus
683 2131 855 2214 assignans
876 2150 959 2211 quae
982 2148 1130 2192 seorsum
1183 2131 1237 2187 tus
1259 2123 1367 2203 fuerit,
1391 2127 1667 2208 quemadmodum
1684 2128 1772 2195 idem
1791 2134 1929 2214 scriptor
1948 2132 2022 2215 plus
2041 2135 2163 2199 centies

155 2215 191 2280 in
212 2215 322 2280 Deum
345 2224 541 2297 competunt,
570 2214 651 2280 duas
672 2215 708 2280 in
731 2237 768 2281 eo
792 2225 926 2279 naturas
949 2211 1130 2298 distinguit
1183 2215 1295 2289 aperte
1317 2213 1520 2292 pronunciat
2014 2262 2019 2274 .

156 2299 343 2378 Caeterum,
383 2302 458 2383 quia
488 2301 653 2367 interdum
687 2301 817 2366 unionis
850 2307 1010 2381 respectu,
1045 2299 1130 2383 quod
1270 2294 1385 2379 Pergit
1413 2294 1572 2363 Servatus
1607 2300 1643 2363 in
1679 2321 1738 2364 suo
1773 2303 1939 2385 figmento.
1984 2304 2072 2368 Nam
2104 2326 2164 2387 pa·

154 2386 220 2450 Dei
243 2388 410 2469 proprium
432 2392 504 2466 [pag.
527 2393 600 2466 134]
624 2389 721 2469 est,²)
750 2385 792 2451 ad
814 2385 956 2450 hominis
978 2392 1130 2449 naturam
1183 2378 1262 2476 gina
1280 2384 1352 2459 704,
1374 2381 1421 2447 sio
1443 2382 1601 2466 loquitur:
1625 2386 1679 2449 Ex
1701 2388 1833 2452 interna
1851 2397 1961 2453 mente
1978 2388 2043 2454 Dei
2061 2391 2164 2454 exsti·

154 2473 363 2550 transfertur,
397 2471 569 2538 orthodoxi
602 2480 712 2554 patres
745 2471 808 2535 hoo
844 2468 996 2552 loquendi
1028 2492 1131 2555 genus
1184 2471 1227 2527 tit
1259 2486 1375 2530 sermo.
1431 2468 1670 2534 Exsistentiam
1702 2470 1782 2548 dito,
1818 2473 1904 2539 siout
1937 2472 2022 2546 dixit
2056 2477 2162 2541 Deus:

154 2566 315 2624 vocarunt
331 2555 505 2637 ἰδιωμάτων
522 2555 729 2640 xorvuvtuvzl)
752 2557 828 2638 quia
849 2555 911 2620 hoo
932 2554 1027 2620 facile
1049 2557 1132 2621 roei·
1183 2549 1334 2614 Exsistat
1355 2551 1423 2631 lux,
1446 2566 1480 2618 et
1502 2556 1628 2620 exstitit
1649 2557 1716 2621 lux.
1761 2558 1813 2622 Ea
1838 2560 1926 2622 euim
1949 2560 2165 2626 similitudine

154 2645 205 2727 pit
221 2663 378 2724 personae
396 2645 514 2720 unitas,
536 2651 574 2707 ut
592 2663 675 2724 quae
693 2640 846 2707 distincta
864 2649 942 2704 sunt
958 2640 994 2705 in
1005 2640 1132 2707 duabus
1184 2636 1313 2699 exstitit
1333 2637 1424 2703 verbi
1446 2639 1513 2719 lux,
1537 2662 1643 2705 sermo
1666 2643 1814 2708 visibilis.
1842 2643 2005 2709 Videmus
2028 2653 2067 2709 ut
2090 2668 2165 2711 ver-

156 2729 291 2807 naturis,
315 2737 431 2792 mutuo
453 2730 540 2792 inter
562 2749 597 2792 se
617 2727 907 2792 communicentur.
931 2727 1023 2792 Dicit
1043 2728 1131 2792 Pau·
1183 2720 1262 2785 buin
1281 2733 1429 2788 creatum
1446 2727 1723 2807 comminiscetur,
1746 2728 1832 2811 quod
1850 2729 1893 2793 ud
1910 2730 2165 2796 similitudinem

156 2813 209 2879 lus
231 2814 392 2897 sanguino
408 2813 472 2877 Dei
496 2813 690 2896 acquisitam
706 2813 806 2877 fuisse
824 2812 1003 2877 ecelesiam,
1026 2813 1131 2877 Nemo
1183 2804 1266 2871 lucis
1295 2818 1423 2875 creatae
1451 2820 1583 2877 exstare
1605 2815 1719 2897 coepit.
1777 2813 1874 2894 Quod
1909 2816 1988 2880 alibi
2021 2819 2165 2883 crassius

156 2921 256 2964 sanus
278 2898 364 2964 dicet
385 2897 458 2963 Deo
492 2900 685 2982 sanguinem
716 2899 818 2963 fuisse
839 2919 937 2980 quem
969 2898 1132 2963 funderet.
1184 2891 1335 2971 affirmat,
1350 2916 1423 2978 pag.
1438 2901 1516 2960 679:
1530 2897 1683 2963 Creatum
1697 2901 1835 2964 verbum
1849 2899 2043 2966 diciturnon
2057 2902 2165 2967 solum

155 2984 332 3051 Caeterum
355 2985 433 3066 quia
455 2985 599 3048 humano
621 3005 681 3048 suo
702 2985 864 3067 sauguine
886 2982 1048 3061 Christus,
1078 2985 1134 3067 qui
1183 2978 1220 3040 in
1240 2998 1381 3076 persona
1398 2982 1533 3060 Christi,
1566 2983 1624 3048 sed
1657 2986 1693 3048 in
1724 2985 1795 3067 ipso
1818 2987 1891 3051 Deo
1913 2996 1985 3051 erat
2006 2997 2163 3069 creatum,

155 3069 250 3135 Deus
273 3078 331 3146 est,
355 3069 524 3135 ecclesiam
547 3070 694 3148 redemit,
717 3092 783 3134 non
804 3071 916 3151 inepte
933 3091 994 3135 nec
1012 3068 1132 3152 absque
1183 3064 1351 3129 conditum
1373 3075 1407 3130 et
1428 3070 1633 3135 fabricatum.
1669 3071 1761 3137 Haec
1784 3081 1917 3137 aeterna
1938 3081 1990 3138 est
2011 3074 2166 3156 genitura

154 3157 283 3221 ratione
310 3164 448 3220 vocatur
474 3156 530 3220 illo
551 3154 615 3220 Dei
651 3156 794 3239 sanguis,
840 3155 910 3220 Nec
932 3156 1034 3220 alium
1056 3176 1132 3221 sen·
1184 3147 1332 3246 Servate,
1354 3156 1474 3219 oreatio
1497 3164 1531 3220 et
1552 3156 1675 3221 fabrica
1697 3157 1732 3220 1η
1753 3158 1835 3234 Deo,
1864 3166 1903 3221 ut
1923 3159 2034 3222 Deum
2056 3160 2165 3240 ipsum

155 3262 229 3306 sum
251 3238 397 3305 admittit
417 3241 502 3323 quod
524 3240 652 3307 dicebat
670 3242 825 3307 Christus
847 3239 956 3307 adhuc
977 3245 1014 3305 in
1035 3242 1132 3307 terris
1184 3244 1272 3299 mter
1310 3251 1476 3304 creaturas
1515 3244 1641 3306 censeri
1680 3263 1813 3307 necesse
1853 3243 1905 3307 sit.
1967 3243 2041 3307 Hoo
2064 3244 2165 3308 otiam

156 3346 272 3410 agens:
304 3327 410 3391 Nemo
433 3327 581 3392 asendit
613 3328 647 3391 in
679 3327 807 3391 coelum
839 3327 902 3391 nisi
924 3328 979 3409 qui
998 3326 1132 3392 descen-
1184 3329 1301 3386 notatu
1324 3322 1471 3406 dignum,
1508 3325 1594 3408 quod
1626 3348 1728 3410 quum
1760 3329 1880 3410 ubique
1910 3328 1971 3393 hac
1994 3337 2074 3392 noia
2095 3349 2166 3393 ser-

157 3411 207 3474 dit
227 3433 246 3476 e
268 3412 355 3476 coelo
378 3413 464 3477 filius
488 3413 638 3492 hominis,
671 3414 726 3494 qui
750 3412 786 3474 1η
808 3412 897 3477 coelo
920 3420 971 3476 est
1002 3412 1129 3496 (Ioann.
1184 3426 1317 3471 monem
1340 3431 1360 3472 a
1382 3419 1474 3491 patre
1496 3410 1670 3490 discernat,
1699 3413 1776 3495 quia
1797 3412 1937 3478 visibilis
1958 3421 2017 3492 est,
2052 3434 2166 3479 secum

157 3498 186 3573 3,
203 3496 266 3578 13).
289 3497 363 3560 Νοη
382 3505 453 3562 erat
471 3507 559 3563 certe
579 3499 740 3562 immensa
751 3497 876 3562 Christi
894 3496 1084 3561 humanitas
1096 3506 1134 3561 ut
1185 3491 1347 3559 dissidens
1375 3494 1452 3559 alibi
1476 3495 1674 3561 invisibilem
1703 3507 1821 3563 natura
1842 3520 1903 3563 sua
1925 3498 2053 3577 fatetur,
2089 3519 2164 3584 pag.

156 3579 284 3646 coelum
296 3582 449 3664 repleret:
470 3583 526 3647 sed
538 3585 616 3665 quia
630 3582 779 3646 coelestis
790 3582 883 3646 Deus
901 3581 988 3646 idem
1006 3593 1077 3647 erat
1093 3584 1132 3646 fi·
1186 3582 1257 3642 731.
1301 3580 1404 3658 Deus,
1432 3582 1548 3664 inquit,
1581 3590 1700 3646 natura
1720 3604 1782 3647 sua
1803 3583 1992 3649 invisibilis:
2026 3585 2166 3650 verbum

155 3665 221 3731 lius
236 3665 386 3745 hominis,
405 3689 470 3733 non
487 3667 766 3745 absurdedicitur,
789 3667 1133 3733 incoeloluissefilius
1184 3665 1264 3728 item
1287 3676 1405 3729 natura
1427 3686 1486 3730 sua
1508 3667 1602 3731 nobis
1623 3668 1797 3746 invisibile,
1833 3676 1905 3733 tuin
1932 3670 2009 3751 quia
2037 3670 2167 3734 excedit

154 3751 299 3817 hominis
321 3753 361 3816 ob
384 3773 542 3834 personae
563 3754 734 3817 unitatem.
763 3751 922 3817 Videmus
945 3774 1023 3836 ergo
1045 3753 1133 3817 inter
1184 3749 1399 3831 capacitatem
1410 3756 1601 3831 nosti-amb,
1625 3761 1698 3817 tum
1715 3755 1792 3836 quia
1811 3754 1845 3819 id
1867 3756 1976 3838 ipsum
1995 3760 2070 3834 [pag.
2092 3760 2167 3835 136]

155 3836 281 3903 Christi
299 3845 437 3903 naturas
455 3839 541 3902 ultro
558 3839 703 3920 citroque
720 3839 952 3903 communicari
965 3860 1047 3920 quae
1058 3847 1132 3902 tan-
1185 3833 1271 3917 quod
1290 3856 1310 3898 a
1327 3837 1419 3902 nobis
1432 3836 1571 3914 videtur,
1590 3859 1657 3902 non
1668 3847 1771 3903 estex
1783 3847 1911 3919 natura,
1930 3841 1989 3905 sed
2002 3863 2044 3906 ex
2057 3843 2187 3924 specie-

154 3929 227 3988 tum
249 3943 364 3987 carum
386 3923 482 3988 alteri
501 3925 715 3989 conveniunt:
748 3924 824 4005 quia
845 3931 1017 4006 utramque
1039 3924 1076 3987 in
1097 3944 1132 3988 se
1184 3920 1360 4005 prolata.³)
1382 3922 1523 3988 Frustra
1536 3925 1697 4006 quispiam
1710 3923 1842 3990 Servati
1862 3927 1996 3991 nomine
2014 3928 2166 4009 excipiet,

155 4030 242 4074 unus
258 4009 410 4092 idemque
422 4008 574 4075 Christus
592 4009 826 4092 complectitur.
850 4007 1009 4074 Servatus
1021 4018 1132 4074 autem
1185 4008 1327 4087 speciem
1349 4007 1434 4074 hano
1456 4009 1556 4074 verbo
1578 4010 1679 4075 fuisse
1701 4011 1946 4078 circumdatam.
1981 4013 2068 4076 Nam
2091 4012 2166 4079 aliis

155 4095 403 4161 coelumterrae
416 4095 567 4172 miscens,
580 4094 1131 4179 quidsibivelithypostaticaunio
1184 4091 1262 4156 locis
1285 4093 1405 4174 passim
1427 4093 1570 4160 inculcat
1595 4096 1630 4159 in
1652 4095 1714 4161 hoc
1737 4097 1869 4162 differre
1892 4096 1983 4164 verbi
2004 4096 2166 4180 hyposta-
2236 4142 2239 4149 ,

155 4179 294 4263 ignorat.
343 4180 489 4247 Naturae
523 4179 663 4245 discerni
697 4202 762 4245 non
796 4180 930 4261 patitur.
986 4180 1039 4245 Ab
1074 4180 1132 4245 illa
1184 4177 1239 4242 sin
1261 4198 1280 4241 a
1302 4179 1383 4257 Deo,
1417 4180 1494 4262 quia
1516 4182 1609 4246 Deus
1637 4181 1815 4248 invisibilis
1838 4184 1891 4261 sit,
1924 4181 2063 4247 verbum
2085 4183 2165 4248 visi·

156 4287 243 4341 vcro,
276 4288 374 4348 quam
396 4267 548 4344 diximus,
583 4266 877 4332 communicatione
899 4267 946 4331 sio
968 4265 1130 4345 abhorret,
1184 4262 1258 4328 bile.
1302 4262 1400 4331 Unde
1422 4266 1570 4348 sequitur
1592 4268 1722 4350 proprie
1751 4267 1852 4333 verbo
1874 4275 2060 4349 competere
2083 4268 2165 4331 visl-

156 4355 195 4412 ut
216 4350 348 4415 exitiale
371 4352 513 4437 appellet
536 4351 679 4417 Satanae
701 4353 870 4418 fascinum.
960 4402 964 4412 .
1184 4348 1284 4413 bilem
1307 4359 1469 4430 naturam,
1510 4352 1586 4435 quia
1625 4353 1745 4434 alioqui
1786 4358 1894 4435 posset
1934 4353 2034 4417 etiam
2068 4361 2166 4435 pater

242 4432 310 4498 Sed
330 4437 499 4502 videamus
532 4437 649 4521 quibus
682 4439 835 4502 mixturis
869 4439 1044 4503 conflatum
1066 4438 1133 4503 Dei
1185 4436 1403 4500 extrinsecam
1424 4439 1565 4521 speciem
1588 4437 1649 4503 sibi
1669 4440 1820 4503 formare.
1831 4439 1858 4522 ⁴)
1903 4439 2023 4503 Parem
2041 4440 2166 4506 utrius·

157 4517 265 4582 filium
286 4518 379 4585 nobis
401 4521 563 4587 obtrudat.
586 4526 636 4589 Ac
657 4522 914 4607 primoquidem
937 4522 978 4588 de
1000 4530 1133 4589 aeterua
1184 4540 1247 4601 que
1280 4543 1351 4586 esse
1384 4532 1539 4588 naturam
1572 4524 1719 4589 concedit
1749 4521 1918 4589 Servatus.
1965 4523 2056 4604 Quid
2077 4534 2164 4609 'ergo

157 4603 250 4669 verbi
283 4606 471 4688 genitura⁴)
509 4608 611 4673 miras
648 4611 841 4694 praestigias
878 4609 1028 4674 involvit.
1091 4610 1133 4673 Ιη
1185 4604 1342 4688 impediet
1374 4609 1548 4690 quominus
1580 4621 1675 4691 pater
1701 4608 1783 4672 illud
1813 4608 2042 4688 adventitium,
2077 4611 2164 4694 quod

157 4689 320 4773 Apologia
340 4689 381 4753 ad
401 4691 678 4773 Melancthouem,
707 4716 780 4779 pag.
805 4699 876 4772 728,
911 4694 1057 4759 defendit
1078 4716 1133 4760 eos
2101 4745 2103 4748 ⁴

158 4777 213 4859 qui
236 4782 314 4840 ante
335 4777 533 4842 creationem
555 4789 720 4862 negarunt
751 4780 851 4846 luisse
882 4801 1066 4846 sermonem
1101 4787 1134 4844 et
1186 4781 1262 4788 “””

1255 4879 1284 4946 1)
1303 4881 1376 4935 Add.
1396 4895 1498 4936 comme
1515 4896 1586 4950 pour
1604 4897 1634 4935 ce
1653 4880 1698 4961 qui
1717 4896 1746 4935 se
1764 4880 1873 4950 prolere
1891 4881 1925 4937 de
1945 4882 2080 4937 boucha
2137 4888 2141 4896 '

1254 4947 1285 5015 2)
1304 4957 1361 5004 tum
1379 4951 1441 5019 quia
1458 4949 1565 5005 excedit
1581 4956 1759 5019 capacitatem
1771 4956 1892 5006 nostram
1908 4948 2166 5007 iutecidds’ncdd.

227 5013 258 5082 1)
275 5031 311 5069 au
328 5017 445 5085 premier
462 5017 571 5072 concile
588 5015 734 5085 d'Ephere.
1187 5015 1252 5070 Bes.
1272 5023 1297 5072 et
1313 5019 1400 5074 Amat.

226 5082 257 5146 2)
277 5084 323 5152 qui
340 5100 375 5138 ne
395 5087 573 5142 conviennent
590 5083 652 5154 qu'a
668 5086 696 5140 la
712 5087 806 5141 verite.
1256 5085 1287 5152 3)
1306 5104 1358 5155 que
1377 5102 1478 5156 pouroe
1496 5085 1593 5155 qu'elle
1617 5103 1686 5141 nous
1710 5095 1753 5141 est
1775 5087 1912 5142 monstres
1931 5102 1966 5143 cu
1984 5086 2092 5157 l'effigie
2112 5102 2170 5156 qua

228 5151 259 5218 3)
278 5154 500 5209 communication
519 5155 567 5210 des
585 5155 751 5224 proprietas.
1187 5152 1261 5212 Dieu
1277 5171 1312 5210 en
1330 5173 1347 5210 a
1363 5157 1415 5211 mis
1431 5156 1530 5210 devant
1546 5171 1624 5210 nous.

226 5220 257 5289 4)
277 5221 310 5276 de
328 5229 440 5277 aeterna
458 5224 531 5279 verbi
549 5225 672 5294 genitura
689 5239 740 5276 om.
761 5221 832 5277 Gall.
1264 5224 1294 5293 4)
1315 5224 1386 5279 Add.
1405 5239 1472 5293 pour
1490 5239 1520 5279 se
1537 5230 1670 5278 monstror
1689 5226 1705 5278 a
1721 5238 1799 5279 nous.

264 5307 376 5363 Caluus·
390 5324 480 5378 opero.
522 5310 579 5365 Vol.
603 5307 689 5385 vigi.
1926 5309 1961 5362 36

1264 4782 1389 4789 ψ...-
