<?xml version="1.0" encoding="UTF-8"?>
<!DOCTYPE html PUBLIC "-//W3C//DTD XHTML 1.0 Transitional//EN"
    "http://www.w3.org/TR/xhtml1/DTD/xhtml1-transitional.dtd">
<html xmlns="http://www.w3.org/1999/xhtml" xml:lang="en" lang="en">
 <head>
  <title>
</title>
<meta http-equiv="Content-Type" content="text/html;charset=utf-8" />
  <meta name='ocr-system' content='tesseract 3.04.00' />
  <meta name='ocr-capabilities' content='ocr_page ocr_carea ocr_par ocr_line ocrx_word'/>
</head>
<body>
  <div class='ocr_page' id='page_1' title='image "./ioanniscalvinio02reusgoog_0189.png"; bbox 0 0 4786 5910; ppageno 0'>
   <div class='ocr_carea' id='block_1_1' title="bbox 171 288 2188 367">
    <p class='ocr_par' dir='ltr' id='par_1_1' title="bbox 171 288 2188 367">
     <span class='ocr_line' id='line_1_1' title="bbox 171 288 2188 367; baseline 0.005 -11"><span class='ocrx_word' id='word_1_1' title='bbox 171 290 234 356; x_wconf 78' lang='lat'><strong>806</strong></span> <span class='ocrx_word' id='word_1_2' title='bbox 934 288 1421 360; x_wconf 76' lang='grc' dir='ltr'>ΡΒΑΕΒΕΒΉΝΑἮΟΝΕ.</span> <span class='ocrx_word' id='word_1_3' title='bbox 2123 302 2188 367; x_wconf 86' lang='grc'><strong>306</strong></span> 
     </span>
    </p>
   </div>
   <div class='ocr_carea' id='block_1_2' title="bbox 164 476 2192 1845">
    <p class='ocr_par' dir='ltr' id='par_1_2' title="bbox 164 476 2192 1845">
     <span class='ocr_line' id='line_1_2' title="bbox 169 476 2192 562; baseline 0.005 -20"><span class='ocrx_word' id='word_1_4' title='bbox 169 479 352 559; x_wconf 90' lang='lat' dir='ltr'><strong>abreptum,</strong></span> <span class='ocrx_word' id='word_1_5' title='bbox 388 499 558 560; x_wconf 87' lang='lat' dir='ltr'><strong>nunquam</strong></span> <span class='ocrx_word' id='word_1_6' title='bbox 590 477 684 560; x_wconf 89' lang='lat' dir='ltr'><strong>pensi</strong></span> <span class='ocrx_word' id='word_1_7' title='bbox 717 477 871 544; x_wconf 89' lang='lat' dir='ltr'><strong>habuisse</strong></span> <span class='ocrx_word' id='word_1_8' title='bbox 905 478 985 561; x_wconf 93' lang='lat' dir='ltr'><strong>quid</strong></span> <span class='ocrx_word' id='word_1_9' title='bbox 1018 478 1150 546; x_wconf 90' lang='lat' dir='ltr'><strong>diceret.</strong></span> <span class='ocrx_word' id='word_1_10' title='bbox 1203 477 1279 543; x_wconf 91' lang='lat' dir='ltr'><strong>Non</strong></span> <span class='ocrx_word' id='word_1_11' title='bbox 1290 479 1505 562; x_wconf 84' lang='lat' dir='ltr'><strong>exoperibus,</strong></span> <span class='ocrx_word' id='word_1_12' title='bbox 1519 476 1577 545; x_wconf 90' lang='lat' dir='ltr'><strong>sed</strong></span> <span class='ocrx_word' id='word_1_13' title='bbox 1588 501 1630 544; x_wconf 84' lang='lat' dir='ltr'><strong>ex</strong></span> <span class='ocrx_word' id='word_1_14' title='bbox 1642 489 1779 548; x_wconf 84' lang='lat' dir='ltr'><strong>vocante</strong></span> <span class='ocrx_word' id='word_1_15' title='bbox 1790 479 1989 550; x_wconf 86' lang='lat' dir='ltr'><strong>dictumest:</strong></span> <span class='ocrx_word' id='word_1_16' title='bbox 2002 484 2192 553; x_wconf 87' lang='lat' dir='ltr'><strong>maiorser-</strong></span> 
     </span>
     <span class='ocr_line' id='line_1_3' title="bbox 170 561 2189 713; baseline 0.005 -85"><span class='ocrx_word' id='word_1_17' title='bbox 170 563 267 628; x_wconf 90' lang='lat' dir='ltr'><strong>Nunc</strong></span> <span class='ocrx_word' id='word_1_18' title='bbox 285 561 450 628; x_wconf 89' lang='lat' dir='ltr'><strong>audienda</strong></span> <span class='ocrx_word' id='word_1_19' title='bbox 466 561 545 628; x_wconf 90' lang='lat' dir='ltr'><strong>boni</strong></span> <span class='ocrx_word' id='word_1_20' title='bbox 562 563 706 629; x_wconf 88' lang='lat' dir='ltr'><strong>censoris</strong></span> <span class='ocrx_word' id='word_1_21' title='bbox 724 564 891 629; x_wconf 87' lang='lat' dir='ltr'><strong>correctio.</strong></span> <span class='ocrx_word' id='word_1_22' title='bbox 928 564 1152 630; x_wconf 77' lang='lat' dir='ltr'><strong>Personarum</strong></span> <span class='ocrx_word' id='word_1_23' title='bbox 1204 563 1397 631; x_wconf 88' lang='lat' dir='ltr'><strong>vietminori</strong></span> <span class='ocrx_word' id='word_1_24' title='bbox 1405 563 1514 713; x_wconf 42' lang='lat' dir='ltr'><strong>{giem</strong></span> <span class='ocrx_word' id='word_1_25' title='bbox 1523 564 1638 648; x_wconf 82' lang='lat'><strong>9‚11)?</strong></span> <span class='ocrx_word' id='word_1_26' title='bbox 1653 567 1870 634; x_wconf 84' lang='lat' dir='ltr'><strong>Exseeranda</strong></span> <span class='ocrx_word' id='word_1_27' title='bbox 1878 589 1956 635; x_wconf 89' lang='lat' dir='ltr'><strong>vero</strong></span> <span class='ocrx_word' id='word_1_28' title='bbox 1967 591 2067 653; x_wconf 89' lang='lat' dir='ltr'><strong>quam</strong></span> <span class='ocrx_word' id='word_1_29' title='bbox 2074 579 2189 654; x_wconf 85' lang='lat' dir='ltr'><strong>postea</strong></span> 
     </span>
     <span class='ocr_line' id='line_1_4' title="bbox 168 647 2187 739; baseline 0.003 -24"><span class='ocrx_word' id='word_1_30' title='bbox 168 655 339 732; x_wconf 84' lang='lat' dir='ltr'><strong>aspectum</strong></span> <span class='ocrx_word' id='word_1_31' title='bbox 364 648 562 732; x_wconf 74' lang='lat' dir='ltr'>pronunciat</span> <span class='ocrx_word' id='word_1_32' title='bbox 587 649 706 714; x_wconf 79' lang='lat' dir='ltr'><strong>vitium</strong></span> <span class='ocrx_word' id='word_1_33' title='bbox 728 668 817 728; x_wconf 81' lang='lat' dir='ltr'><strong>esse,</strong></span> <span class='ocrx_word' id='word_1_34' title='bbox 835 649 872 712; x_wconf 93' lang='lat' dir='ltr'><strong>in</strong></span> <span class='ocrx_word' id='word_1_35' title='bbox 892 649 1017 715; x_wconf 89' lang='lat' dir='ltr'><strong>iustitia</strong></span> <span class='ocrx_word' id='word_1_36' title='bbox 1039 647 1151 715; x_wconf 89' lang='lat' dir='ltr'><strong>distri·</strong></span> <span class='ocrx_word' id='word_1_37' title='bbox 1203 650 1328 713; x_wconf 87' lang='lat' dir='ltr'><strong>evomit</strong></span> <span class='ocrx_word' id='word_1_38' title='bbox 1353 649 1387 713; x_wconf 93' lang='lat' dir='ltr'><strong>in</strong></span> <span class='ocrx_word' id='word_1_39' title='bbox 1448 670 1524 714; x_wconf 89' lang='lat' dir='ltr'><strong>eum</strong></span> <span class='ocrx_word' id='word_1_40' title='bbox 1547 648 1752 734; x_wconf 91' lang='lat' dir='ltr'><strong>blasphemia</strong></span> <span class='ocrx_word' id='word_1_41' title='bbox 1773 659 1838 719; x_wconf 90' lang='lat' dir='ltr'><strong>est:</strong></span> <span class='ocrx_word' id='word_1_42' title='bbox 1862 654 1963 739; x_wconf 82' lang='lat' dir='ltr'><strong>Fingi</strong></span> <span class='ocrx_word' id='word_1_43' title='bbox 1984 656 2095 721; x_wconf 92' lang='lat' dir='ltr'><strong>Deum</strong></span> <span class='ocrx_word' id='word_1_44' title='bbox 2118 679 2187 723; x_wconf 90' lang='lat' dir='ltr'><strong>non</strong></span> 
     </span>
     <span class='ocr_line' id='line_1_5' title="bbox 168 731 2187 823; baseline 0.002 -21"><span class='ocrx_word' id='word_1_45' title='bbox 168 735 283 802; x_wconf 78' lang='lat' dir='ltr'><strong>butiva</strong></span> <span class='ocrx_word' id='word_1_46' title='bbox 308 733 418 798; x_wconf 89' lang='lat' dir='ltr'><strong>locum</strong></span> <span class='ocrx_word' id='word_1_47' title='bbox 446 733 580 799; x_wconf 87' lang='lat' dir='ltr'><strong>habens.</strong></span> <span class='ocrx_word' id='word_1_48' title='bbox 627 731 711 798; x_wconf 91' lang='lat' dir='ltr'><strong>Inde</strong></span> <span class='ocrx_word' id='word_1_49' title='bbox 741 733 914 811; x_wconf 74' lang='lat' dir='ltr'><strong>concludit,</strong></span> <span class='ocrx_word' id='word_1_50' title='bbox 943 733 1054 799; x_wconf 88' lang='lat' dir='ltr'><strong>Deum</strong></span> <span class='ocrx_word' id='word_1_51' title='bbox 1081 755 1150 800; x_wconf 92' lang='lat' dir='ltr'><strong>non</strong></span> <span class='ocrx_word' id='word_1_52' title='bbox 1202 733 1364 799; x_wconf 89' lang='lat' dir='ltr'><strong>iniustum</strong></span> <span class='ocrx_word' id='word_1_53' title='bbox 1385 733 1491 813; x_wconf 90' lang='lat' dir='ltr'><strong>mode,</strong></span> <span class='ocrx_word' id='word_1_54' title='bbox 1525 734 1584 799; x_wconf 90' lang='lat' dir='ltr'><strong>sed</strong></span> <span class='ocrx_word' id='word_1_55' title='bbox 1605 736 1781 818; x_wconf 80' lang='lat' dir='ltr'><strong>crudelem,</strong></span> <span class='ocrx_word' id='word_1_56' title='bbox 1810 740 1839 803; x_wconf 90' lang='lat' dir='ltr'><strong>si</strong></span> <span class='ocrx_word' id='word_1_57' title='bbox 1869 740 2057 823; x_wconf 83' lang='lat' dir='ltr'><strong>quempiam</strong></span> <span class='ocrx_word' id='word_1_58' title='bbox 2083 742 2187 808; x_wconf 82' lang='lat' dir='ltr'><strong>exitio</strong></span> 
     </span>
     <span class='ocr_line' id='line_1_6' title="bbox 167 817 2187 902; baseline 0.004 -17"><span class='ocrx_word' id='word_1_59' title='bbox 167 820 314 902; x_wconf 87' lang='lat' dir='ltr'><strong>accipere</strong></span> <span class='ocrx_word' id='word_1_60' title='bbox 349 839 515 902; x_wconf 88' lang='lat' dir='ltr'><strong>personas,</strong></span> <span class='ocrx_word' id='word_1_61' title='bbox 555 819 632 902; x_wconf 90' lang='lat' dir='ltr'><strong>quia</strong></span> <span class='ocrx_word' id='word_1_62' title='bbox 669 818 861 884; x_wconf 84' lang='lat' dir='ltr'><strong>indifferens</strong></span> <span class='ocrx_word' id='word_1_63' title='bbox 900 819 944 884; x_wconf 91' lang='lat' dir='ltr'><strong>sit</strong></span> <span class='ocrx_word' id='word_1_64' title='bbox 982 819 1149 886; x_wconf 88' lang='lat' dir='ltr'><strong>omnibus:</strong></span> <span class='ocrx_word' id='word_1_65' title='bbox 1203 817 1370 886; x_wconf 83' lang='lat' dir='ltr'><strong>devoveat</strong></span> <span class='ocrx_word' id='word_1_66' title='bbox 1405 821 1518 901; x_wconf 86' lang='lat' dir='ltr'><strong>Atqui,</strong></span> <span class='ocrx_word' id='word_1_67' title='bbox 1541 819 1582 884; x_wconf 89' lang='lat' dir='ltr'><strong>ad</strong></span> <span class='ocrx_word' id='word_1_68' title='bbox 1604 822 1676 886; x_wconf 91' lang='lat' dir='ltr'><strong>eius</strong></span> <span class='ocrx_word' id='word_1_69' title='bbox 1697 822 1761 887; x_wconf 90' lang='lat' dir='ltr'><strong>Dei</strong></span> <span class='ocrx_word' id='word_1_70' title='bbox 1788 824 1935 890; x_wconf 91' lang='lat' dir='ltr'><strong>tribunal</strong></span> <span class='ocrx_word' id='word_1_71' title='bbox 1962 826 2064 891; x_wconf 92' lang='lat' dir='ltr'><strong>semel</strong></span> <span class='ocrx_word' id='word_1_72' title='bbox 2089 827 2187 893; x_wconf 88' lang='lat' dir='ltr'><strong>siste·</strong></span> 
     </span>
     <span class='ocr_line' id='line_1_7' title="bbox 166 902 2186 994; baseline 0.003 -24"><span class='ocrx_word' id='word_1_73' title='bbox 166 913 202 970; x_wconf 89' lang='lat' dir='ltr'><strong>et</strong></span> <span class='ocrx_word' id='word_1_74' title='bbox 241 902 515 988; x_wconf 78' lang='lat' dir='ltr'><strong>quemadmodum</strong></span> <span class='ocrx_word' id='word_1_75' title='bbox 555 924 695 987; x_wconf 91' lang='lat' dir='ltr'><strong>aequum</strong></span> <span class='ocrx_word' id='word_1_76' title='bbox 734 903 981 971; x_wconf 78' lang='lat' dir='ltr'><strong>distributorem</strong></span> <span class='ocrx_word' id='word_1_77' title='bbox 1015 903 1055 970; x_wconf 93' lang='lat' dir='ltr'><strong>de</strong></span> <span class='ocrx_word' id='word_1_78' title='bbox 1086 927 1148 989; x_wconf 89' lang='lat' dir='ltr'><strong>pn·</strong></span> <span class='ocrx_word' id='word_1_79' title='bbox 1202 909 1266 983; x_wconf 88' lang='lat' dir='ltr'><strong>tur,</strong></span> <span class='ocrx_word' id='word_1_80' title='bbox 1304 926 1402 988; x_wconf 90' lang='lat' dir='ltr'><strong>quem</strong></span> <span class='ocrx_word' id='word_1_81' title='bbox 1431 905 1556 970; x_wconf 89' lang='lat' dir='ltr'><strong>Paulus</strong></span> <span class='ocrx_word' id='word_1_82' title='bbox 1593 906 1765 973; x_wconf 86' lang='lat' dir='ltr'><strong>ostendere</strong></span> <span class='ocrx_word' id='word_1_83' title='bbox 1800 930 1893 974; x_wconf 90' lang='lat' dir='ltr'><strong>suam</strong></span> <span class='ocrx_word' id='word_1_84' title='bbox 1929 912 2112 994; x_wconf 88' lang='lat' dir='ltr'><strong>potentiam</strong></span> <span class='ocrx_word' id='word_1_85' title='bbox 2146 913 2186 977; x_wconf 91' lang='lat' dir='ltr'><strong>in</strong></span> 
     </span>
     <span class='ocr_line' id='line_1_8' title="bbox 166 989 2185 1073; baseline 0.003 -17"><span class='ocrx_word' id='word_1_86' title='bbox 166 989 251 1057; x_wconf 85' lang='lat' dir='ltr'><strong>blico</strong></span> <span class='ocrx_word' id='word_1_87' title='bbox 285 990 401 1073; x_wconf 90' lang='lat' dir='ltr'><strong>largiri</strong></span> <span class='ocrx_word' id='word_1_88' title='bbox 435 991 536 1066; x_wconf 84' lang='lat' dir='ltr'><strong>decet,</strong></span> <span class='ocrx_word' id='word_1_89' title='bbox 571 990 727 1071; x_wconf 85' lang='lat' dir='ltr'><strong>praebeat</strong></span> <span class='ocrx_word' id='word_1_90' title='bbox 754 1012 789 1055; x_wconf 89' lang='lat' dir='ltr'><strong>se</strong></span> <span class='ocrx_word' id='word_1_91' title='bbox 816 989 953 1072; x_wconf 88' lang='lat' dir='ltr'><strong>perinde</strong></span> <span class='ocrx_word' id='word_1_92' title='bbox 977 990 1149 1056; x_wconf 90' lang='lat' dir='ltr'><strong>liberalem</strong></span> <span class='ocrx_word' id='word_1_93' title='bbox 1202 989 1291 1054; x_wconf 82' lang='lat' dir='ltr'><strong>vasis</strong></span> <span class='ocrx_word' id='word_1_94' title='bbox 1312 989 1381 1055; x_wconf 89' lang='lat' dir='ltr'><strong>irae</strong></span> <span class='ocrx_word' id='word_1_95' title='bbox 1402 990 1528 1056; x_wconf 88' lang='lat' dir='ltr'><strong>asserit.</strong></span> <span class='ocrx_word' id='word_1_96' title='bbox 1571 990 1645 1056; x_wconf 91' lang='lat' dir='ltr'><strong>Ime</strong></span> <span class='ocrx_word' id='word_1_97' title='bbox 1672 993 1739 1057; x_wconf 91' lang='lat' dir='ltr'><strong>iam</strong></span> <span class='ocrx_word' id='word_1_98' title='bbox 1761 1015 1851 1059; x_wconf 90' lang='lat' dir='ltr'><strong>nune</strong></span> <span class='ocrx_word' id='word_1_99' title='bbox 1879 995 1966 1061; x_wconf 91' lang='lat' dir='ltr'><strong>malo</strong></span> <span class='ocrx_word' id='word_1_100' title='bbox 1995 1016 2055 1061; x_wconf 88' lang='lat' dir='ltr'><strong>suo</strong></span> <span class='ocrx_word' id='word_1_101' title='bbox 2083 998 2185 1062; x_wconf 84' lang='lat' dir='ltr'><strong>exitio</strong></span> 
     </span>
     <span class='ocr_line' id='line_1_9' title="bbox 166 1074 2185 1160; baseline 0.003 -18"><span class='ocrx_word' id='word_1_102' title='bbox 166 1098 205 1142; x_wconf 90' lang='lat' dir='ltr'><strong>ae</strong></span> <span class='ocrx_word' id='word_1_103' title='bbox 243 1077 438 1141; x_wconf 87' lang='lat' dir='ltr'><strong>beneficum.</strong></span> <span class='ocrx_word' id='word_1_104' title='bbox 503 1074 646 1140; x_wconf 86' lang='lat' dir='ltr'><strong>Perinde</strong></span> <span class='ocrx_word' id='word_1_105' title='bbox 678 1095 759 1141; x_wconf 83' lang='lat' dir='ltr'><strong>vero</strong></span> <span class='ocrx_word' id='word_1_106' title='bbox 795 1075 877 1142; x_wconf 89' lang='lat' dir='ltr'><strong>haec</strong></span> <span class='ocrx_word' id='word_1_107' title='bbox 904 1077 1017 1160; x_wconf 79' lang='lat' dir='ltr'><strong>garrit,</strong></span> <span class='ocrx_word' id='word_1_108' title='bbox 1049 1097 1087 1142; x_wconf 88' lang='lat' dir='ltr'><strong>ac</strong></span> <span class='ocrx_word' id='word_1_109' title='bbox 1120 1077 1149 1142; x_wconf 93' lang='lat' dir='ltr'><strong>si</strong></span> <span class='ocrx_word' id='word_1_110' title='bbox 1202 1075 1311 1152; x_wconf 90' lang='lat' dir='ltr'><strong>sentit,</strong></span> <span class='ocrx_word' id='word_1_111' title='bbox 1344 1097 1410 1140; x_wconf 90' lang='lat' dir='ltr'><strong>non</strong></span> <span class='ocrx_word' id='word_1_112' title='bbox 1438 1097 1509 1142; x_wconf 88' lang='lat' dir='ltr'><strong>esse</strong></span> <span class='ocrx_word' id='word_1_113' title='bbox 1531 1076 1724 1142; x_wconf 87' lang='lat' dir='ltr'><strong>humanitus</strong></span> <span class='ocrx_word' id='word_1_114' title='bbox 1745 1078 1951 1159; x_wconf 83' lang='lat' dir='ltr'><strong>fabricatum,</strong></span> <span class='ocrx_word' id='word_1_115' title='bbox 1986 1080 2045 1146; x_wconf 91' lang='lat' dir='ltr'><strong>sed</strong></span> <span class='ocrx_word' id='word_1_116' title='bbox 2079 1090 2185 1148; x_wconf 89' lang='lat' dir='ltr'><strong>aeter-</strong></span> 
     </span>
     <span class='ocr_line' id='line_1_10' title="bbox 165 1158 2185 1246; baseline 0.003 -18"><span class='ocrx_word' id='word_1_117' title='bbox 165 1161 330 1228; x_wconf 85' lang='lat' dir='ltr'><strong>exstincta</strong></span> <span class='ocrx_word' id='word_1_118' title='bbox 365 1160 536 1245; x_wconf 88' lang='lat' dir='ltr'><strong>scriptura,</strong></span> <span class='ocrx_word' id='word_1_119' title='bbox 572 1158 700 1244; x_wconf 89' lang='lat' dir='ltr'><strong>quidvis</strong></span> <span class='ocrx_word' id='word_1_120' title='bbox 734 1159 784 1225; x_wconf 92' lang='lat' dir='ltr'><strong>illi</strong></span> <span class='ocrx_word' id='word_1_121' title='bbox 828 1182 846 1225; x_wconf 93' lang='lat' dir='ltr'><strong>e</strong></span> <span class='ocrx_word' id='word_1_122' title='bbox 879 1161 1012 1244; x_wconf 88' lang='lat' dir='ltr'><strong>proprio</strong></span> <span class='ocrx_word' id='word_1_123' title='bbox 1041 1162 1148 1246; x_wconf 89' lang='lat' dir='ltr'><strong>capite</strong></span> <span class='ocrx_word' id='word_1_124' title='bbox 1200 1181 1281 1224; x_wconf 90' lang='lat' dir='ltr'><strong>num</strong></span> <span class='ocrx_word' id='word_1_125' title='bbox 1310 1162 1410 1225; x_wconf 89' lang='lat' dir='ltr'><strong>totius</strong></span> <span class='ocrx_word' id='word_1_126' title='bbox 1442 1160 1558 1226; x_wconf 87' lang='lat' dir='ltr'><strong>mundi</strong></span> <span class='ocrx_word' id='word_1_127' title='bbox 1597 1183 1727 1246; x_wconf 84' lang='lat' dir='ltr'><strong>semper</strong></span> <span class='ocrx_word' id='word_1_128' title='bbox 1760 1164 1861 1229; x_wconf 87' lang='lat' dir='ltr'><strong>fuisse</strong></span> <span class='ocrx_word' id='word_1_129' title='bbox 1890 1164 2040 1231; x_wconf 89' lang='lat' dir='ltr'><strong>iudicem.</strong></span> <span class='ocrx_word' id='word_1_130' title='bbox 2085 1168 2185 1234; x_wconf 90' lang='lat' dir='ltr'><strong>Nune</strong></span> 
     </span>
     <span class='ocr_line' id='line_1_11' title="bbox 166 1245 2185 1331; baseline 0.004 -19"><span class='ocrx_word' id='word_1_131' title='bbox 166 1248 292 1331; x_wconf 88' lang='lat' dir='ltr'><strong>fingere</strong></span> <span class='ocrx_word' id='word_1_132' title='bbox 315 1247 437 1313; x_wconf 88' lang='lat' dir='ltr'><strong>liceret.</strong></span> <span class='ocrx_word' id='word_1_133' title='bbox 482 1246 571 1311; x_wconf 85' lang='lat' dir='ltr'><strong>Nam</strong></span> <span class='ocrx_word' id='word_1_134' title='bbox 599 1267 712 1311; x_wconf 87' lang='lat' dir='ltr'><strong>omncs</strong></span> <span class='ocrx_word' id='word_1_135' title='bbox 739 1246 921 1328; x_wconf 80' lang='lat' dir='ltr'><strong>scripturae</strong></span> <span class='ocrx_word' id='word_1_136' title='bbox 948 1245 1011 1312; x_wconf 91' lang='lat' dir='ltr'><strong>loci</strong></span> <span class='ocrx_word' id='word_1_137' title='bbox 1039 1268 1148 1313; x_wconf 89' lang='lat' dir='ltr'><strong>meam</strong></span> <span class='ocrx_word' id='word_1_138' title='bbox 1201 1247 1372 1327; x_wconf 79' lang='lat' dir='ltr'><strong>experitur</strong></span> <span class='ocrx_word' id='word_1_139' title='bbox 1400 1246 1510 1321; x_wconf 86' lang='lat' dir='ltr'><strong>miser,</strong></span> <span class='ocrx_word' id='word_1_140' title='bbox 1545 1268 1643 1329; x_wconf 88' lang='lat' dir='ltr'><strong>quam</strong></span> <span class='ocrx_word' id='word_1_141' title='bbox 1675 1270 1754 1314; x_wconf 83' lang='lat' dir='ltr'><strong>vere</strong></span> <span class='ocrx_word' id='word_1_142' title='bbox 1787 1248 1912 1314; x_wconf 88' lang='lat' dir='ltr'><strong>dietum</strong></span> <span class='ocrx_word' id='word_1_143' title='bbox 1945 1253 2004 1316; x_wconf 88' lang='lat' dir='ltr'><strong>sit:</strong></span> <span class='ocrx_word' id='word_1_144' title='bbox 2038 1251 2185 1320; x_wconf 87' lang='lat' dir='ltr'><strong>Vincere</strong></span> 
     </span>
     <span class='ocr_line' id='line_1_12' title="bbox 165 1330 2182 1426; baseline 0.004 -29"><span class='ocrx_word' id='word_1_145' title='bbox 165 1334 367 1397; x_wconf 89' lang='lat' dir='ltr'><strong>sententiam</strong></span> <span class='ocrx_word' id='word_1_146' title='bbox 403 1333 614 1397; x_wconf 87' lang='lat' dir='ltr'><strong>confirmant:</strong></span> <span class='ocrx_word' id='word_1_147' title='bbox 654 1331 783 1397; x_wconf 90' lang='lat' dir='ltr'><strong>nullum</strong></span> <span class='ocrx_word' id='word_1_148' title='bbox 820 1332 945 1414; x_wconf 84' lang='lat' dir='ltr'><strong>profert</strong></span> <span class='ocrx_word' id='word_1_149' title='bbox 986 1333 1042 1415; x_wconf 93' lang='lat' dir='ltr'><strong>qui</strong></span> <span class='ocrx_word' id='word_1_150' title='bbox 1076 1333 1147 1398; x_wconf 90' lang='lat' dir='ltr'><strong>eius</strong></span> <span class='ocrx_word' id='word_1_151' title='bbox 1198 1332 1310 1396; x_wconf 92' lang='lat' dir='ltr'><strong>Deum</strong></span> <span class='ocrx_word' id='word_1_152' title='bbox 1341 1352 1443 1414; x_wconf 91' lang='lat' dir='ltr'><strong>quum</strong></span> <span class='ocrx_word' id='word_1_153' title='bbox 1474 1330 1647 1398; x_wconf 87' lang='lat' dir='ltr'><strong>iudicatur.</strong></span> <span class='ocrx_word' id='word_1_154' title='bbox 1689 1333 1792 1410; x_wconf 89' lang='lat' dir='ltr'><strong>(Psal.</strong></span> <span class='ocrx_word' id='word_1_155' title='bbox 1817 1339 1866 1416; x_wconf 89' lang='grc'><strong>51,</strong></span> <span class='ocrx_word' id='word_1_156' title='bbox 1890 1339 1920 1415; x_wconf 90' lang='grc'><strong>6,</strong></span> <span class='ocrx_word' id='word_1_157' title='bbox 1953 1337 2049 1402; x_wconf 90' lang='lat' dir='ltr'><strong>Rom.</strong></span> <span class='ocrx_word' id='word_1_158' title='bbox 2075 1341 2104 1417; x_wconf 90' lang='lat'><strong>3,</strong></span> <span class='ocrx_word' id='word_1_159' title='bbox 2135 1338 2182 1426; x_wconf 86' lang='grc'><strong>4).</strong></span> 
     </span>
     <span class='ocr_line' id='line_1_13' title="bbox 165 1414 2184 1504; baseline 0.002 -21"><span class='ocrx_word' id='word_1_160' title='bbox 165 1425 350 1483; x_wconf 87' lang='lat' dir='ltr'><strong>commento</strong></span> <span class='ocrx_word' id='word_1_161' title='bbox 372 1417 581 1501; x_wconf 85' lang='lat' dir='ltr'><strong>suffragetur.</strong></span> <span class='ocrx_word' id='word_1_162' title='bbox 627 1417 673 1481; x_wconf 80' lang='lat' dir='ltr'><strong>Et</strong></span> <span class='ocrx_word' id='word_1_163' title='bbox 699 1416 776 1499; x_wconf 91' lang='lat' dir='ltr'><strong>quid</strong></span> <span class='ocrx_word' id='word_1_164' title='bbox 798 1417 929 1494; x_wconf 90' lang='lat' dir='ltr'><strong>mirum,</strong></span> <span class='ocrx_word' id='word_1_165' title='bbox 958 1417 987 1482; x_wconf 90' lang='lat' dir='ltr'><strong>si</strong></span> <span class='ocrx_word' id='word_1_166' title='bbox 1008 1438 1069 1483; x_wconf 90' lang='lat' dir='ltr'><strong>sua</strong></span> <span class='ocrx_word' id='word_1_167' title='bbox 1091 1416 1147 1483; x_wconf 91' lang='lat' dir='ltr'><strong>de-</strong></span> <span class='ocrx_word' id='word_1_168' title='bbox 1200 1414 1385 1497; x_wconf 84' lang='lat' dir='ltr'><strong>anterum,</strong></span> <span class='ocrx_word' id='word_1_169' title='bbox 1418 1418 1524 1482; x_wconf 80' lang='lat' dir='ltr'><strong>fateor</strong></span> <span class='ocrx_word' id='word_1_170' title='bbox 1555 1438 1715 1500; x_wconf 86' lang='lat' dir='ltr'><strong>personae</strong></span> <span class='ocrx_word' id='word_1_171' title='bbox 1747 1420 1867 1486; x_wconf 90' lang='lat' dir='ltr'><strong>alicubi</strong></span> <span class='ocrx_word' id='word_1_172' title='bbox 1896 1423 2017 1504; x_wconf 91' lang='lat' dir='ltr'><strong>opponi</strong></span> <span class='ocrx_word' id='word_1_173' title='bbox 2039 1423 2127 1504; x_wconf 91' lang='lat' dir='ltr'><strong>piam</strong></span> <span class='ocrx_word' id='word_1_174' title='bbox 2150 1431 2184 1490; x_wconf 91' lang='lat' dir='ltr'><strong>et</strong></span> 
     </span>
     <span class='ocr_line' id='line_1_14' title="bbox 165 1502 2184 1586; baseline 0.002 -18"><span class='ocrx_word' id='word_1_175' title='bbox 165 1503 240 1569; x_wconf 91' lang='lat' dir='ltr'><strong>liria</strong></span> <span class='ocrx_word' id='word_1_176' title='bbox 262 1510 329 1568; x_wconf 89' lang='lat' dir='ltr'><strong>tam</strong></span> <span class='ocrx_word' id='word_1_177' title='bbox 361 1523 474 1568; x_wconf 87' lang='lat' dir='ltr'><strong>secure</strong></span> <span class='ocrx_word' id='word_1_178' title='bbox 495 1502 653 1585; x_wconf 88' lang='lat' dir='ltr'><strong>proferat:</strong></span> <span class='ocrx_word' id='word_1_179' title='bbox 682 1523 784 1586; x_wconf 90' lang='lat' dir='ltr'><strong>quum</strong></span> <span class='ocrx_word' id='word_1_180' title='bbox 811 1524 853 1567; x_wconf 92' lang='lat' dir='ltr'><strong>ne</strong></span> <span class='ocrx_word' id='word_1_181' title='bbox 882 1503 987 1584; x_wconf 85' lang='lat' dir='ltr'><strong>ipsam</strong></span> <span class='ocrx_word' id='word_1_182' title='bbox 1015 1502 1146 1586; x_wconf 89' lang='lat' dir='ltr'><strong>quidem</strong></span> <span class='ocrx_word' id='word_1_183' title='bbox 1200 1509 1322 1566; x_wconf 86' lang='lat' dir='ltr'><strong>rectam</strong></span> <span class='ocrx_word' id='word_1_184' title='bbox 1346 1502 1462 1568; x_wconf 85' lang='lat' dir='ltr'><strong>vitam:</strong></span> <span class='ocrx_word' id='word_1_185' title='bbox 1504 1512 1541 1567; x_wconf 91' lang='lat' dir='ltr'><strong>ut</strong></span> <span class='ocrx_word' id='word_1_186' title='bbox 1577 1525 1678 1586; x_wconf 91' lang='lat' dir='ltr'><strong>quum</strong></span> <span class='ocrx_word' id='word_1_187' title='bbox 1716 1505 1838 1570; x_wconf 89' lang='lat' dir='ltr'><strong>Petrus</strong></span> <span class='ocrx_word' id='word_1_188' title='bbox 1872 1506 1962 1584; x_wconf 88' lang='lat' dir='ltr'><strong>dicit,</strong></span> <span class='ocrx_word' id='word_1_189' title='bbox 2007 1528 2075 1571; x_wconf 91' lang='lat' dir='ltr'><strong>non</strong></span> <span class='ocrx_word' id='word_1_190' title='bbox 2111 1529 2184 1575; x_wconf 88' lang='lat' dir='ltr'><strong>esse</strong></span> 
     </span>
     <span class='ocr_line' id='line_1_15' title="bbox 164 1586 2184 1676; baseline 0.001 -20"><span class='ocrx_word' id='word_1_191' title='bbox 164 1610 279 1656; x_wconf 81' lang='lat' dir='ltr'><strong>vocem</strong></span> <span class='ocrx_word' id='word_1_192' title='bbox 307 1589 347 1655; x_wconf 94' lang='lat' dir='ltr'><strong>de</strong></span> <span class='ocrx_word' id='word_1_193' title='bbox 392 1608 433 1652; x_wconf 88' lang='lat' dir='ltr'><strong>ua</strong></span> <span class='ocrx_word' id='word_1_194' title='bbox 461 1608 568 1653; x_wconf 87' lang='lat' dir='ltr'><strong>sermo</strong></span> <span class='ocrx_word' id='word_1_195' title='bbox 596 1587 646 1652; x_wconf 92' lang='lat' dir='ltr'><strong>illi</strong></span> <span class='ocrx_word' id='word_1_196' title='bbox 675 1594 755 1666; x_wconf 89' lang='lat' dir='ltr'><strong>erat,</strong></span> <span class='ocrx_word' id='word_1_197' title='bbox 783 1586 1000 1669; x_wconf 82' lang='lat' dir='ltr'><strong>expenderit?</strong></span> <span class='ocrx_word' id='word_1_198' title='bbox 1034 1588 1147 1653; x_wconf 80' lang='lat' dir='ltr'><strong>forsan</strong></span> <span class='ocrx_word' id='word_1_199' title='bbox 1198 1586 1308 1651; x_wconf 89' lang='lat' dir='ltr'><strong>Deum</strong></span> <span class='ocrx_word' id='word_1_200' title='bbox 1337 1588 1605 1671; x_wconf 72' lang='grc' dir='ltr'><strong>προσωπολῆπτην,</strong></span> <span class='ocrx_word' id='word_1_201' title='bbox 1635 1589 1713 1672; x_wconf 89' lang='lat' dir='ltr'><strong>qnia</strong></span> <span class='ocrx_word' id='word_1_202' title='bbox 1740 1590 1886 1657; x_wconf 90' lang='lat' dir='ltr'><strong>inomni</strong></span> <span class='ocrx_word' id='word_1_203' title='bbox 1909 1599 2007 1676; x_wconf 84' lang='lat' dir='ltr'><strong>genta</strong></span> <span class='ocrx_word' id='word_1_204' title='bbox 2030 1601 2184 1676; x_wconf 88' lang='lat' dir='ltr'><strong>aceeptus</strong></span> 
     </span>
     <span class='ocr_line' id='line_1_16' title="bbox 164 1670 2185 1762; baseline 0.001 -22"><span class='ocrx_word' id='word_1_205' title='bbox 164 1682 204 1740; x_wconf 88' lang='lat' dir='ltr'><strong>ut</strong></span> <span class='ocrx_word' id='word_1_206' title='bbox 242 1697 277 1740; x_wconf 86' lang='lat' dir='ltr'><strong>se</strong></span> <span class='ocrx_word' id='word_1_207' title='bbox 321 1695 381 1757; x_wconf 89' lang='lat' dir='ltr'><strong>pro</strong></span> <span class='ocrx_word' id='word_1_208' title='bbox 404 1681 475 1738; x_wconf 88' lang='lat' dir='ltr'><strong>aret</strong></span> <span class='ocrx_word' id='word_1_209' title='bbox 513 1693 673 1755; x_wconf 87' lang='lat' dir='ltr'><strong>magnum</strong></span> <span class='ocrx_word' id='word_1_210' title='bbox 712 1673 911 1756; x_wconf 88' lang='lat' dir='ltr'><strong>theologum,</strong></span> <span class='ocrx_word' id='word_1_211' title='bbox 958 1680 1146 1758; x_wconf 88' lang='lat' dir='ltr'><strong>contempta</strong></span> <span class='ocrx_word' id='word_1_212' title='bbox 1199 1670 1248 1736; x_wconf 91' lang='lat' dir='ltr'><strong>illi</strong></span> <span class='ocrx_word' id='word_1_213' title='bbox 1271 1672 1314 1737; x_wconf 90' lang='lat' dir='ltr'><strong>sit</strong></span> <span class='ocrx_word' id='word_1_214' title='bbox 1335 1674 1391 1755; x_wconf 92' lang='lat' dir='ltr'><strong>qui</strong></span> <span class='ocrx_word' id='word_1_215' title='bbox 1412 1672 1495 1738; x_wconf 90' lang='lat' dir='ltr'><strong>bene</strong></span> <span class='ocrx_word' id='word_1_216' title='bbox 1518 1673 1603 1740; x_wconf 81' lang='lat' dir='ltr'><strong>vivit</strong></span> <span class='ocrx_word' id='word_1_217' title='bbox 1632 1676 1720 1754; x_wconf 85' lang='lat' dir='ltr'><strong>(Act.</strong></span> <span class='ocrx_word' id='word_1_218' title='bbox 1748 1681 1796 1753; x_wconf 89' lang='lat'><strong>10,</strong></span> <span class='ocrx_word' id='word_1_219' title='bbox 1820 1675 1886 1761; x_wconf 75' lang='lat'><strong>34).</strong></span> <span class='ocrx_word' id='word_1_220' title='bbox 1931 1675 2000 1742; x_wconf 80' lang='lat' dir='ltr'><strong>Sed</strong></span> <span class='ocrx_word' id='word_1_221' title='bbox 2028 1687 2185 1762; x_wconf 90' lang='lat' dir='ltr'><strong>prompta</strong></span> 
     </span>
     <span class='ocr_line' id='line_1_17' title="bbox 164 1757 2184 1845; baseline 0.001 -19"><span class='ocrx_word' id='word_1_222' title='bbox 164 1761 380 1844; x_wconf 85' lang='lat' dir='ltr'><strong>grammatica</strong></span> <span class='ocrx_word' id='word_1_223' title='bbox 408 1759 480 1824; x_wconf 87' lang='lat' dir='ltr'><strong>sine</strong></span> <span class='ocrx_word' id='word_1_224' title='bbox 506 1780 605 1824; x_wconf 89' lang='lat' dir='ltr'><strong>sensu</strong></span> <span class='ocrx_word' id='word_1_225' title='bbox 633 1779 729 1824; x_wconf 85' lang='lat' dir='ltr'><strong>voces</strong></span> <span class='ocrx_word' id='word_1_226' title='bbox 757 1758 909 1823; x_wconf 86' lang='lat' dir='ltr'><strong>effutivit.</strong></span> <span class='ocrx_word' id='word_1_227' title='bbox 953 1758 1041 1823; x_wconf 90' lang='lat' dir='ltr'><strong>Nam</strong></span> <span class='ocrx_word' id='word_1_228' title='bbox 1063 1760 1145 1825; x_wconf 93' lang='lat' dir='ltr'><strong>Per·</strong></span> <span class='ocrx_word' id='word_1_229' title='bbox 1199 1764 1249 1821; x_wconf 86' lang='lat' dir='ltr'><strong>est</strong></span> <span class='ocrx_word' id='word_1_230' title='bbox 1271 1758 1457 1841; x_wconf 87' lang='lat' dir='ltr'><strong>responsio:</strong></span> <span class='ocrx_word' id='word_1_231' title='bbox 1493 1757 1588 1839; x_wconf 78' lang='lat' dir='ltr'><strong>Quod</strong></span> <span class='ocrx_word' id='word_1_232' title='bbox 1613 1760 1706 1825; x_wconf 91' lang='lat' dir='ltr'><strong>Deus</strong></span> <span class='ocrx_word' id='word_1_233' title='bbox 1738 1782 1821 1845; x_wconf 89' lang='lat' dir='ltr'><strong>quae</strong></span> <span class='ocrx_word' id='word_1_234' title='bbox 1841 1760 1920 1827; x_wconf 89' lang='lat' dir='ltr'><strong>filiis</strong></span> <span class='ocrx_word' id='word_1_235' title='bbox 1952 1763 2021 1828; x_wconf 88' lang='lat' dir='ltr'><strong>suis</strong></span> <span class='ocrx_word' id='word_1_236' title='bbox 2044 1763 2184 1829; x_wconf 91' lang='lat' dir='ltr'><strong>contulit</strong></span> 
     </span>
    </p>
   </div>
   <div class='ocr_carea' id='block_1_3' title="bbox 62 1841 2182 1928">
    <p class='ocr_par' dir='ltr' id='par_1_3' title="bbox 62 1841 2182 1928">
     <span class='ocr_line' id='line_1_18' title="bbox 62 1841 2182 1928; baseline 0.002 -18"><span class='ocrx_word' id='word_1_237' title='bbox 62 1892 64 1895; x_wconf 29' lang='grc' dir='ltr'>ψ</span> <span class='ocrx_word' id='word_1_238' title='bbox 163 1866 246 1911; x_wconf 89' lang='lat' dir='ltr'><strong>sona</strong></span> <span class='ocrx_word' id='word_1_239' title='bbox 267 1845 351 1911; x_wconf 89' lang='lat' dir='ltr'><strong>nihil</strong></span> <span class='ocrx_word' id='word_1_240' title='bbox 372 1844 421 1908; x_wconf 90' lang='lat' dir='ltr'><strong>illi</strong></span> <span class='ocrx_word' id='word_1_241' title='bbox 434 1844 522 1917; x_wconf 83' lang='lat' dir='ltr'><strong>aliud</strong></span> <span class='ocrx_word' id='word_1_242' title='bbox 536 1844 633 1921; x_wconf 86' lang='lat' dir='ltr'><strong>valet,</strong></span> <span class='ocrx_word' id='word_1_243' title='bbox 657 1865 756 1926; x_wconf 91' lang='lat' dir='ltr'><strong>quam</strong></span> <span class='ocrx_word' id='word_1_244' title='bbox 766 1843 943 1908; x_wconf 89' lang='lat' dir='ltr'><strong>hominem.</strong></span> <span class='ocrx_word' id='word_1_245' title='bbox 968 1842 1080 1924; x_wconf 78' lang='lat' dir='ltr'><strong>Quum</strong></span> <span class='ocrx_word' id='word_1_246' title='bbox 1094 1855 1145 1910; x_wconf 88' lang='lat' dir='ltr'><strong>ta·</strong></span> <span class='ocrx_word' id='word_1_247' title='bbox 1198 1841 1294 1921; x_wconf 89' lang='lat' dir='ltr'><strong>dona,</strong></span> <span class='ocrx_word' id='word_1_248' title='bbox 1327 1843 1452 1926; x_wconf 86' lang='lat' dir='ltr'><strong>probet,</strong></span> <span class='ocrx_word' id='word_1_249' title='bbox 1486 1852 1645 1928; x_wconf 87' lang='lat' dir='ltr'><strong>grataque</strong></span> <span class='ocrx_word' id='word_1_250' title='bbox 1667 1845 1801 1912; x_wconf 86' lang='lat' dir='ltr'><strong>habeat:</strong></span> <span class='ocrx_word' id='word_1_251' title='bbox 1832 1847 1868 1911; x_wconf 91' lang='lat' dir='ltr'><strong>in</strong></span> <span class='ocrx_word' id='word_1_252' title='bbox 1897 1847 2041 1913; x_wconf 88' lang='lat' dir='ltr'><strong>hominis</strong></span> <span class='ocrx_word' id='word_1_253' title='bbox 2070 1856 2182 1915; x_wconf 89' lang='lat' dir='ltr'><strong>autem</strong></span> 
     </span>
    </p>
   </div>
   <div class='ocr_carea' id='block_1_4' title="bbox 162 1929 2246 5117">
    <p class='ocr_par' dir='ltr' id='par_1_4' title="bbox 162 1929 2246 5117">
     <span class='ocr_line' id='line_1_19' title="bbox 164 1929 2181 2019; baseline 0.001 -23"><span class='ocrx_word' id='word_1_254' title='bbox 164 1953 240 1996; x_wconf 91' lang='lat' dir='ltr'><strong>men</strong></span> <span class='ocrx_word' id='word_1_255' title='bbox 248 1932 323 2014; x_wconf 87' lang='lat' dir='ltr'><strong>plus</strong></span> <span class='ocrx_word' id='word_1_256' title='bbox 332 1952 430 2013; x_wconf 87' lang='lat' dir='ltr'><strong>quam</strong></span> <span class='ocrx_word' id='word_1_257' title='bbox 440 1930 650 2012; x_wconf 87' lang='lat' dir='ltr'><strong>conspicuum</strong></span> <span class='ocrx_word' id='word_1_258' title='bbox 662 1930 713 2006; x_wconf 91' lang='lat' dir='ltr'><strong>sit,</strong></span> <span class='ocrx_word' id='word_1_259' title='bbox 725 1929 915 2010; x_wconf 90' lang='lat' dir='ltr'><strong>qualitatem</strong></span> <span class='ocrx_word' id='word_1_260' title='bbox 926 1931 1145 1996; x_wconf 76' lang='lat' dir='ltr'><strong>extrinsecam</strong></span> <span class='ocrx_word' id='word_1_261' title='bbox 1197 1937 1318 1992; x_wconf 83' lang='lat' dir='ltr'><strong>natura</strong></span> <span class='ocrx_word' id='word_1_262' title='bbox 1355 1929 1440 1993; x_wconf 89' lang='lat' dir='ltr'><strong>nihil</strong></span> <span class='ocrx_word' id='word_1_263' title='bbox 1478 1951 1614 2012; x_wconf 88' lang='lat' dir='ltr'><strong>prorsus</strong></span> <span class='ocrx_word' id='word_1_264' title='bbox 1646 1931 1796 1996; x_wconf 86' lang='lat' dir='ltr'><strong>inveniat</strong></span> <span class='ocrx_word' id='word_1_265' title='bbox 1828 1931 1893 1996; x_wconf 92' lang='lat' dir='ltr'><strong>nisi</strong></span> <span class='ocrx_word' id='word_1_266' title='bbox 1926 1931 2000 1998; x_wconf 90' lang='lat' dir='ltr'><strong>odio</strong></span> <span class='ocrx_word' id='word_1_267' title='bbox 2032 1931 2181 2019; x_wconf 85' lang='lat' dir='ltr'><strong>dignum.</strong></span> 
     </span>
     <span class='ocr_line' id='line_1_20' title="bbox 164 2012 2183 2100; baseline 0.002 -20"><span class='ocrx_word' id='word_1_268' title='bbox 164 2018 281 2094; x_wconf 86' lang='lat' dir='ltr'><strong>notari,</strong></span> <span class='ocrx_word' id='word_1_269' title='bbox 316 2037 382 2100; x_wconf 90' lang='lat' dir='ltr'><strong>qua</strong></span> <span class='ocrx_word' id='word_1_270' title='bbox 414 2015 524 2080; x_wconf 91' lang='lat' dir='ltr'><strong>induti</strong></span> <span class='ocrx_word' id='word_1_271' title='bbox 557 2020 631 2094; x_wconf 79' lang='lat' dir='ltr'><strong>[pag.</strong></span> <span class='ocrx_word' id='word_1_272' title='bbox 651 2020 705 2094; x_wconf 85' lang='grc'><strong>99]</strong></span> <span class='ocrx_word' id='word_1_273' title='bbox 739 2014 899 2095; x_wconf 86' lang='lat' dir='ltr'><strong>homines,</strong></span> <span class='ocrx_word' id='word_1_274' title='bbox 938 2022 998 2080; x_wconf 87' lang='lat' dir='ltr'><strong>aut</strong></span> <span class='ocrx_word' id='word_1_275' title='bbox 1033 2017 1145 2082; x_wconf 84' lang='lat' dir='ltr'><strong>favore</strong></span> <span class='ocrx_word' id='word_1_276' title='bbox 1197 2012 1288 2097; x_wconf 83' lang='lat' dir='ltr'><strong>Ergo</strong></span> <span class='ocrx_word' id='word_1_277' title='bbox 1310 2021 1347 2078; x_wconf 92' lang='lat' dir='ltr'><strong>ut</strong></span> <span class='ocrx_word' id='word_1_278' title='bbox 1363 2013 1458 2079; x_wconf 90' lang='lat' dir='ltr'><strong>Deus</strong></span> <span class='ocrx_word' id='word_1_279' title='bbox 1480 2015 1623 2081; x_wconf 86' lang='lat' dir='ltr'><strong>cultores</strong></span> <span class='ocrx_word' id='word_1_280' title='bbox 1646 2038 1723 2082; x_wconf 86' lang='lat' dir='ltr'><strong>suos</strong></span> <span class='ocrx_word' id='word_1_281' title='bbox 1746 2015 1876 2100; x_wconf 88' lang='lat' dir='ltr'><strong>diligat:</strong></span> <span class='ocrx_word' id='word_1_282' title='bbox 1901 2038 2036 2084; x_wconf 86' lang='lat' dir='ltr'><strong>necesse</strong></span> <span class='ocrx_word' id='word_1_283' title='bbox 2059 2027 2119 2097; x_wconf 88' lang='lat' dir='ltr'><strong>est,</strong></span> <span class='ocrx_word' id='word_1_284' title='bbox 2144 2027 2183 2084; x_wconf 89' lang='lat' dir='ltr'><strong>ut</strong></span> 
     </span>
     <span class='ocr_line' id='line_1_21' title="bbox 164 2097 2182 2186; baseline 0.001 -19"><span class='ocrx_word' id='word_1_285' title='bbox 164 2102 256 2186; x_wconf 84' lang='lat' dir='ltr'><strong>digni</strong></span> <span class='ocrx_word' id='word_1_286' title='bbox 273 2101 444 2180; x_wconf 80' lang='lat' dir='ltr'><strong>habentur,</strong></span> <span class='ocrx_word' id='word_1_287' title='bbox 464 2107 522 2166; x_wconf 90' lang='lat' dir='ltr'><strong>aut</strong></span> <span class='ocrx_word' id='word_1_288' title='bbox 539 2100 740 2182; x_wconf 86' lang='lat' dir='ltr'><strong>contemptui</strong></span> <span class='ocrx_word' id='word_1_289' title='bbox 756 2099 934 2166; x_wconf 90' lang='lat' dir='ltr'><strong>subiacent.</strong></span> <span class='ocrx_word' id='word_1_290' title='bbox 959 2101 1015 2165; x_wconf 86' lang='lat' dir='ltr'><strong>An</strong></span> <span class='ocrx_word' id='word_1_291' title='bbox 1032 2108 1144 2166; x_wconf 90' lang='lat' dir='ltr'><strong>autem</strong></span> <span class='ocrx_word' id='word_1_292' title='bbox 1197 2097 1277 2162; x_wconf 92' lang='lat' dir='ltr'><strong>dum</strong></span> <span class='ocrx_word' id='word_1_293' title='bbox 1299 2098 1406 2165; x_wconf 92' lang='lat' dir='ltr'><strong>adhuc</strong></span> <span class='ocrx_word' id='word_1_294' title='bbox 1427 2100 1515 2164; x_wconf 91' lang='lat' dir='ltr'><strong>omni</strong></span> <span class='ocrx_word' id='word_1_295' title='bbox 1548 2099 1629 2166; x_wconf 93' lang='lat' dir='ltr'><strong>bone</strong></span> <span class='ocrx_word' id='word_1_296' title='bbox 1652 2102 1748 2167; x_wconf 88' lang='lat' dir='ltr'><strong>vacui</strong></span> <span class='ocrx_word' id='word_1_297' title='bbox 1776 2109 1865 2180; x_wconf 90' lang='lat' dir='ltr'><strong>sunt,</strong></span> <span class='ocrx_word' id='word_1_298' title='bbox 1893 2104 2039 2185; x_wconf 89' lang='lat' dir='ltr'><strong>gratuito</strong></span> <span class='ocrx_word' id='word_1_299' title='bbox 2068 2123 2182 2169; x_wconf 88' lang='lat' dir='ltr'><strong>amore</strong></span> 
     </span>
     <span class='ocr_line' id='line_1_22' title="bbox 163 2183 2182 2272; baseline 0 -18"><span class='ocrx_word' id='word_1_300' title='bbox 163 2188 257 2254; x_wconf 90' lang='lat' dir='ltr'><strong>Deus</strong></span> <span class='ocrx_word' id='word_1_301' title='bbox 278 2187 425 2271; x_wconf 88' lang='lat' dir='ltr'><strong>aequalis</strong></span> <span class='ocrx_word' id='word_1_302' title='bbox 446 2187 490 2252; x_wconf 88' lang='lat' dir='ltr'><strong>sit</strong></span> <span class='ocrx_word' id='word_1_303' title='bbox 512 2185 703 2250; x_wconf 87' lang='lat' dir='ltr'><strong>distributor</strong></span> <span class='ocrx_word' id='word_1_304' title='bbox 724 2205 785 2251; x_wconf 89' lang='lat' dir='ltr'><strong>nce</strong></span> <span class='ocrx_word' id='word_1_305' title='bbox 806 2206 859 2263; x_wconf 91' lang='lat' dir='ltr'><strong>ne,</strong></span> <span class='ocrx_word' id='word_1_306' title='bbox 883 2184 1017 2251; x_wconf 79' lang='lat' dir='ltr'><strong>Christo</strong></span> <span class='ocrx_word' id='word_1_307' title='bbox 1038 2187 1145 2270; x_wconf 87' lang='lat' dir='ltr'><strong>magis</strong></span> <span class='ocrx_word' id='word_1_308' title='bbox 1196 2183 1389 2267; x_wconf 85' lang='lat' dir='ltr'><strong>praeveniat</strong></span> <span class='ocrx_word' id='word_1_309' title='bbox 1426 2183 1590 2269; x_wconf 85' lang='lat' dir='ltr'><strong>indignos,</strong></span> <span class='ocrx_word' id='word_1_310' title='bbox 1631 2194 1664 2251; x_wconf 92' lang='lat' dir='ltr'><strong>et</strong></span> <span class='ocrx_word' id='word_1_311' title='bbox 1698 2186 1765 2252; x_wconf 91' lang='lat' dir='ltr'><strong>illis</strong></span> <span class='ocrx_word' id='word_1_312' title='bbox 1798 2186 1899 2251; x_wconf 87' lang='lat' dir='ltr'><strong>donet</strong></span> <span class='ocrx_word' id='word_1_313' title='bbox 1938 2187 2026 2270; x_wconf 91' lang='lat' dir='ltr'><strong>quod</strong></span> <span class='ocrx_word' id='word_1_314' title='bbox 2066 2195 2182 2272; x_wconf 88' lang='lat' dir='ltr'><strong>postea</strong></span> 
     </span>
     <span class='ocr_line' id='line_1_23' title="bbox 165 2270 2182 2367; baseline 0 -29"><span class='ocrx_word' id='word_1_315' title='bbox 165 2273 365 2338; x_wconf 81' lang='lat' dir='ltr'><strong>eredendum</strong></span> <span class='ocrx_word' id='word_1_316' title='bbox 388 2281 439 2338; x_wconf 88' lang='lat' dir='ltr'><strong>est</strong></span> <span class='ocrx_word' id='word_1_317' title='bbox 461 2291 559 2356; x_wconf 87' lang='lat' dir='ltr'><strong>quam</strong></span> <span class='ocrx_word' id='word_1_318' title='bbox 576 2271 706 2355; x_wconf 92' lang='lat' dir='ltr'><strong>Pighio.</strong></span> <span class='ocrx_word' id='word_1_319' title='bbox 730 2270 883 2336; x_wconf 81' lang='lat' dir='ltr'><strong>Christus</strong></span> <span class='ocrx_word' id='word_1_320' title='bbox 905 2279 1016 2336; x_wconf 88' lang='lat' dir='ltr'><strong>autem</strong></span> <span class='ocrx_word' id='word_1_321' title='bbox 1033 2271 1144 2336; x_wconf 91' lang='lat' dir='ltr'><strong>Deum</strong></span> <span class='ocrx_word' id='word_1_322' title='bbox 1197 2290 1308 2334; x_wconf 90' lang='lat' dir='ltr'><strong>amore</strong></span> <span class='ocrx_word' id='word_1_323' title='bbox 1340 2279 1565 2367; x_wconf 89' lang='lat' dir='ltr'><strong>prosequatur.</strong></span> <span class='ocrx_word' id='word_1_324' title='bbox 1616 2271 1714 2338; x_wconf 89' lang='lat' dir='ltr'><strong>Hane</strong></span> <span class='ocrx_word' id='word_1_325' title='bbox 1747 2293 1827 2337; x_wconf 85' lang='lat' dir='ltr'><strong>vero</strong></span> <span class='ocrx_word' id='word_1_326' title='bbox 1860 2273 2004 2356; x_wconf 90' lang='lat' dir='ltr'><strong>primam</strong></span> <span class='ocrx_word' id='word_1_327' title='bbox 2037 2276 2182 2358; x_wconf 83' lang='lat' dir='ltr'><strong>gratiam</strong></span> 
     </span>
     <span class='ocr_line' id='line_1_24' title="bbox 165 2353 2182 2444; baseline 0 -19"><span class='ocrx_word' id='word_1_328' title='bbox 165 2357 226 2425; x_wconf 90' lang='lat' dir='ltr'><strong>sub</strong></span> <span class='ocrx_word' id='word_1_329' title='bbox 263 2357 511 2442; x_wconf 84' lang='lat' dir='ltr'><strong>patrisfamilias</strong></span> <span class='ocrx_word' id='word_1_330' title='bbox 540 2376 680 2440; x_wconf 89' lang='lat' dir='ltr'><strong>persona</strong></span> <span class='ocrx_word' id='word_1_331' title='bbox 714 2357 761 2420; x_wconf 90' lang='lat' dir='ltr'><strong>ita</strong></span> <span class='ocrx_word' id='word_1_332' title='bbox 793 2355 983 2439; x_wconf 90' lang='lat' dir='ltr'><strong>loquentem</strong></span> <span class='ocrx_word' id='word_1_333' title='bbox 1020 2357 1146 2423; x_wconf 88' lang='lat' dir='ltr'><strong>inducit</strong></span> <span class='ocrx_word' id='word_1_334' title='bbox 1197 2353 1255 2419; x_wconf 91' lang='lat' dir='ltr'><strong>dat</strong></span> <span class='ocrx_word' id='word_1_335' title='bbox 1295 2356 1414 2438; x_wconf 84' lang='lat' dir='ltr'><strong>qurbus</strong></span> <span class='ocrx_word' id='word_1_336' title='bbox 1456 2355 1537 2436; x_wconf 87' lang='lat' dir='ltr'><strong>vult,</strong></span> <span class='ocrx_word' id='word_1_337' title='bbox 1578 2357 1686 2440; x_wconf 90' lang='lat' dir='ltr'><strong>inquit</strong></span> <span class='ocrx_word' id='word_1_338' title='bbox 1725 2359 1946 2441; x_wconf 81' lang='lat' dir='ltr'><strong>Augustinus,</strong></span> <span class='ocrx_word' id='word_1_339' title='bbox 1960 2358 1985 2444; x_wconf 91' lang='lat'><strong>¹)</strong></span> <span class='ocrx_word' id='word_1_340' title='bbox 2026 2359 2182 2441; x_wconf 90' lang='lat' dir='ltr'><strong>quoniam</strong></span> 
     </span>
     <span class='ocr_line' id='line_1_25' title="bbox 165 2439 2181 2524; baseline 0 -15"><span class='ocrx_word' id='word_1_341' title='bbox 165 2444 301 2522; x_wconf 82' lang='lat' dir='ltr'><strong>(biatth.</strong></span> <span class='ocrx_word' id='word_1_342' title='bbox 326 2448 376 2522; x_wconf 82' lang='lat'><strong>20,</strong></span> <span class='ocrx_word' id='word_1_343' title='bbox 403 2448 472 2519; x_wconf 84' lang='lat'>15):</span> <span class='ocrx_word' id='word_1_344' title='bbox 496 2444 619 2508; x_wconf 86' lang='lat' dir='ltr'><strong>Annon</strong></span> <span class='ocrx_word' id='word_1_345' title='bbox 639 2442 718 2507; x_wconf 85' lang='lat' dir='ltr'><strong>lieet</strong></span> <span class='ocrx_word' id='word_1_346' title='bbox 743 2442 778 2506; x_wconf 94' lang='lat' dir='ltr'><strong>in</strong></span> <span class='ocrx_word' id='word_1_347' title='bbox 805 2442 903 2508; x_wconf 90' lang='lat' dir='ltr'><strong>rebus</strong></span> <span class='ocrx_word' id='word_1_348' title='bbox 928 2443 1012 2508; x_wconf 91' lang='lat' dir='ltr'><strong>meis</strong></span> <span class='ocrx_word' id='word_1_349' title='bbox 1038 2442 1145 2509; x_wconf 80' lang='lat' dir='ltr'><strong>facere</strong></span> <span class='ocrx_word' id='word_1_350' title='bbox 1196 2439 1382 2507; x_wconf 89' lang='lat' dir='ltr'><strong>misericors</strong></span> <span class='ocrx_word' id='word_1_351' title='bbox 1423 2446 1496 2520; x_wconf 80' lang='lat' dir='ltr'><strong>[pag.</strong></span> <span class='ocrx_word' id='word_1_352' title='bbox 1532 2447 1605 2521; x_wconf 89' lang='lat'>101]</span> <span class='ocrx_word' id='word_1_353' title='bbox 1645 2451 1703 2507; x_wconf 89' lang='lat' dir='ltr'><strong>cst.</strong></span> <span class='ocrx_word' id='word_1_354' title='bbox 1768 2442 1865 2524; x_wconf 78' lang='lat' dir='ltr'><strong>Quod</strong></span> <span class='ocrx_word' id='word_1_355' title='bbox 1905 2445 1966 2509; x_wconf 88' lang='lat' dir='ltr'><strong>etsi</strong></span> <span class='ocrx_word' id='word_1_356' title='bbox 2007 2464 2075 2508; x_wconf 91' lang='lat' dir='ltr'><strong>non</strong></span> <span class='ocrx_word' id='word_1_357' title='bbox 2114 2444 2181 2523; x_wconf 89' lang='lat' dir='ltr'><strong>det,</strong></span> 
     </span>
     <span class='ocr_line' id='line_1_26' title="bbox 163 2526 2182 2613; baseline 0 -17"><span class='ocrx_word' id='word_1_358' title='bbox 163 2529 250 2613; x_wconf 90' lang='lat' dir='ltr'><strong>quod</strong></span> <span class='ocrx_word' id='word_1_359' title='bbox 279 2529 368 2596; x_wconf 85' lang='lat' dir='ltr'><strong>volo:</strong></span> <span class='ocrx_word' id='word_1_360' title='bbox 410 2551 452 2594; x_wconf 89' lang='lat' dir='ltr'><strong>an</strong></span> <span class='ocrx_word' id='word_1_361' title='bbox 488 2528 602 2594; x_wconf 88' lang='lat' dir='ltr'><strong>oculus</strong></span> <span class='ocrx_word' id='word_1_362' title='bbox 636 2535 712 2592; x_wconf 89' lang='lat' dir='ltr'><strong>tuus</strong></span> <span class='ocrx_word' id='word_1_363' title='bbox 739 2526 848 2592; x_wconf 90' lang='lat' dir='ltr'><strong>malus</strong></span> <span class='ocrx_word' id='word_1_364' title='bbox 877 2532 937 2606; x_wconf 88' lang='lat' dir='ltr'><strong>est,</strong></span> <span class='ocrx_word' id='word_1_365' title='bbox 968 2526 1054 2610; x_wconf 90' lang='lat' dir='ltr'><strong>quod</strong></span> <span class='ocrx_word' id='word_1_366' title='bbox 1084 2550 1144 2613; x_wconf 88' lang='lat' dir='ltr'><strong>ego</strong></span> <span class='ocrx_word' id='word_1_367' title='bbox 1198 2526 1306 2593; x_wconf 85' lang='lat' dir='ltr'><strong>iustus</strong></span> <span class='ocrx_word' id='word_1_368' title='bbox 1329 2537 1386 2592; x_wconf 89' lang='lat' dir='ltr'><strong>ost.</strong></span> <span class='ocrx_word' id='word_1_369' title='bbox 1432 2527 1478 2591; x_wconf 86' lang='lat' dir='ltr'><strong>Et</strong></span> <span class='ocrx_word' id='word_1_370' title='bbox 1500 2548 1568 2592; x_wconf 91' lang='lat' dir='ltr'><strong>non</strong></span> <span class='ocrx_word' id='word_1_371' title='bbox 1590 2527 1656 2608; x_wconf 86' lang='lat' dir='ltr'><strong>dat,</strong></span> <span class='ocrx_word' id='word_1_372' title='bbox 1678 2527 1796 2612; x_wconf 89' lang='lat' dir='ltr'><strong>quibus</strong></span> <span class='ocrx_word' id='word_1_373' title='bbox 1818 2550 1885 2593; x_wconf 93' lang='lat' dir='ltr'><strong>non</strong></span> <span class='ocrx_word' id='word_1_374' title='bbox 1907 2528 1990 2608; x_wconf 87' lang='lat' dir='ltr'><strong>vult,</strong></span> <span class='ocrx_word' id='word_1_375' title='bbox 2025 2538 2064 2594; x_wconf 93' lang='lat' dir='ltr'><strong>ut</strong></span> <span class='ocrx_word' id='word_1_376' title='bbox 2085 2539 2182 2597; x_wconf 88' lang='lat' dir='ltr'><strong>notas</strong></span> 
     </span>
     <span class='ocr_line' id='line_1_27' title="bbox 166 2610 2180 2699; baseline -0.001 -17"><span class='ocrx_word' id='word_1_377' title='bbox 166 2615 328 2699; x_wconf 89' lang='lat' dir='ltr'><strong>benignus</strong></span> <span class='ocrx_word' id='word_1_378' title='bbox 350 2613 447 2680; x_wconf 88' lang='lat' dir='ltr'><strong>sum?</strong></span> <span class='ocrx_word' id='word_1_379' title='bbox 493 2612 685 2680; x_wconf 83' lang='lat' dir='ltr'><strong>Secundum</strong></span> <span class='ocrx_word' id='word_1_380' title='bbox 707 2633 805 2695; x_wconf 87' lang='lat' dir='ltr'><strong>quam</strong></span> <span class='ocrx_word' id='word_1_381' title='bbox 825 2614 986 2678; x_wconf 91' lang='lat' dir='ltr'><strong>rationem</strong></span> <span class='ocrx_word' id='word_1_382' title='bbox 1008 2614 1143 2693; x_wconf 88' lang='lat' dir='ltr'><strong>Paulus,</strong></span> <span class='ocrx_word' id='word_1_383' title='bbox 1196 2611 1297 2676; x_wconf 79' lang='lat' dir='ltr'><strong>saciat</strong></span> <span class='ocrx_word' id='word_1_384' title='bbox 1329 2610 1460 2678; x_wconf 87' lang='lat' dir='ltr'><strong>divitias</strong></span> <span class='ocrx_word' id='word_1_385' title='bbox 1495 2612 1620 2696; x_wconf 87' lang='lat' dir='ltr'><strong>gloriae</strong></span> <span class='ocrx_word' id='word_1_386' title='bbox 1648 2635 1727 2679; x_wconf 88' lang='lat' dir='ltr'><strong>suae</strong></span> <span class='ocrx_word' id='word_1_387' title='bbox 1755 2614 1792 2678; x_wconf 92' lang='lat' dir='ltr'><strong>in</strong></span> <span class='ocrx_word' id='word_1_388' title='bbox 1820 2635 1900 2679; x_wconf 87' lang='lat' dir='ltr'><strong>vasa</strong></span> <span class='ocrx_word' id='word_1_389' title='bbox 1927 2613 2180 2680; x_wconf 88' lang='lat' dir='ltr'><strong>misericordiae.</strong></span> 
     </span>
     <span class='ocr_line' id='line_1_28' title="bbox 165 2694 2181 2784; baseline 0 -19"><span class='ocrx_word' id='word_1_390' title='bbox 165 2708 205 2765; x_wconf 90' lang='lat' dir='ltr'><strong>ut</strong></span> <span class='ocrx_word' id='word_1_391' title='bbox 240 2701 364 2766; x_wconf 89' lang='lat' dir='ltr'><strong>nemini</strong></span> <span class='ocrx_word' id='word_1_392' title='bbox 393 2699 586 2765; x_wconf 87' lang='lat' dir='ltr'><strong>obstrictum</strong></span> <span class='ocrx_word' id='word_1_393' title='bbox 620 2719 692 2763; x_wconf 89' lang='lat' dir='ltr'><strong>esse</strong></span> <span class='ocrx_word' id='word_1_394' title='bbox 728 2698 851 2777; x_wconf 88' lang='lat' dir='ltr'><strong>doceat,</strong></span> <span class='ocrx_word' id='word_1_395' title='bbox 892 2699 971 2780; x_wconf 88' lang='lat' dir='ltr'><strong>quin</strong></span> <span class='ocrx_word' id='word_1_396' title='bbox 1004 2702 1145 2783; x_wconf 83' lang='lat' dir='ltr'><strong>gratiam</strong></span> <span class='ocrx_word' id='word_1_397' title='bbox 1198 2694 1296 2776; x_wconf 78' lang='lat' dir='ltr'><strong>Quod</strong></span> <span class='ocrx_word' id='word_1_398' title='bbox 1307 2706 1417 2763; x_wconf 89' lang='lat' dir='ltr'><strong>autem</strong></span> <span class='ocrx_word' id='word_1_399' title='bbox 1439 2718 1507 2761; x_wconf 92' lang='lat' dir='ltr'><strong>non</strong></span> <span class='ocrx_word' id='word_1_400' title='bbox 1530 2698 1573 2763; x_wconf 90' lang='lat' dir='ltr'><strong>sit</strong></span> <span class='ocrx_word' id='word_1_401' title='bbox 1595 2697 1684 2782; x_wconf 92' lang='lat' dir='ltr'><strong>apud</strong></span> <span class='ocrx_word' id='word_1_402' title='bbox 1705 2721 1782 2765; x_wconf 88' lang='lat' dir='ltr'><strong>eum</strong></span> <span class='ocrx_word' id='word_1_403' title='bbox 1792 2721 2008 2782; x_wconf 79' lang='lat' dir='ltr'><strong>personarum</strong></span> <span class='ocrx_word' id='word_1_404' title='bbox 2026 2701 2181 2784; x_wconf 88' lang='lat' dir='ltr'><strong>acceptio,</strong></span> 
     </span>
     <span class='ocr_line' id='line_1_29' title="bbox 162 2781 2182 2869; baseline 0 -19"><span class='ocrx_word' id='word_1_405' title='bbox 162 2805 256 2851; x_wconf 86' lang='lat' dir='ltr'><strong>suam</strong></span> <span class='ocrx_word' id='word_1_406' title='bbox 278 2806 338 2869; x_wconf 90' lang='lat' dir='ltr'><strong>pro</strong></span> <span class='ocrx_word' id='word_1_407' title='bbox 361 2786 506 2863; x_wconf 90' lang='lat' dir='ltr'><strong>arbitrio,</strong></span> <span class='ocrx_word' id='word_1_408' title='bbox 529 2784 648 2867; x_wconf 85' lang='lat' dir='ltr'><strong>quibus</strong></span> <span class='ocrx_word' id='word_1_409' title='bbox 670 2783 779 2848; x_wconf 85' lang='lat' dir='ltr'><strong>visum</strong></span> <span class='ocrx_word' id='word_1_410' title='bbox 801 2792 860 2864; x_wconf 89' lang='lat' dir='ltr'><strong>est,</strong></span> <span class='ocrx_word' id='word_1_411' title='bbox 885 2783 1059 2866; x_wconf 89' lang='lat' dir='ltr'><strong>dispenset,</strong></span> <span class='ocrx_word' id='word_1_412' title='bbox 1095 2786 1144 2850; x_wconf 91' lang='lat' dir='ltr'><strong>in·</strong></span> <span class='ocrx_word' id='word_1_413' title='bbox 1197 2781 1275 2847; x_wconf 90' lang='lat' dir='ltr'><strong>hinc</strong></span> <span class='ocrx_word' id='word_1_414' title='bbox 1297 2782 1422 2867; x_wconf 93' lang='lat' dir='ltr'><strong>liquere</strong></span> <span class='ocrx_word' id='word_1_415' title='bbox 1443 2784 1479 2846; x_wconf 92' lang='lat' dir='ltr'><strong>in</strong></span> <span class='ocrx_word' id='word_1_416' title='bbox 1501 2786 1566 2849; x_wconf 87' lang='lat' dir='ltr'><strong>fine</strong></span> <span class='ocrx_word' id='word_1_417' title='bbox 1589 2784 1706 2867; x_wconf 89' lang='lat' dir='ltr'><strong>eapitis</strong></span> <span class='ocrx_word' id='word_1_418' title='bbox 1728 2784 1892 2864; x_wconf 90' lang='lat' dir='ltr'><strong>admonet,</strong></span> <span class='ocrx_word' id='word_1_419' title='bbox 1922 2786 2000 2869; x_wconf 92' lang='lat' dir='ltr'><strong>quia</strong></span> <span class='ocrx_word' id='word_1_420' title='bbox 2022 2785 2182 2867; x_wconf 88' lang='lat' dir='ltr'><strong>praeteri·</strong></span> 
     </span>
     <span class='ocr_line' id='line_1_30' title="bbox 164 2867 2182 2957; baseline 0 -20"><span class='ocrx_word' id='word_1_421' title='bbox 164 2879 325 2957; x_wconf 84' lang='lat' dir='ltr'><strong>terrogat:</strong></span> <span class='ocrx_word' id='word_1_422' title='bbox 354 2871 438 2953; x_wconf 81' lang='lat' dir='ltr'><strong>Quis</strong></span> <span class='ocrx_word' id='word_1_423' title='bbox 458 2871 547 2954; x_wconf 88' lang='lat' dir='ltr'><strong>prior</strong></span> <span class='ocrx_word' id='word_1_424' title='bbox 568 2870 618 2934; x_wconf 91' lang='lat' dir='ltr'><strong>illi</strong></span> <span class='ocrx_word' id='word_1_425' title='bbox 640 2868 776 2949; x_wconf 88' lang='lat' dir='ltr'><strong>dederit,</strong></span> <span class='ocrx_word' id='word_1_426' title='bbox 804 2877 843 2934; x_wconf 92' lang='lat' dir='ltr'><strong>ut</strong></span> <span class='ocrx_word' id='word_1_427' title='bbox 865 2870 895 2934; x_wconf 92' lang='lat' dir='ltr'><strong>ei</strong></span> <span class='ocrx_word' id='word_1_428' title='bbox 917 2876 1071 2935; x_wconf 91' lang='lat' dir='ltr'><strong>mutuum</strong></span> <span class='ocrx_word' id='word_1_429' title='bbox 1092 2893 1143 2936; x_wconf 88' lang='lat' dir='ltr'><strong>re·</strong></span> <span class='ocrx_word' id='word_1_430' title='bbox 1197 2867 1240 2932; x_wconf 85' lang='lat' dir='ltr'><strong>tis</strong></span> <span class='ocrx_word' id='word_1_431' title='bbox 1261 2867 1426 2934; x_wconf 87' lang='lat' dir='ltr'><strong>cultorum</strong></span> <span class='ocrx_word' id='word_1_432' title='bbox 1449 2890 1584 2934; x_wconf 87' lang='lat' dir='ltr'><strong>suorum</strong></span> <span class='ocrx_word' id='word_1_433' title='bbox 1606 2870 1692 2948; x_wconf 89' lang='lat' dir='ltr'><strong>filiis,</strong></span> <span class='ocrx_word' id='word_1_434' title='bbox 1716 2879 1829 2936; x_wconf 85' lang='lat' dir='ltr'><strong>natam</strong></span> <span class='ocrx_word' id='word_1_435' title='bbox 1853 2894 1895 2936; x_wconf 85' lang='lat' dir='ltr'><strong>ex</strong></span> <span class='ocrx_word' id='word_1_436' title='bbox 1917 2871 2066 2954; x_wconf 89' lang='lat' dir='ltr'><strong>reprobis</strong></span> <span class='ocrx_word' id='word_1_437' title='bbox 2088 2873 2182 2938; x_wconf 91' lang='lat' dir='ltr'><strong>sobo-</strong></span> 
     </span>
     <span class='ocr_line' id='line_1_31' title="bbox 166 2951 2182 3042; baseline 0 -19"><span class='ocrx_word' id='word_1_438' title='bbox 166 2956 336 3042; x_wconf 88' lang='lat' dir='ltr'><strong>pendatur.</strong></span> <span class='ocrx_word' id='word_1_439' title='bbox 383 2958 495 3034; x_wconf 83' lang='lat' dir='ltr'><strong>(Rem.</strong></span> <span class='ocrx_word' id='word_1_440' title='bbox 518 2961 566 3034; x_wconf 92' lang='lat' dir='ltr'><strong>ll,</strong></span> <span class='ocrx_word' id='word_1_441' title='bbox 591 2959 658 3029; x_wconf 85' lang='lat'><strong>35).</strong></span> <span class='ocrx_word' id='word_1_442' title='bbox 1196 2951 1262 3018; x_wconf 91' lang='lat' dir='ltr'><strong>lem</strong></span> <span class='ocrx_word' id='word_1_443' title='bbox 1285 2953 1326 3019; x_wconf 92' lang='lat' dir='ltr'><strong>ab</strong></span> <span class='ocrx_word' id='word_1_444' title='bbox 1349 2955 1449 3020; x_wconf 84' lang='lat' dir='ltr'><strong>exitio</strong></span> <span class='ocrx_word' id='word_1_445' title='bbox 1470 2955 1639 3020; x_wconf 88' lang='lat' dir='ltr'><strong>interdum</strong></span> <span class='ocrx_word' id='word_1_446' title='bbox 1661 2956 1789 3022; x_wconf 88' lang='lat' dir='ltr'><strong>liberat.</strong></span> <span class='ocrx_word' id='word_1_447' title='bbox 1835 2956 1884 3023; x_wconf 80' lang='lat' dir='ltr'><strong>Ae</strong></span> <span class='ocrx_word' id='word_1_448' title='bbox 1906 2957 2039 3022; x_wconf 91' lang='lat' dir='ltr'><strong>omnino</strong></span> <span class='ocrx_word' id='word_1_449' title='bbox 2058 2978 2182 3023; x_wconf 91' lang='lat' dir='ltr'><strong>memo-</strong></span> 
     </span>
     <span class='ocr_line' id='line_1_32' title="bbox 251 3039 2182 3126; baseline 0.001 -18"><span class='ocrx_word' id='word_1_450' title='bbox 251 3044 412 3123; x_wconf 90' lang='lat' dir='ltr'><strong>Primum‚</strong></span> <span class='ocrx_word' id='word_1_451' title='bbox 445 3043 474 3108; x_wconf 93' lang='lat' dir='ltr'><strong>si</strong></span> <span class='ocrx_word' id='word_1_452' title='bbox 503 3061 567 3124; x_wconf 88' lang='lat' dir='ltr'><strong>qua</strong></span> <span class='ocrx_word' id='word_1_453' title='bbox 591 3041 722 3123; x_wconf 87' lang='lat' dir='ltr'><strong>pietatis</strong></span> <span class='ocrx_word' id='word_1_454' title='bbox 751 3047 848 3125; x_wconf 85' lang='lat' dir='ltr'><strong>gutta</strong></span> <span class='ocrx_word' id='word_1_455' title='bbox 876 3040 993 3107; x_wconf 86' lang='lat' dir='ltr'><strong>fuisset</strong></span> <span class='ocrx_word' id='word_1_456' title='bbox 1019 3042 1056 3105; x_wconf 90' lang='lat' dir='ltr'><strong>in</strong></span> <span class='ocrx_word' id='word_1_457' title='bbox 1082 3041 1145 3106; x_wconf 94' lang='lat' dir='ltr'><strong>hoe</strong></span> <span class='ocrx_word' id='word_1_458' title='bbox 1197 3039 1248 3103; x_wconf 88' lang='lat' dir='ltr'><strong>ria</strong></span> <span class='ocrx_word' id='word_1_459' title='bbox 1266 3040 1456 3120; x_wconf 89' lang='lat' dir='ltr'><strong>tenendum,</strong></span> <span class='ocrx_word' id='word_1_460' title='bbox 1479 3039 1567 3123; x_wconf 91' lang='lat' dir='ltr'><strong>quod</strong></span> <span class='ocrx_word' id='word_1_461' title='bbox 1583 3041 1719 3108; x_wconf 88' lang='lat' dir='ltr'><strong>tandem</strong></span> <span class='ocrx_word' id='word_1_462' title='bbox 1736 3040 1870 3108; x_wconf 89' lang='lat' dir='ltr'><strong>adducit</strong></span> <span class='ocrx_word' id='word_1_463' title='bbox 1878 3043 1916 3124; x_wconf 83' lang='lat'><strong>²),</strong></span> <span class='ocrx_word' id='word_1_464' title='bbox 1938 3042 2069 3107; x_wconf 88' lang='lat' dir='ltr'><strong>nullum</strong></span> <span class='ocrx_word' id='word_1_465' title='bbox 2086 3065 2182 3126; x_wconf 88' lang='lat' dir='ltr'><strong>prae-</strong></span> 
     </span>
     <span class='ocr_line' id='line_1_33' title="bbox 166 3121 2183 3211; baseline 0.001 -19"><span class='ocrx_word' id='word_1_466' title='bbox 166 3127 309 3208; x_wconf 90' lang='lat' dir='ltr'><strong>homine,</strong></span> <span class='ocrx_word' id='word_1_467' title='bbox 338 3150 382 3193; x_wconf 89' lang='lat' dir='ltr'><strong>an</strong></span> <span class='ocrx_word' id='word_1_468' title='bbox 404 3148 549 3210; x_wconf 89' lang='lat' dir='ltr'><strong>unquam</strong></span> <span class='ocrx_word' id='word_1_469' title='bbox 572 3146 674 3192; x_wconf 88' lang='lat' dir='ltr'><strong>ausus</strong></span> <span class='ocrx_word' id='word_1_470' title='bbox 696 3126 788 3203; x_wconf 84' lang='lat' dir='ltr'><strong>foret,</strong></span> <span class='ocrx_word' id='word_1_471' title='bbox 810 3126 920 3191; x_wconf 92' lang='lat' dir='ltr'><strong>Deum</strong></span> <span class='ocrx_word' id='word_1_472' title='bbox 939 3133 1007 3191; x_wconf 86' lang='lat' dir='ltr'><strong>tarn</strong></span> <span class='ocrx_word' id='word_1_473' title='bbox 1030 3134 1145 3193; x_wconf 91' lang='lat' dir='ltr'><strong>contu·</strong></span> <span class='ocrx_word' id='word_1_474' title='bbox 1198 3121 1427 3191; x_wconf 86' lang='lat' dir='ltr'><strong>destinationis</strong></span> <span class='ocrx_word' id='word_1_475' title='bbox 1456 3125 1618 3192; x_wconf 89' lang='lat' dir='ltr'><strong>illustrius</strong></span> <span class='ocrx_word' id='word_1_476' title='bbox 1650 3127 1822 3210; x_wconf 88' lang='lat' dir='ltr'><strong>speculum</strong></span> <span class='ocrx_word' id='word_1_477' title='bbox 1844 3136 1983 3207; x_wconf 86' lang='lat' dir='ltr'><strong>exstare,</strong></span> <span class='ocrx_word' id='word_1_478' title='bbox 2018 3130 2183 3211; x_wconf 87' lang='lat' dir='ltr'><strong>quamsit</strong></span> 
     </span>
     <span class='ocr_line' id='line_1_34' title="bbox 166 3210 2183 3295; baseline 0 -16"><span class='ocrx_word' id='word_1_479' title='bbox 166 3215 364 3279; x_wconf 89' lang='lat' dir='ltr'><strong>meliosein</strong></span> <span class='ocrx_word' id='word_1_480' title='bbox 392 3214 541 3278; x_wconf 90' lang='lat' dir='ltr'><strong>ordinem</strong></span> <span class='ocrx_word' id='word_1_481' title='bbox 568 3211 705 3295; x_wconf 87' lang='lat' dir='ltr'><strong>cogere?</strong></span> <span class='ocrx_word' id='word_1_482' title='bbox 750 3211 952 3279; x_wconf 88' lang='lat' dir='ltr'><strong>Praescribit</strong></span> <span class='ocrx_word' id='word_1_483' title='bbox 980 3213 1078 3292; x_wconf 88' lang='lat' dir='ltr'><strong>enim,</strong></span> <span class='ocrx_word' id='word_1_484' title='bbox 1109 3231 1146 3277; x_wconf 82' lang='grc' dir='ltr'><strong>ιιι</strong></span> <span class='ocrx_word' id='word_1_485' title='bbox 1197 3210 1267 3294; x_wconf 89' lang='lat' dir='ltr'><strong>ipse</strong></span> <span class='ocrx_word' id='word_1_486' title='bbox 1289 3210 1458 3290; x_wconf 89' lang='lat' dir='ltr'><strong>mediator,</strong></span> <span class='ocrx_word' id='word_1_487' title='bbox 1487 3213 1544 3295; x_wconf 91' lang='lat' dir='ltr'><strong>qui</strong></span> <span class='ocrx_word' id='word_1_488' title='bbox 1565 3212 1747 3278; x_wconf 88' lang='lat' dir='ltr'><strong>seeundum</strong></span> <span class='ocrx_word' id='word_1_489' title='bbox 1767 3213 1948 3278; x_wconf 88' lang='lat' dir='ltr'><strong>humanam</strong></span> <span class='ocrx_word' id='word_1_490' title='bbox 1970 3221 2125 3278; x_wconf 86' lang='lat' dir='ltr'><strong>naturam</strong></span> <span class='ocrx_word' id='word_1_491' title='bbox 2147 3213 2183 3280; x_wconf 93' lang='lat' dir='ltr'><strong>id</strong></span> 
     </span>
     <span class='ocr_line' id='line_1_35' title="bbox 165 3295 2183 3383; baseline 0 -18"><span class='ocrx_word' id='word_1_492' title='bbox 165 3301 319 3366; x_wconf 90' lang='lat' dir='ltr'><strong>omnibus</strong></span> <span class='ocrx_word' id='word_1_493' title='bbox 352 3299 533 3383; x_wconf 86' lang='lat' dir='ltr'><strong>aequaliter</strong></span> <span class='ocrx_word' id='word_1_494' title='bbox 561 3297 730 3381; x_wconf 87' lang='lat' dir='ltr'><strong>largiatur,</strong></span> <span class='ocrx_word' id='word_1_495' title='bbox 764 3298 857 3380; x_wconf 86' lang='lat' dir='ltr'><strong>quasi</strong></span> <span class='ocrx_word' id='word_1_496' title='bbox 891 3295 932 3383; x_wconf 82' lang='lat' dir='ltr'><strong>de</strong></span> <span class='ocrx_word' id='word_1_497' title='bbox 965 3297 1104 3382; x_wconf 91' lang='lat' dir='ltr'><strong>publico.</strong></span> <span class='ocrx_word' id='word_1_498' title='bbox 1120 3303 1144 3377; x_wconf 94' lang='lat'><strong>¹)</strong></span> <span class='ocrx_word' id='word_1_499' title='bbox 1198 3295 1331 3361; x_wconf 82' lang='lat' dir='ltr'><strong>honoris</strong></span> <span class='ocrx_word' id='word_1_500' title='bbox 1364 3297 1455 3363; x_wconf 89' lang='lat' dir='ltr'><strong>nullo</strong></span> <span class='ocrx_word' id='word_1_501' title='bbox 1483 3298 1601 3363; x_wconf 92' lang='lat' dir='ltr'><strong>merito</strong></span> <span class='ocrx_word' id='word_1_502' title='bbox 1634 3295 1772 3382; x_wconf 89' lang='lat' dir='ltr'><strong>adeptus</strong></span> <span class='ocrx_word' id='word_1_503' title='bbox 1806 3308 1866 3377; x_wconf 92' lang='lat' dir='ltr'><strong>est,</strong></span> <span class='ocrx_word' id='word_1_504' title='bbox 1906 3305 1945 3362; x_wconf 92' lang='lat' dir='ltr'><strong>ut</strong></span> <span class='ocrx_word' id='word_1_505' title='bbox 1966 3297 2031 3362; x_wconf 86' lang='lat' dir='ltr'><strong>Dei</strong></span> <span class='ocrx_word' id='word_1_506' title='bbox 2064 3299 2183 3366; x_wconf 86' lang='lat' dir='ltr'><strong>unicus</strong></span> 
     </span>
     <span class='ocr_line' id='line_1_36' title="bbox 167 3381 2181 3469; baseline -0 -20"><span class='ocrx_word' id='word_1_507' title='bbox 167 3385 222 3449; x_wconf 90' lang='lat' dir='ltr'><strong>Ita</strong></span> <span class='ocrx_word' id='word_1_508' title='bbox 243 3385 328 3449; x_wconf 92' lang='lat' dir='ltr'><strong>nihil</strong></span> <span class='ocrx_word' id='word_1_509' title='bbox 348 3384 422 3451; x_wconf 92' lang='lat' dir='ltr'><strong>Deo</strong></span> <span class='ocrx_word' id='word_1_510' title='bbox 444 3384 607 3467; x_wconf 90' lang='lat' dir='ltr'><strong>reliquum</strong></span> <span class='ocrx_word' id='word_1_511' title='bbox 630 3383 715 3462; x_wconf 82' lang='lat' dir='ltr'><strong>facit,</strong></span> <span class='ocrx_word' id='word_1_512' title='bbox 744 3384 778 3447; x_wconf 90' lang='lat' dir='ltr'><strong>iu</strong></span> <span class='ocrx_word' id='word_1_513' title='bbox 801 3404 866 3466; x_wconf 92' lang='lat' dir='ltr'><strong>quo</strong></span> <span class='ocrx_word' id='word_1_514' title='bbox 887 3384 1067 3467; x_wconf 86' lang='lat' dir='ltr'><strong>gratuitam</strong></span> <span class='ocrx_word' id='word_1_515' title='bbox 1089 3385 1145 3450; x_wconf 90' lang='lat' dir='ltr'><strong>be·</strong></span> <span class='ocrx_word' id='word_1_516' title='bbox 1198 3388 1284 3446; x_wconf 87' lang='lat' dir='ltr'><strong>esset</strong></span> <span class='ocrx_word' id='word_1_517' title='bbox 1311 3381 1410 3448; x_wconf 87' lang='lat' dir='ltr'><strong>filius.</strong></span> <span class='ocrx_word' id='word_1_518' title='bbox 1455 3383 1566 3465; x_wconf 85' lang='lat' dir='ltr'><strong>Atqui,</strong></span> <span class='ocrx_word' id='word_1_519' title='bbox 1578 3382 1605 3469; x_wconf 76' lang='lat'><strong>⁸)</strong></span> <span class='ocrx_word' id='word_1_520' title='bbox 1640 3384 1825 3466; x_wconf 88' lang='lat' dir='ltr'><strong>gratuitum</strong></span> <span class='ocrx_word' id='word_1_521' title='bbox 1846 3384 1911 3448; x_wconf 85' lang='lat' dir='ltr'><strong>Dei</strong></span> <span class='ocrx_word' id='word_1_522' title='bbox 1937 3383 2181 3464; x_wconf 87' lang='lat' dir='ltr'><strong>beneplacitum</strong></span> 
     </span>
     <span class='ocr_line' id='line_1_37' title="bbox 168 3465 2181 3566; baseline 0 -33"><span class='ocrx_word' id='word_1_523' title='bbox 168 3471 376 3534; x_wconf 88' lang='lat' dir='ltr'><strong>neficeutiam</strong></span> <span class='ocrx_word' id='word_1_524' title='bbox 409 3476 568 3536; x_wconf 84' lang='lat' dir='ltr'><strong>exerceat.</strong></span> <span class='ocrx_word' id='word_1_525' title='bbox 619 3467 757 3547; x_wconf 89' lang='lat' dir='ltr'><strong>Iudicat,</strong></span> <span class='ocrx_word' id='word_1_526' title='bbox 788 3468 903 3551; x_wconf 91' lang='lat' dir='ltr'><strong>inquit,</strong></span> <span class='ocrx_word' id='word_1_527' title='bbox 933 3468 973 3535; x_wconf 93' lang='lat' dir='ltr'><strong>de</strong></span> <span class='ocrx_word' id='word_1_528' title='bbox 997 3489 1146 3552; x_wconf 90' lang='lat' dir='ltr'><strong>unoquo·</strong></span> <span class='ocrx_word' id='word_1_529' title='bbox 1198 3465 1286 3549; x_wconf 90' lang='lat' dir='ltr'><strong>quod</strong></span> <span class='ocrx_word' id='word_1_530' title='bbox 1319 3466 1354 3530; x_wconf 92' lang='lat' dir='ltr'><strong>in</strong></span> <span class='ocrx_word' id='word_1_531' title='bbox 1387 3467 1520 3533; x_wconf 82' lang='lat' dir='ltr'><strong>Christo</strong></span> <span class='ocrx_word' id='word_1_532' title='bbox 1551 3468 1706 3534; x_wconf 88' lang='lat' dir='ltr'><strong>ecclesiae</strong></span> <span class='ocrx_word' id='word_1_533' title='bbox 1738 3470 1844 3551; x_wconf 88' lang='lat' dir='ltr'><strong>capite</strong></span> <span class='ocrx_word' id='word_1_534' title='bbox 1876 3467 2091 3566; x_wconf 88' lang='lat' dir='ltr'><strong>spectandum</strong></span> <span class='ocrx_word' id='word_1_535' title='bbox 2124 3469 2181 3534; x_wconf 91' lang='lat' dir='ltr'><strong>ille</strong></span> 
     </span>
     <span class='ocr_line' id='line_1_38' title="bbox 167 3551 2246 3638; baseline 0.001 -20"><span class='ocrx_word' id='word_1_536' title='bbox 167 3575 233 3637; x_wconf 92' lang='lat' dir='ltr'><strong>que</strong></span> <span class='ocrx_word' id='word_1_537' title='bbox 259 3555 439 3621; x_wconf 87' lang='lat' dir='ltr'><strong>secundum</strong></span> <span class='ocrx_word' id='word_1_538' title='bbox 473 3556 630 3637; x_wconf 88' lang='lat' dir='ltr'><strong>cuiusque</strong></span> <span class='ocrx_word' id='word_1_539' title='bbox 660 3553 854 3638; x_wconf 88' lang='lat' dir='ltr'><strong>dignitatem</strong></span> <span class='ocrx_word' id='word_1_540' title='bbox 887 3560 922 3618; x_wconf 90' lang='lat' dir='ltr'><strong>et</strong></span> <span class='ocrx_word' id='word_1_541' title='bbox 953 3575 1044 3636; x_wconf 86' lang='lat' dir='ltr'><strong>opus,</strong></span> <span class='ocrx_word' id='word_1_542' title='bbox 1078 3576 1146 3620; x_wconf 91' lang='lat' dir='ltr'><strong>non</strong></span> <span class='ocrx_word' id='word_1_543' title='bbox 1198 3552 1360 3634; x_wconf 90' lang='lat' dir='ltr'><strong>proponit,</strong></span> <span class='ocrx_word' id='word_1_544' title='bbox 1383 3551 1523 3637; x_wconf 87' lang='lat' dir='ltr'><strong>Pighius</strong></span> <span class='ocrx_word' id='word_1_545' title='bbox 1546 3575 1589 3618; x_wconf 92' lang='lat' dir='ltr'><strong>ne</strong></span> <span class='ocrx_word' id='word_1_546' title='bbox 1609 3554 1646 3618; x_wconf 93' lang='lat' dir='ltr'><strong>in</strong></span> <span class='ocrx_word' id='word_1_547' title='bbox 1670 3553 1827 3619; x_wconf 90' lang='lat' dir='ltr'><strong>membris</strong></span> <span class='ocrx_word' id='word_1_548' title='bbox 1849 3552 1981 3636; x_wconf 87' lang='lat' dir='ltr'><strong>qmdem</strong></span> <span class='ocrx_word' id='word_1_549' title='bbox 2003 3552 2181 3620; x_wconf 88' lang='lat' dir='ltr'><strong>admittere</strong></span> <span class='ocrx_word' id='word_1_550' title='bbox 2245 3634 2246 3637; x_wconf 8' lang='grc' dir='ltr'><strong>Ἴ</strong></span> 
     </span>
     <span class='ocr_line' id='line_1_39' title="bbox 167 3637 2181 3724; baseline -0 -19"><span class='ocrx_word' id='word_1_551' title='bbox 167 3649 281 3705; x_wconf 87' lang='lat' dir='ltr'><strong>autem</strong></span> <span class='ocrx_word' id='word_1_552' title='bbox 300 3662 359 3724; x_wconf 92' lang='lat' dir='ltr'><strong>pro</strong></span> <span class='ocrx_word' id='word_1_553' title='bbox 381 3664 438 3706; x_wconf 91' lang='lat' dir='ltr'><strong>suo</strong></span> <span class='ocrx_word' id='word_1_554' title='bbox 459 3639 674 3723; x_wconf 89' lang='lat' dir='ltr'><strong>beneplacito.</strong></span> <span class='ocrx_word' id='word_1_555' title='bbox 711 3639 785 3720; x_wconf 77' lang='lat' dir='ltr'><strong>Quo</strong></span> <span class='ocrx_word' id='word_1_556' title='bbox 807 3640 910 3722; x_wconf 89' lang='lat' dir='ltr'><strong>igitur</strong></span> <span class='ocrx_word' id='word_1_557' title='bbox 931 3641 1049 3705; x_wconf 89' lang='lat' dir='ltr'><strong>merito</strong></span> <span class='ocrx_word' id='word_1_558' title='bbox 1071 3662 1146 3724; x_wconf 90' lang='lat' dir='ltr'><strong>pro·</strong></span> <span class='ocrx_word' id='word_1_559' title='bbox 1199 3638 1346 3702; x_wconf 86' lang='lat' dir='ltr'><strong>sustinet.</strong></span> <span class='ocrx_word' id='word_1_560' title='bbox 1391 3639 1530 3704; x_wconf 86' lang='lat' dir='ltr'><strong>Beatam</strong></span> <span class='ocrx_word' id='word_1_561' title='bbox 1565 3637 1653 3714; x_wconf 90' lang='lat' dir='ltr'><strong>enim</strong></span> <span class='ocrx_word' id='word_1_562' title='bbox 1675 3638 1801 3704; x_wconf 81' lang='lat' dir='ltr'><strong>Christi</strong></span> <span class='ocrx_word' id='word_1_563' title='bbox 1834 3645 1977 3703; x_wconf 88' lang='lat' dir='ltr'><strong>matrem</strong></span> <span class='ocrx_word' id='word_1_564' title='bbox 2010 3638 2181 3704; x_wconf 88' lang='lat' dir='ltr'><strong>contendit</strong></span> 
     </span>
     <span class='ocr_line' id='line_1_40' title="bbox 166 3723 2182 3811; baseline -0.001 -18"><span class='ocrx_word' id='word_1_565' title='bbox 166 3735 304 3793; x_wconf 82' lang='lat' dir='ltr'><strong>vocatus</strong></span> <span class='ocrx_word' id='word_1_566' title='bbox 327 3726 426 3809; x_wconf 88' lang='lat' dir='ltr'><strong>elegit</strong></span> <span class='ocrx_word' id='word_1_567' title='bbox 447 3748 552 3811; x_wconf 87' lang='lat' dir='ltr'><strong>genus</strong></span> <span class='ocrx_word' id='word_1_568' title='bbox 575 3724 751 3790; x_wconf 82' lang='lat' dir='ltr'><strong>Abrahae?</strong></span> <span class='ocrx_word' id='word_1_569' title='bbox 796 3723 884 3805; x_wconf 78' lang='lat' dir='ltr'><strong>Quid</strong></span> <span class='ocrx_word' id='word_1_570' title='bbox 907 3724 1030 3807; x_wconf 89' lang='lat' dir='ltr'><strong>reperit</strong></span> <span class='ocrx_word' id='word_1_571' title='bbox 1050 3725 1086 3790; x_wconf 93' lang='lat' dir='ltr'><strong>in</strong></span> <span class='ocrx_word' id='word_1_572' title='bbox 1109 3746 1147 3790; x_wconf 88' lang='lat' dir='ltr'><strong>ea</strong></span> <span class='ocrx_word' id='word_1_573' title='bbox 1199 3743 1258 3787; x_wconf 92' lang='lat' dir='ltr'><strong>suo</strong></span> <span class='ocrx_word' id='word_1_574' title='bbox 1280 3724 1396 3787; x_wconf 92' lang='lat' dir='ltr'><strong>merito</strong></span> <span class='ocrx_word' id='word_1_575' title='bbox 1418 3724 1556 3788; x_wconf 88' lang='lat' dir='ltr'><strong>electam</strong></span> <span class='ocrx_word' id='word_1_576' title='bbox 1579 3745 1659 3803; x_wconf 89' lang='lat' dir='ltr'><strong>esse,</strong></span> <span class='ocrx_word' id='word_1_577' title='bbox 1682 3725 1760 3807; x_wconf 88' lang='lat' dir='ltr'><strong>quie</strong></span> <span class='ocrx_word' id='word_1_578' title='bbox 1781 3724 1853 3808; x_wconf 87' lang='lat' dir='ltr'><strong>ipsa</strong></span> <span class='ocrx_word' id='word_1_579' title='bbox 1875 3729 1988 3790; x_wconf 90' lang='lat' dir='ltr'><strong>canat:</strong></span> <span class='ocrx_word' id='word_1_580' title='bbox 2019 3724 2182 3807; x_wconf 88' lang='lat' dir='ltr'><strong>Respexit</strong></span> 
     </span>
     <span class='ocr_line' id='line_1_41' title="bbox 169 3807 2182 3896; baseline -0 -19"><span class='ocrx_word' id='word_1_581' title='bbox 169 3819 269 3896; x_wconf 87' lang='lat' dir='ltr'><strong>gente</strong></span> <span class='ocrx_word' id='word_1_582' title='bbox 292 3811 471 3896; x_wconf 85' lang='lat' dir='ltr'><strong>dignitatis,</strong></span> <span class='ocrx_word' id='word_1_583' title='bbox 493 3835 552 3878; x_wconf 90' lang='lat' dir='ltr'><strong>cur</strong></span> <span class='ocrx_word' id='word_1_584' title='bbox 573 3831 646 3876; x_wconf 89' lang='lat' dir='ltr'><strong>eam</strong></span> <span class='ocrx_word' id='word_1_585' title='bbox 668 3811 803 3894; x_wconf 88' lang='lat' dir='ltr'><strong>reliquis</strong></span> <span class='ocrx_word' id='word_1_586' title='bbox 826 3810 1026 3893; x_wconf 79' lang='lat' dir='ltr'><strong>praeferret?</strong></span> <span class='ocrx_word' id='word_1_587' title='bbox 1070 3811 1146 3876; x_wconf 90' lang='lat' dir='ltr'><strong>Non</strong></span> <span class='ocrx_word' id='word_1_588' title='bbox 1199 3807 1420 3888; x_wconf 83' lang='lat' dir='ltr'><strong>humilitatem</strong></span> <span class='ocrx_word' id='word_1_589' title='bbox 1442 3809 1581 3874; x_wconf 89' lang='lat' dir='ltr'><strong>ancillae</strong></span> <span class='ocrx_word' id='word_1_590' title='bbox 1601 3830 1680 3875; x_wconf 89' lang='lat' dir='ltr'><strong>suae</strong></span> <span class='ocrx_word' id='word_1_591' title='bbox 1704 3810 1801 3885; x_wconf 83' lang='lat' dir='ltr'><strong>(Luc.</strong></span> <span class='ocrx_word' id='word_1_592' title='bbox 1828 3816 1855 3890; x_wconf 90' lang='lat'><strong>1,</strong></span> <span class='ocrx_word' id='word_1_593' title='bbox 1879 3814 1947 3887; x_wconf 86' lang='grc'>48).</span> <span class='ocrx_word' id='word_1_594' title='bbox 1992 3809 2080 3875; x_wconf 88' lang='lat' dir='ltr'><strong>Istae</strong></span> <span class='ocrx_word' id='word_1_595' title='bbox 2101 3818 2182 3876; x_wconf 88' lang='lat' dir='ltr'><strong>sunt</strong></span> 
     </span>
     <span class='ocr_line' id='line_1_42' title="bbox 169 3893 2181 3981; baseline 0 -19"><span class='ocrx_word' id='word_1_596' title='bbox 169 3897 268 3963; x_wconf 87' lang='lat' dir='ltr'><strong>aliam</strong></span> <span class='ocrx_word' id='word_1_597' title='bbox 290 3898 361 3981; x_wconf 88' lang='lat' dir='ltr'><strong>ipse</strong></span> <span class='ocrx_word' id='word_1_598' title='bbox 382 3898 544 3963; x_wconf 88' lang='lat' dir='ltr'><strong>rationem</strong></span> <span class='ocrx_word' id='word_1_599' title='bbox 567 3896 722 3980; x_wconf 89' lang='lat' dir='ltr'><strong>assignat,</strong></span> <span class='ocrx_word' id='word_1_600' title='bbox 756 3896 822 3961; x_wconf 90' lang='lat' dir='ltr'><strong>nisi</strong></span> <span class='ocrx_word' id='word_1_601' title='bbox 848 3895 926 3978; x_wconf 89' lang='lat' dir='ltr'><strong>quia</strong></span> <span class='ocrx_word' id='word_1_602' title='bbox 952 3895 1069 3961; x_wconf 86' lang='lat' dir='ltr'><strong>dilexit</strong></span> <span class='ocrx_word' id='word_1_603' title='bbox 1089 3917 1146 3979; x_wconf 88' lang='lat' dir='ltr'><strong>pa·</strong></span> <span class='ocrx_word' id='word_1_604' title='bbox 1198 3893 1310 3977; x_wconf 90' lang='lat' dir='ltr'><strong>Pighii</strong></span> <span class='ocrx_word' id='word_1_605' title='bbox 1363 3895 1593 3976; x_wconf 86' lang='lat' dir='ltr'><strong>probationes:</strong></span> <span class='ocrx_word' id='word_1_606' title='bbox 1663 3895 1854 3961; x_wconf 82' lang='lat' dir='ltr'><strong>Fundatam</strong></span> <span class='ocrx_word' id='word_1_607' title='bbox 1913 3896 1948 3960; x_wconf 90' lang='lat' dir='ltr'><strong>in</strong></span> <span class='ocrx_word' id='word_1_608' title='bbox 2006 3894 2181 3962; x_wconf 89' lang='lat' dir='ltr'><strong>hominum</strong></span> 
     </span>
     <span class='ocr_line' id='line_1_43' title="bbox 169 3979 2182 4066; baseline -0 -18"><span class='ocrx_word' id='word_1_609' title='bbox 169 3990 236 4050; x_wconf 88' lang='lat' dir='ltr'><strong>tras</strong></span> <span class='ocrx_word' id='word_1_610' title='bbox 258 4005 380 4049; x_wconf 90' lang='lat' dir='ltr'><strong>eorum.</strong></span> <span class='ocrx_word' id='word_1_611' title='bbox 403 3986 525 4049; x_wconf 86' lang='lat' dir='ltr'><strong>Postea</strong></span> <span class='ocrx_word' id='word_1_612' title='bbox 546 3982 747 4065; x_wconf 82' lang='lat' dir='ltr'><strong>expressius:</strong></span> <span class='ocrx_word' id='word_1_613' title='bbox 771 3982 866 4061; x_wconf 81' lang='lat' dir='ltr'><strong>llcce,</strong></span> <span class='ocrx_word' id='word_1_614' title='bbox 889 4002 992 4064; x_wconf 89' lang='lat' dir='ltr'><strong>quum</strong></span> <span class='ocrx_word' id='word_1_615' title='bbox 1009 3982 1146 4047; x_wconf 91' lang='lat' dir='ltr'><strong>Domini</strong></span> <span class='ocrx_word' id='word_1_616' title='bbox 1199 3979 1325 4045; x_wconf 88' lang='lat' dir='ltr'><strong>meritis</strong></span> <span class='ocrx_word' id='word_1_617' title='bbox 1359 3979 1551 4047; x_wconf 89' lang='lat' dir='ltr'><strong>electionem</strong></span> <span class='ocrx_word' id='word_1_618' title='bbox 1578 3980 1644 4046; x_wconf 88' lang='lat' dir='ltr'><strong>Dei</strong></span> <span class='ocrx_word' id='word_1_619' title='bbox 1677 4002 1757 4062; x_wconf 87' lang='lat' dir='ltr'><strong>esse,</strong></span> <span class='ocrx_word' id='word_1_620' title='bbox 1791 4003 1857 4046; x_wconf 91' lang='lat' dir='ltr'><strong>non</strong></span> <span class='ocrx_word' id='word_1_621' title='bbox 1880 3981 2069 4066; x_wconf 89' lang='lat' dir='ltr'><strong>gratuitam,</strong></span> <span class='ocrx_word' id='word_1_622' title='bbox 2102 3982 2182 4065; x_wconf 90' lang='lat' dir='ltr'><strong>quia</strong></span> 
     </span>
     <span class='ocr_line' id='line_1_44' title="bbox 168 4064 2041 4150; baseline -0.002 -17"><span class='ocrx_word' id='word_1_623' title='bbox 168 4069 237 4135; x_wconf 90' lang='lat' dir='ltr'><strong>sint</strong></span> <span class='ocrx_word' id='word_1_624' title='bbox 258 4070 339 4135; x_wconf 89' lang='lat' dir='ltr'><strong>coeli</strong></span> <span class='ocrx_word' id='word_1_625' title='bbox 360 4078 394 4135; x_wconf 91' lang='lat' dir='ltr'><strong>et</strong></span> <span class='ocrx_word' id='word_1_626' title='bbox 413 4078 511 4148; x_wconf 86' lang='lat' dir='ltr'><strong>terra,</strong></span> <span class='ocrx_word' id='word_1_627' title='bbox 536 4067 762 4133; x_wconf 89' lang='lat' dir='ltr'><strong>tantummodo</strong></span> <span class='ocrx_word' id='word_1_628' title='bbox 785 4067 832 4131; x_wconf 94' lang='lat' dir='ltr'><strong>illi</strong></span> <span class='ocrx_word' id='word_1_629' title='bbox 854 4067 889 4131; x_wconf 93' lang='lat' dir='ltr'><strong>in</strong></span> <span class='ocrx_word' id='word_1_630' title='bbox 910 4067 1057 4149; x_wconf 90' lang='lat' dir='ltr'><strong>patribus</strong></span> <span class='ocrx_word' id='word_1_631' title='bbox 1080 4069 1146 4134; x_wconf 90' lang='lat' dir='ltr'><strong>tuis</strong></span> <span class='ocrx_word' id='word_1_632' title='bbox 1199 4064 1286 4148; x_wconf 91' lang='lat' dir='ltr'><strong>quod</strong></span> <span class='ocrx_word' id='word_1_633' title='bbox 1308 4064 1470 4132; x_wconf 88' lang='lat' dir='ltr'><strong>abiectum</strong></span> <span class='ocrx_word' id='word_1_634' title='bbox 1493 4074 1544 4132; x_wconf 88' lang='lat' dir='ltr'><strong>est</strong></span> <span class='ocrx_word' id='word_1_635' title='bbox 1565 4087 1602 4132; x_wconf 89' lang='lat' dir='ltr'><strong>ac</strong></span> <span class='ocrx_word' id='word_1_636' title='bbox 1625 4066 1879 4150; x_wconf 89' lang='lat' dir='ltr'><strong>contemptibile,</strong></span> <span class='ocrx_word' id='word_1_637' title='bbox 1900 4066 2001 4150; x_wconf 88' lang='lat' dir='ltr'><strong>eligit.</strong></span> <span class='ocrx_word' id='word_1_638' title='bbox 2011 4068 2041 4144; x_wconf 88' lang='lat'><strong>⁴)</strong></span> 
     </span>
     <span class='ocr_line' id='line_1_45' title="bbox 169 4151 2178 4238; baseline -0.001 -18"><span class='ocrx_word' id='word_1_639' title='bbox 169 4154 369 4238; x_wconf 87' lang='lat' dir='ltr'><strong>complacuit</strong></span> <span class='ocrx_word' id='word_1_640' title='bbox 385 4153 426 4219; x_wconf 94' lang='lat' dir='ltr'><strong>ad</strong></span> <span class='ocrx_word' id='word_1_641' title='bbox 448 4175 503 4221; x_wconf 87' lang='lat' dir='ltr'><strong>coa</strong></span> <span class='ocrx_word' id='word_1_642' title='bbox 525 4152 690 4232; x_wconf 90' lang='lat' dir='ltr'><strong>amandos,</strong></span> <span class='ocrx_word' id='word_1_643' title='bbox 714 4160 747 4219; x_wconf 91' lang='lat' dir='ltr'><strong>et</strong></span> <span class='ocrx_word' id='word_1_644' title='bbox 769 4152 868 4237; x_wconf 90' lang='lat' dir='ltr'><strong>elegit</strong></span> <span class='ocrx_word' id='word_1_645' title='bbox 890 4173 1002 4217; x_wconf 88' lang='lat' dir='ltr'><strong>semen</strong></span> <span class='ocrx_word' id='word_1_646' title='bbox 1031 4174 1146 4218; x_wconf 91' lang='lat' dir='ltr'><strong>eorum</strong></span> <span class='ocrx_word' id='word_1_647' title='bbox 1284 4151 1359 4216; x_wconf 86' lang='lat' dir='ltr'><strong>Hac</strong></span> <span class='ocrx_word' id='word_1_648' title='bbox 1398 4152 1526 4216; x_wconf 87' lang='lat' dir='ltr'><strong>ratione</strong></span> <span class='ocrx_word' id='word_1_649' title='bbox 1564 4152 1658 4218; x_wconf 79' lang='lat' dir='ltr'><strong>facile</strong></span> <span class='ocrx_word' id='word_1_650' title='bbox 1699 4153 1834 4219; x_wconf 90' lang='lat' dir='ltr'><strong>diluitur</strong></span> <span class='ocrx_word' id='word_1_651' title='bbox 1874 4152 1988 4236; x_wconf 89' lang='lat' dir='ltr'><strong>Pighii</strong></span> <span class='ocrx_word' id='word_1_652' title='bbox 2027 4151 2178 4218; x_wconf 89' lang='lat' dir='ltr'><strong>obiectio:</strong></span> 
     </span>
     <span class='ocr_line' id='line_1_46' title="bbox 211 4235 2181 4324; baseline -0.001 -19"><span class='ocrx_word' id='word_1_653' title='bbox 211 4249 243 4306; x_wconf 88' lang='lat' dir='ltr'><strong>st</strong></span> <span class='ocrx_word' id='word_1_654' title='bbox 275 4261 331 4305; x_wconf 86' lang='lat' dir='ltr'><strong>eos</strong></span> <span class='ocrx_word' id='word_1_655' title='bbox 364 4239 479 4324; x_wconf 86' lang='lat' dir='ltr'><strong>(Dent.</strong></span> <span class='ocrx_word' id='word_1_656' title='bbox 508 4244 537 4318; x_wconf 87' lang='grc'><strong>4,</strong></span> <span class='ocrx_word' id='word_1_657' title='bbox 573 4243 623 4318; x_wconf 82' lang='lat'><strong>37,</strong></span> <span class='ocrx_word' id='word_1_658' title='bbox 655 4238 756 4304; x_wconf 89' lang='lat' dir='ltr'><strong>Deut.</strong></span> <span class='ocrx_word' id='word_1_659' title='bbox 783 4243 831 4318; x_wconf 88' lang='lat'><strong>10,</strong></span> <span class='ocrx_word' id='word_1_660' title='bbox 867 4241 932 4315; x_wconf 85' lang='grc'>15).</span> <span class='ocrx_word' id='word_1_661' title='bbox 986 4238 1059 4303; x_wconf 91' lang='lat' dir='ltr'><strong>Iam</strong></span> <span class='ocrx_word' id='word_1_662' title='bbox 1082 4239 1147 4305; x_wconf 92' lang='lat' dir='ltr'><strong>alio</strong></span> <span class='ocrx_word' id='word_1_663' title='bbox 1199 4235 1311 4318; x_wconf 76' lang='lat' dir='ltr'><strong>Quum</strong></span> <span class='ocrx_word' id='word_1_664' title='bbox 1334 4237 1488 4304; x_wconf 77' lang='lat' dir='ltr'><strong>Christus</strong></span> <span class='ocrx_word' id='word_1_665' title='bbox 1517 4238 1704 4304; x_wconf 88' lang='lat' dir='ltr'><strong>benedictos</strong></span> <span class='ocrx_word' id='word_1_666' title='bbox 1737 4241 1840 4323; x_wconf 87' lang='lat' dir='ltr'><strong>patris</strong></span> <span class='ocrx_word' id='word_1_667' title='bbox 1875 4240 1926 4304; x_wconf 92' lang='lat' dir='ltr'><strong>sui</strong></span> <span class='ocrx_word' id='word_1_668' title='bbox 1960 4236 2002 4302; x_wconf 87' lang='lat' dir='ltr'><strong>ad</strong></span> <span class='ocrx_word' id='word_1_669' title='bbox 2036 4259 2181 4323; x_wconf 89' lang='lat' dir='ltr'><strong>regnum</strong></span> 
     </span>
     <span class='ocr_line' id='line_1_47' title="bbox 182 4322 2178 4409; baseline 0.001 -19"><span class='ocrx_word' id='word_1_670' title='bbox 182 4346 239 4391; x_wconf 88' lang='lat' dir='ltr'><strong>oco</strong></span> <span class='ocrx_word' id='word_1_671' title='bbox 262 4327 382 4391; x_wconf 86' lang='lat' dir='ltr'><strong>merita</strong></span> <span class='ocrx_word' id='word_1_672' title='bbox 403 4326 514 4392; x_wconf 90' lang='lat' dir='ltr'><strong>emnia</strong></span> <span class='ocrx_word' id='word_1_673' title='bbox 541 4326 576 4390; x_wconf 91' lang='lat' dir='ltr'><strong>in</strong></span> <span class='ocrx_word' id='word_1_674' title='bbox 603 4325 744 4390; x_wconf 91' lang='lat' dir='ltr'><strong>nihilum</strong></span> <span class='ocrx_word' id='word_1_675' title='bbox 772 4323 902 4408; x_wconf 88' lang='lat' dir='ltr'><strong>redigit,</strong></span> <span class='ocrx_word' id='word_1_676' title='bbox 936 4324 1015 4389; x_wconf 89' lang='lat' dir='ltr'><strong>dum</strong></span> <span class='ocrx_word' id='word_1_677' title='bbox 1042 4325 1145 4390; x_wconf 92' lang='lat' dir='ltr'><strong>idolo·</strong></span> <span class='ocrx_word' id='word_1_678' title='bbox 1198 4322 1431 4406; x_wconf 88' lang='lat' dir='ltr'><strong>possidendum</strong></span> <span class='ocrx_word' id='word_1_679' title='bbox 1466 4333 1571 4404; x_wconf 86' lang='lat' dir='ltr'><strong>vocat,</strong></span> <span class='ocrx_word' id='word_1_680' title='bbox 1609 4346 1677 4390; x_wconf 90' lang='lat' dir='ltr'><strong>non</strong></span> <span class='ocrx_word' id='word_1_681' title='bbox 1712 4324 1906 4409; x_wconf 91' lang='lat' dir='ltr'><strong>simpliciter</strong></span> <span class='ocrx_word' id='word_1_682' title='bbox 1940 4344 2071 4390; x_wconf 89' lang='lat' dir='ltr'><strong>eausam</strong></span> <span class='ocrx_word' id='word_1_683' title='bbox 2105 4324 2178 4406; x_wconf 90' lang='lat' dir='ltr'><strong>dici,</strong></span> 
     </span>
     <span class='ocr_line' id='line_1_48' title="bbox 169 4407 2181 4496; baseline 0.002 -23"><span class='ocrx_word' id='word_1_684' title='bbox 169 4408 272 4476; x_wconf 88' lang='lat' dir='ltr'><strong>latras</strong></span> <span class='ocrx_word' id='word_1_685' title='bbox 302 4416 377 4490; x_wconf 79' lang='lat' dir='ltr'><strong>[pag.</strong></span> <span class='ocrx_word' id='word_1_686' title='bbox 404 4416 476 4490; x_wconf 89' lang='lat'>100]</span> <span class='ocrx_word' id='word_1_687' title='bbox 505 4411 606 4491; x_wconf 82' lang='lat' dir='ltr'><strong>luisse</strong></span> <span class='ocrx_word' id='word_1_688' title='bbox 634 4417 869 4476; x_wconf 84' lang='lat' dir='ltr'><strong>commemorat</strong></span> <span class='ocrx_word' id='word_1_689' title='bbox 891 4409 1003 4485; x_wconf 89' lang='lat' dir='ltr'><strong>(Iosue</strong></span> <span class='ocrx_word' id='word_1_690' title='bbox 1026 4414 1076 4489; x_wconf 78' lang='lat'><strong>24,</strong></span> <span class='ocrx_word' id='word_1_691' title='bbox 1101 4409 1144 4496; x_wconf 82' lang='lat'><strong>2).</strong></span> <span class='ocrx_word' id='word_1_692' title='bbox 1198 4409 1275 4490; x_wconf 90' lang='lat' dir='ltr'><strong>quia</strong></span> <span class='ocrx_word' id='word_1_693' title='bbox 1310 4408 1405 4475; x_wconf 88' lang='lat' dir='ltr'><strong>electi</strong></span> <span class='ocrx_word' id='word_1_694' title='bbox 1439 4409 1516 4490; x_wconf 90' lang='lat' dir='ltr'><strong>sint,</strong></span> <span class='ocrx_word' id='word_1_695' title='bbox 1566 4407 1624 4476; x_wconf 90' lang='lat' dir='ltr'><strong>sed</strong></span> <span class='ocrx_word' id='word_1_696' title='bbox 1665 4411 1742 4494; x_wconf 90' lang='lat' dir='ltr'><strong>quia</strong></span> <span class='ocrx_word' id='word_1_697' title='bbox 1779 4410 1989 4478; x_wconf 74' lang='lat' dir='ltr'><strong>exercuerint</strong></span> <span class='ocrx_word' id='word_1_698' title='bbox 2033 4411 2181 4478; x_wconf 87' lang='lat' dir='ltr'><strong>caritatis</strong></span> 
     </span>
     <span class='ocr_line' id='line_1_49' title="bbox 171 4492 2179 4581; baseline 0.001 -21"><span class='ocrx_word' id='word_1_699' title='bbox 171 4492 299 4561; x_wconf 82' lang='lat' dir='ltr'><strong>Saltem</strong></span> <span class='ocrx_word' id='word_1_700' title='bbox 349 4497 411 4561; x_wconf 91' lang='lat' dir='ltr'><strong>hoc</strong></span> <span class='ocrx_word' id='word_1_701' title='bbox 449 4498 590 4575; x_wconf 89' lang='lat' dir='ltr'><strong>obtineo,</strong></span> <span class='ocrx_word' id='word_1_702' title='bbox 631 4495 717 4579; x_wconf 93' lang='lat' dir='ltr'><strong>quod</strong></span> <span class='ocrx_word' id='word_1_703' title='bbox 748 4495 888 4580; x_wconf 87' lang='lat' dir='ltr'><strong>Pighius</strong></span> <span class='ocrx_word' id='word_1_704' title='bbox 932 4504 1041 4579; x_wconf 88' lang='lat' dir='ltr'><strong>negat,</strong></span> <span class='ocrx_word' id='word_1_705' title='bbox 1081 4497 1146 4562; x_wconf 89' lang='lat' dir='ltr'><strong>Dei</strong></span> <span class='ocrx_word' id='word_1_706' title='bbox 1199 4493 1344 4580; x_wconf 52' lang='lat' dir='ltr'><strong>operest)</strong></span> <span class='ocrx_word' id='word_1_707' title='bbox 1389 4495 1504 4579; x_wconf 87' lang='lat' dir='ltr'><strong>Neque</strong></span> <span class='ocrx_word' id='word_1_708' title='bbox 1526 4517 1588 4581; x_wconf 86' lang='lat' dir='ltr'><strong>ego</strong></span> <span class='ocrx_word' id='word_1_709' title='bbox 1610 4518 1690 4562; x_wconf 88' lang='lat' dir='ltr'><strong>saue</strong></span> <span class='ocrx_word' id='word_1_710' title='bbox 1717 4495 1759 4561; x_wconf 90' lang='lat' dir='ltr'><strong>ad</strong></span> <span class='ocrx_word' id='word_1_711' title='bbox 1781 4517 1938 4562; x_wconf 89' lang='lat' dir='ltr'><strong>arcanam</strong></span> <span class='ocrx_word' id='word_1_712' title='bbox 1958 4497 2025 4561; x_wconf 87' lang='lat' dir='ltr'><strong>Dei</strong></span> <span class='ocrx_word' id='word_1_713' title='bbox 2047 4497 2179 4563; x_wconf 86' lang='lat' dir='ltr'><strong>electio-</strong></span> 
     </span>
     <span class='ocr_line' id='line_1_50' title="bbox 170 4579 1402 4667; baseline 0.004 -21"><span class='ocrx_word' id='word_1_714' title='bbox 170 4579 411 4664; x_wconf 89' lang='lat' dir='ltr'><strong>beueplacitum</strong></span> <span class='ocrx_word' id='word_1_715' title='bbox 442 4584 604 4667; x_wconf 82' lang='lat' dir='ltr'><strong>aMoyse</strong></span> <span class='ocrx_word' id='word_1_716' title='bbox 636 4583 722 4648; x_wconf 88' lang='lat' dir='ltr'><strong>clare</strong></span> <span class='ocrx_word' id='word_1_717' title='bbox 754 4580 944 4665; x_wconf 87' lang='lat' dir='ltr'><strong>praedicari.</strong></span> <span class='ocrx_word' id='word_1_718' title='bbox 989 4581 1146 4667; x_wconf 63' lang='lat' dir='ltr'><strong>Negata)</strong></span> <span class='ocrx_word' id='word_1_719' title='bbox 1200 4644 1402 4651; x_wconf 44' lang='lat' dir='ltr'><strong>mm„</strong></span> 
     </span>
     <span class='ocr_line' id='line_1_51' title="bbox 169 4666 1803 4779; baseline 0.001 -49"><span class='ocrx_word' id='word_1_720' title='bbox 169 4687 212 4730; x_wconf 82' lang='lat' dir='ltr'><strong>ex</strong></span> <span class='ocrx_word' id='word_1_721' title='bbox 230 4667 295 4732; x_wconf 92' lang='lat' dir='ltr'><strong>Dei</strong></span> <span class='ocrx_word' id='word_1_722' title='bbox 317 4667 460 4750; x_wconf 86' lang='lat' dir='ltr'><strong>pendere</strong></span> <span class='ocrx_word' id='word_1_723' title='bbox 482 4667 622 4748; x_wconf 88' lang='lat' dir='ltr'><strong>decreto,</strong></span> <span class='ocrx_word' id='word_1_724' title='bbox 644 4667 703 4733; x_wconf 90' lang='lat' dir='ltr'><strong>scd</strong></span> <span class='ocrx_word' id='word_1_725' title='bbox 720 4667 891 4732; x_wconf 88' lang='lat' dir='ltr'><strong>hominum</strong></span> <span class='ocrx_word' id='word_1_726' title='bbox 908 4667 1037 4745; x_wconf 84' lang='lat' dir='ltr'><strong>affectu,</strong></span> <span class='ocrx_word' id='word_1_727' title='bbox 1061 4666 1147 4751; x_wconf 93' lang='lat' dir='ltr'><strong>quod</strong></span> <span class='ocrx_word' id='word_1_728' title='bbox 1269 4715 1300 4779; x_wconf 55' lang='grc'><strong>1)</strong></span> <span class='ocrx_word' id='word_1_729' title='bbox 1317 4716 1368 4770; x_wconf 87' lang='lat' dir='ltr'><strong>L&#39;b</strong></span> <span class='ocrx_word' id='word_1_730' title='bbox 1394 4717 1411 4771; x_wconf 90' lang='lat' dir='ltr'><strong>d</strong></span> <span class='ocrx_word' id='word_1_731' title='bbox 1445 4719 1463 4771; x_wconf 89' lang='lat' dir='ltr'><strong>b</strong></span> <span class='ocrx_word' id='word_1_732' title='bbox 1769 4716 1803 4769; x_wconf 67' lang='lat'><strong>12</strong></span> 
     </span>
     <span class='ocr_line' id='line_1_52' title="bbox 169 4731 1810 4854; baseline 0.001 -37"><span class='ocrx_word' id='word_1_733' title='bbox 169 4772 236 4817; x_wconf 92' lang='lat' dir='ltr'><strong>uno</strong></span> <span class='ocrx_word' id='word_1_734' title='bbox 258 4754 378 4819; x_wconf 88' lang='lat' dir='ltr'><strong>reiecto</strong></span> <span class='ocrx_word' id='word_1_735' title='bbox 400 4754 484 4820; x_wconf 89' lang='lat' dir='ltr'><strong>alius</strong></span> <span class='ocrx_word' id='word_1_736' title='bbox 506 4753 648 4838; x_wconf 88' lang='lat' dir='ltr'><strong>eligitur.</strong></span> <span class='ocrx_word' id='word_1_737' title='bbox 678 4752 767 4833; x_wconf 78' lang='lat' dir='ltr'><strong>Quid</strong></span> <span class='ocrx_word' id='word_1_738' title='bbox 785 4774 863 4837; x_wconf 87' lang='lat' dir='ltr'><strong>erge</strong></span> <span class='ocrx_word' id='word_1_739' title='bbox 881 4753 943 4819; x_wconf 86' lang='lat' dir='ltr'><strong>sibi</strong></span> <span class='ocrx_word' id='word_1_740' title='bbox 962 4753 1033 4818; x_wconf 86' lang='lat' dir='ltr'><strong>vult</strong></span> <span class='ocrx_word' id='word_1_741' title='bbox 1049 4753 1146 4818; x_wconf 89' lang='lat' dir='ltr'><strong>illud:</strong></span> <span class='ocrx_word' id='word_1_742' title='bbox 1269 4785 1295 4852; x_wconf 67' lang='lat'><strong>2)</strong></span> <span class='ocrx_word' id='word_1_743' title='bbox 1314 4733 1443 4841; x_wconf 54' lang='lat' dir='ltr'><strong>qiugdessn</strong></span> <span class='ocrx_word' id='word_1_744' title='bbox 1461 4731 1672 4854; x_wconf 48' lang='grc' dir='ltr'><strong>ἧῧοῦἓῗεὲῗτ</strong></span> <span class='ocrx_word' id='word_1_745' title='bbox 1691 4733 1750 4785; x_wconf 64' lang='lat'><strong>⁰²⁹⁸</strong></span> <span class='ocrx_word' id='word_1_746' title='bbox 1804 4758 1810 4770; x_wconf 88' lang='lat'>&#39;</span> 
     </span>
     <span class='ocr_line' id='line_1_53' title="bbox 1270 4851 2178 4922; baseline 0.004 -17"><span class='ocrx_word' id='word_1_747' title='bbox 1270 4852 1301 4920; x_wconf 88' lang='grc'><strong>3)</strong></span> <span class='ocrx_word' id='word_1_748' title='bbox 1320 4856 1402 4922; x_wconf 83' lang='lat' dir='ltr'><strong>atqui</strong></span> <span class='ocrx_word' id='word_1_749' title='bbox 1419 4895 1426 4907; x_wconf 97' lang='lat'><strong>.</strong></span> <span class='ocrx_word' id='word_1_750' title='bbox 1446 4895 1451 4907; x_wconf 94' lang='lat'><strong>.</strong></span> <span class='ocrx_word' id='word_1_751' title='bbox 1470 4893 1477 4906; x_wconf 89' lang='lat'><strong>.</strong></span> <span class='ocrx_word' id='word_1_752' title='bbox 1496 4895 1502 4908; x_wconf 89' lang='lat'><strong>.</strong></span> <span class='ocrx_word' id='word_1_753' title='bbox 1519 4852 1721 4922; x_wconf 88' lang='lat' dir='ltr'><strong>contemptibile</strong></span> <span class='ocrx_word' id='word_1_754' title='bbox 1746 4852 1828 4922; x_wconf 85' lang='lat' dir='ltr'><strong>eligit.</strong></span> <span class='ocrx_word' id='word_1_755' title='bbox 1865 4853 1923 4907; x_wconf 84' lang='lat' dir='ltr'><strong>Pro</strong></span> <span class='ocrx_word' id='word_1_756' title='bbox 1947 4851 1992 4906; x_wconf 78' lang='lat' dir='ltr'><strong>bia</strong></span> <span class='ocrx_word' id='word_1_757' title='bbox 2021 4852 2052 4905; x_wconf 81' lang='lat' dir='ltr'><strong>ia</strong></span> <span class='ocrx_word' id='word_1_758' title='bbox 2078 4852 2178 4920; x_wconf 72' lang='lat' dir='ltr'><strong>pellito</strong></span> 
     </span>
     <span class='ocr_line' id='line_1_54' title="bbox 240 4919 2181 4993; baseline 0.001 -18"><span class='ocrx_word' id='word_1_759' title='bbox 240 4922 270 4987; x_wconf 93' lang='grc'><strong>1)</strong></span> <span class='ocrx_word' id='word_1_760' title='bbox 289 4940 391 4980; x_wconf 88' lang='lat' dir='ltr'><strong>comme</strong></span> <span class='ocrx_word' id='word_1_761' title='bbox 409 4923 453 4979; x_wconf 86' lang='lat' dir='ltr'><strong>s&#39;il</strong></span> <span class='ocrx_word' id='word_1_762' title='bbox 470 4924 553 4979; x_wconf 86' lang='lat' dir='ltr'><strong>estoit</strong></span> <span class='ocrx_word' id='word_1_763' title='bbox 570 4941 605 4979; x_wconf 92' lang='lat' dir='ltr'><strong>un</strong></span> <span class='ocrx_word' id='word_1_764' title='bbox 623 4937 753 4978; x_wconf 87' lang='lat' dir='ltr'><strong>receveur</strong></span> <span class='ocrx_word' id='word_1_765' title='bbox 770 4922 906 4993; x_wconf 86' lang='lat' dir='ltr'><strong>publique.</strong></span> <span class='ocrx_word' id='word_1_766' title='bbox 1200 4922 1225 4976; x_wconf 84' lang='lat' dir='ltr'><strong>Ie</strong></span> <span class='ocrx_word' id='word_1_767' title='bbox 1249 4923 1312 4977; x_wconf 74' lang='lat' dir='ltr'><strong>&#39;tterz</strong></span> <span class='ocrx_word' id='word_1_768' title='bbox 1337 4923 1374 4976; x_wconf 90' lang='lat' dir='ltr'><strong>Or</strong></span> <span class='ocrx_word' id='word_1_769' title='bbox 1392 4923 1415 4977; x_wconf 86' lang='lat' dir='ltr'><strong>ei</strong></span> <span class='ocrx_word' id='word_1_770' title='bbox 1432 4937 1500 4976; x_wconf 89' lang='lat' dir='ltr'><strong>nous</strong></span> <span class='ocrx_word' id='word_1_771' title='bbox 1518 4937 1623 4992; x_wconf 84' lang='lat' dir='ltr'><strong>reyons</strong></span> <span class='ocrx_word' id='word_1_772' title='bbox 1641 4938 1676 4976; x_wconf 89' lang='lat' dir='ltr'><strong>au</strong></span> <span class='ocrx_word' id='word_1_773' title='bbox 1695 4920 1761 4976; x_wconf 86' lang='lat' dir='ltr'><strong>chef</strong></span> <span class='ocrx_word' id='word_1_774' title='bbox 1784 4938 1820 4976; x_wconf 92' lang='lat' dir='ltr'><strong>un</strong></span> <span class='ocrx_word' id='word_1_775' title='bbox 1846 4923 1885 4976; x_wconf 88' lang='lat' dir='ltr'><strong>tel</strong></span> <span class='ocrx_word' id='word_1_776' title='bbox 1911 4921 2034 4988; x_wconf 85' lang='lat' dir='ltr'><strong>exempla</strong></span> <span class='ocrx_word' id='word_1_777' title='bbox 2061 4919 2098 4976; x_wconf 89' lang='lat' dir='ltr'><strong>du</strong></span> <span class='ocrx_word' id='word_1_778' title='bbox 2124 4920 2181 4978; x_wconf 90' lang='lat' dir='ltr'><strong>ben</strong></span> 
     </span>
     <span class='ocr_line' id='line_1_55' title="bbox 238 4988 2180 5060; baseline 0.002 -17"><span class='ocrx_word' id='word_1_779' title='bbox 238 4990 269 5056; x_wconf 73' lang='lat'><strong>2)</strong></span> <span class='ocrx_word' id='word_1_780' title='bbox 287 4992 325 5046; x_wconf 85' lang='lat' dir='ltr'><strong>Et</strong></span> <span class='ocrx_word' id='word_1_781' title='bbox 343 4992 411 5048; x_wconf 84' lang='lat' dir='ltr'><strong>c’est</strong></span> <span class='ocrx_word' id='word_1_782' title='bbox 427 4992 580 5048; x_wconf 85' lang='lat' dir='ltr'><strong>merveilles</strong></span> <span class='ocrx_word' id='word_1_783' title='bbox 598 4998 731 5047; x_wconf 88' lang='lat' dir='ltr'><strong>comment</strong></span> <span class='ocrx_word' id='word_1_784' title='bbox 751 4991 793 5046; x_wconf 87' lang='lat' dir='ltr'><strong>les</strong></span> <span class='ocrx_word' id='word_1_785' title='bbox 811 4991 930 5047; x_wconf 83' lang='lat' dir='ltr'><strong>eunomia</strong></span> <span class='ocrx_word' id='word_1_786' title='bbox 956 4992 990 5046; x_wconf 90' lang='lat' dir='ltr'><strong>de</strong></span> <span class='ocrx_word' id='word_1_787' title='bbox 1012 4992 1148 5045; x_wconf 86' lang='lat' dir='ltr'><strong>l&#39;election</strong></span> <span class='ocrx_word' id='word_1_788' title='bbox 1200 4991 1297 5060; x_wconf 86' lang='lat' dir='ltr'><strong>paieir</strong></span> <span class='ocrx_word' id='word_1_789' title='bbox 1314 4990 1348 5046; x_wconf 87' lang='lat' dir='ltr'><strong>dc</strong></span> <span class='ocrx_word' id='word_1_790' title='bbox 1365 4990 1443 5058; x_wconf 86' lang='lat' dir='ltr'><strong>Dieu,</strong></span> <span class='ocrx_word' id='word_1_791' title='bbox 1461 4988 1528 5044; x_wconf 85' lang='lat' dir='ltr'><strong>e’est</strong></span> <span class='ocrx_word' id='word_1_792' title='bbox 1546 4990 1607 5045; x_wconf 89' lang='lat' dir='ltr'><strong>bien</strong></span> <span class='ocrx_word' id='word_1_793' title='bbox 1623 4991 1716 5045; x_wconf 86' lang='lat' dir='ltr'><strong>raison</strong></span> <span class='ocrx_word' id='word_1_794' title='bbox 1733 4988 1798 5058; x_wconf 88' lang='lat' dir='ltr'><strong>qu’il</strong></span> <span class='ocrx_word' id='word_1_795' title='bbox 1815 4992 1870 5046; x_wconf 86' lang='lat' dir='ltr'><strong>soit</strong></span> <span class='ocrx_word' id='word_1_796' title='bbox 1887 4990 1962 5044; x_wconf 87' lang='lat' dir='ltr'><strong>aussi</strong></span> <span class='ocrx_word' id='word_1_797' title='bbox 1978 5006 2099 5045; x_wconf 89' lang='lat' dir='ltr'><strong>reeonnu</strong></span> <span class='ocrx_word' id='word_1_798' title='bbox 2124 5007 2180 5047; x_wconf 89' lang='lat' dir='ltr'><strong>aux</strong></span> 
     </span>
     <span class='ocr_line' id='line_1_56' title="bbox 168 5058 1342 5117; baseline -0.003 -1"><span class='ocrx_word' id='word_1_799' title='bbox 168 5058 204 5116; x_wconf 90' lang='lat' dir='ltr'><strong>de</strong></span> <span class='ocrx_word' id='word_1_800' title='bbox 220 5060 292 5116; x_wconf 90' lang='lat' dir='ltr'><strong>Dieu</strong></span> <span class='ocrx_word' id='word_1_801' title='bbox 310 5068 389 5116; x_wconf 86' lang='lat' dir='ltr'><strong>esent</strong></span> <span class='ocrx_word' id='word_1_802' title='bbox 405 5062 474 5117; x_wconf 88' lang='lat' dir='ltr'><strong>ainsi</strong></span> <span class='ocrx_word' id='word_1_803' title='bbox 490 5067 587 5116; x_wconf 85' lang='lat' dir='ltr'><strong>mettre</strong></span> <span class='ocrx_word' id='word_1_804' title='bbox 604 5062 630 5115; x_wconf 88' lang='lat' dir='ltr'><strong>le</strong></span> <span class='ocrx_word' id='word_1_805' title='bbox 649 5059 805 5114; x_wconf 82' lang='lat' dir='ltr'><strong>londement</strong></span> <span class='ocrx_word' id='word_1_806' title='bbox 822 5060 856 5114; x_wconf 94' lang='lat' dir='ltr'><strong>de</strong></span> <span class='ocrx_word' id='word_1_807' title='bbox 874 5061 947 5116; x_wconf 89' lang='lat' dir='ltr'><strong>salut</strong></span> <span class='ocrx_word' id='word_1_808' title='bbox 964 5075 998 5116; x_wconf 80' lang='lat' dir='ltr'><strong>en</strong></span> <span class='ocrx_word' id='word_1_809' title='bbox 1015 5060 1043 5115; x_wconf 88' lang='lat' dir='ltr'><strong>la</strong></span> <span class='ocrx_word' id='word_1_810' title='bbox 1059 5061 1148 5116; x_wconf 89' lang='lat' dir='ltr'><strong>bonne</strong></span> <span class='ocrx_word' id='word_1_811' title='bbox 1200 5062 1342 5115; x_wconf 83' lang='lat' dir='ltr'><strong>membres.</strong></span> 
     </span>
    </p>
   </div>
   <div class='ocr_carea' id='block_1_5' title="bbox 167 5125 2180 5268">
    <p class='ocr_par' dir='ltr' id='par_1_5' title="bbox 167 5125 2180 5268">
     <span class='ocr_line' id='line_1_57' title="bbox 167 5125 1530 5197; baseline -0.001 -15"><span class='ocrx_word' id='word_1_812' title='bbox 167 5128 354 5184; x_wconf 79' lang='lat' dir='ltr'><strong>affectiondes</strong></span> <span class='ocrx_word' id='word_1_813' title='bbox 366 5130 486 5185; x_wconf 88' lang='lat' dir='ltr'><strong>hommes</strong></span> <span class='ocrx_word' id='word_1_814' title='bbox 512 5146 563 5184; x_wconf 86' lang='lat' dir='ltr'><strong>vsu</strong></span> <span class='ocrx_word' id='word_1_815' title='bbox 581 5145 633 5197; x_wconf 88' lang='lat' dir='ltr'><strong>quc</strong></span> <span class='ocrx_word' id='word_1_816' title='bbox 652 5134 725 5183; x_wconf 88' lang='lat' dir='ltr'><strong>ceste</strong></span> <span class='ocrx_word' id='word_1_817' title='bbox 739 5138 864 5183; x_wconf 86' lang='lat' dir='ltr'><strong>sentence</strong></span> <span class='ocrx_word' id='word_1_818' title='bbox 881 5136 922 5184; x_wconf 85' lang='lat' dir='ltr'><strong>est</strong></span> <span class='ocrx_word' id='word_1_819' title='bbox 937 5136 1039 5184; x_wconf 81' lang='lat' dir='ltr'><strong>tenter</strong></span> <span class='ocrx_word' id='word_1_820' title='bbox 1059 5145 1147 5184; x_wconf 86' lang='lat' dir='ltr'><strong>resse:</strong></span> <span class='ocrx_word' id='word_1_821' title='bbox 1269 5129 1300 5195; x_wconf 85' lang='lat'><strong>4)</strong></span> <span class='ocrx_word' id='word_1_822' title='bbox 1317 5128 1376 5183; x_wconf 89' lang='lat' dir='ltr'><strong>Lib.</strong></span> <span class='ocrx_word' id='word_1_823' title='bbox 1394 5125 1411 5179; x_wconf 90' lang='lat'>8</span> <span class='ocrx_word' id='word_1_824' title='bbox 1429 5142 1488 5194; x_wconf 87' lang='lat' dir='ltr'><strong>cap.</strong></span> <span class='ocrx_word' id='word_1_825' title='bbox 1505 5126 1530 5180; x_wconf 82' lang='lat'><strong>2.</strong></span> 
     </span>
     <span class='ocr_line' id='line_1_58' title="bbox 168 5145 2180 5268; baseline 0.001 -17"><span class='ocrx_word' id='word_1_826' title='bbox 168 5195 228 5265; x_wconf 71' lang='lat' dir='ltr'><strong>Qua</strong></span> <span class='ocrx_word' id='word_1_827' title='bbox 247 5213 278 5253; x_wconf 90' lang='lat' dir='ltr'><strong>ce</strong></span> <span class='ocrx_word' id='word_1_828' title='bbox 295 5195 365 5253; x_wconf 88' lang='lat' dir='ltr'><strong>u&#39;est</strong></span> <span class='ocrx_word' id='word_1_829' title='bbox 382 5201 460 5268; x_wconf 89' lang='lat' dir='ltr'><strong>point</strong></span> <span class='ocrx_word' id='word_1_830' title='bbox 477 5169 525 5253; x_wconf 89' lang='lat' dir='ltr'><strong>des</strong></span> <span class='ocrx_word' id='word_1_831' title='bbox 544 5212 659 5252; x_wconf 68' lang='lat' dir='ltr'><strong>oannes</strong></span> <span class='ocrx_word' id='word_1_832' title='bbox 676 5197 744 5251; x_wconf 87' lang='lat' dir='ltr'><strong>mais</strong></span> <span class='ocrx_word' id='word_1_833' title='bbox 762 5196 795 5252; x_wconf 92' lang='lat' dir='ltr'><strong>de</strong></span> <span class='ocrx_word' id='word_1_834' title='bbox 813 5196 883 5252; x_wconf 91' lang='lat' dir='ltr'><strong>Dieu</strong></span> <span class='ocrx_word' id='word_1_835' title='bbox 900 5198 946 5266; x_wconf 88' lang='lat' dir='ltr'><strong>qui</strong></span> <span class='ocrx_word' id='word_1_836' title='bbox 963 5145 1079 5267; x_wconf 78' lang='lat' dir='ltr'><strong>appede.</strong></span> <span class='ocrx_word' id='word_1_837' title='bbox 1270 5196 1301 5263; x_wconf 85' lang='grc'><strong>5)</strong></span> <span class='ocrx_word' id='word_1_838' title='bbox 1320 5195 1394 5251; x_wconf 79' lang='lat' dir='ltr'><strong>Add</strong></span> <span class='ocrx_word' id='word_1_839' title='bbox 1411 5210 1514 5250; x_wconf 87' lang='lat' dir='ltr'><strong>comme</strong></span> <span class='ocrx_word' id='word_1_840' title='bbox 1532 5195 1552 5249; x_wconf 91' lang='lat' dir='ltr'><strong>il</strong></span> <span class='ocrx_word' id='word_1_841' title='bbox 1570 5203 1612 5249; x_wconf 87' lang='lat' dir='ltr'><strong>est</strong></span> <span class='ocrx_word' id='word_1_842' title='bbox 1630 5196 1713 5250; x_wconf 79' lang='lat' dir='ltr'><strong>racitt</strong></span> <span class='ocrx_word' id='word_1_843' title='bbox 1732 5210 1765 5250; x_wconf 87' lang='lat' dir='ltr'><strong>en</strong></span> <span class='ocrx_word' id='word_1_844' title='bbox 1784 5194 1999 5252; x_wconf 81' lang='lat' dir='ltr'><strong>saintblatthicu</strong></span> <span class='ocrx_word' id='word_1_845' title='bbox 2017 5191 2180 5265; x_wconf 79' lang='lat' dir='ltr'><strong>(25,42ss.)</strong></span> 
     </span>
    </p>
   </div>
   <div class='ocr_carea' id='block_1_6' title="bbox 290 5279 1952 5354">
    <p class='ocr_par' dir='ltr' id='par_1_6' title="bbox 290 5279 1952 5354">
     <span class='ocr_line' id='line_1_59' title="bbox 290 5279 1952 5354; baseline -0.003 -16"><span class='ocrx_word' id='word_1_846' title='bbox 290 5282 403 5338; x_wconf 67' lang='lat' dir='ltr'><strong>Oderat·</strong></span> <span class='ocrx_word' id='word_1_847' title='bbox 416 5297 507 5354; x_wconf 78' lang='lat' dir='ltr'><strong>opera</strong></span> <span class='ocrx_word' id='word_1_848' title='bbox 549 5281 607 5340; x_wconf 89' lang='lat' dir='ltr'><strong>Vel.</strong></span> <span class='ocrx_word' id='word_1_849' title='bbox 631 5280 718 5339; x_wconf 78' lang='lat' dir='ltr'><strong>vm.</strong></span> <span class='ocrx_word' id='word_1_850' title='bbox 1916 5279 1952 5351; x_wconf 75' lang='lat'><strong>20</strong></span> 
     </span>
    </p>
   </div>
   <div class='ocr_carea' id='block_1_7' title="bbox 0 0 2398 5910">
    <p class='ocr_par' dir='ltr' id='par_1_7' title="bbox 0 0 2398 5910">
     <span class='ocr_line' id='line_1_60' title="bbox 0 0 2398 5910; baseline 0 0"><span class='ocrx_word' id='word_1_851' title='bbox 0 0 2398 5910; x_wconf 95' lang='lat' dir='ltr'><strong> </strong></span> 
     </span>
    </p>
   </div>
  </div>
 </body>
</html>
