4702 5926
235 359 299 421 495
976 347 1246 415 REFUTA'I'IO
1267 346 1502 414 ERRORUM
2181 351 2249 413 496

235 534 1216 708 speciositatem
1239 542 1244 719 ξ
1267 533 2249 704 &immaterialitatem

235 714 359 777 licetur.
404 708 500 790 Quae
531 709 677 792 loquutio
710 710 854 792 primum
882 707 990 772 aliena
1018 715 1069 770 est
1090 707 1131 771 ab
1153 726 1216 770 usu
1239 732 1243 793 g
1268 705 1450 770 haeredem
1470 706 1666 788 praecipites
1689 707 1842 791 agitans
1862 708 2030 791 superbia,
2059 716 2111 771 est
2132 717 2247 771 tamen

235 797 431 878 scripturae:
454 794 574 859 deinde
595 794 715 860 falsum
736 802 957 858 commentum
974 791 1099 874 resipit,
1122 793 1216 874 quasi
1238 804 1243 885 f
1267 799 1305 854 ut
1332 789 1511 872 plurimum
1539 789 1687 855 admixta
1713 792 1875 876 quaedam
1901 792 2076 857 temulenti
2102 792 2166 856 zeli
2193 793 2247 855 in-

234 883 371 966 spiritus
410 881 598 963 adoptionis
637 890 802 944 mortuam
839 880 939 944 fidem
973 878 1098 954 afferat,
1132 897 1215 959 quae
1239 897 1242 951 ξ
1267 876 1450 958 temperies
1465 879 1488 952 ¹)
1531 875 1614 940 Vita
1634 884 1746 942 autem
1768 876 1901 943 Serveti
1927 878 2034 962 magis
2056 878 2120 942 fuit
2140 877 2248 941 disso-

234 968 339 1032 ritam
357 965 476 1031 deiude
492 974 663 1030 mutuetur
679 986 700 1029 a
716 965 973 1049 regeneratione
996 961 1087 1026 Vera
1103 974 1214 1026 autem
1265 960 1353 1038 luta,
1375 981 1474 1043 quam
1496 970 1534 1025 ut
1554 962 1713 1044 suspicari
1734 962 1847 1041 lioeat,
1873 985 1985 1027 errore
1994 965 2024 1039 ²)
2045 961 2087 1026 ad
2107 962 2248 1027 turban-

233 1052 316 1118 lides
338 1050 510 1117 Christum
543 1050 790 1133 apprehendere
823 1071 892 1113 nou
924 1055 1032 1130 petest
1066 1052 1141 1125 [pag.
1160 1051 1216 1126 57]
1238 1049 1242 1120 ἰ
1266 1045 1343 1110 dam
1365 1046 1538 1112 ecelesiam
1559 1047 1661 1113 feisse
1680 1049 1871 1130 impulsum
1904 1049 2023 1130 Itaque
2040 1070 2062 1112 a
2080 1046 2248 1113 iudicibus

233 1139 269 1203 in
291 1139 461 1214 iustitiam,
494 1137 574 1219 quin
600 1136 700 1201 simul
728 1133 1009 1219 apprehendatis
1030 1133 1214 1197 sanctifica·
1238 1149 1241 1169 ¹
1264 1132 1300 1195 in
1322 1152 1453 1196 carcere
1474 1141 1610 1215 rogatus
1630 1134 1748 1216 (quum
1760 1135 1879 1199 crassis
1900 1134 2188 1217 superstitionibus
2207 1154 2248 1197 re

234 1226 368 1287 tionem
424 1221 542 1303 Itaque
576 1220 655 1302 quid
686 1221 746 1286 tibi
779 1220 877 1298 velis,
913 1240 978 1282 uon
1011 1238 1213 1300 assequerer,
1237 1195 1242 1326 ξ
1265 1218 1339 1298 ipsa
1359 1217 1566 1282 subscribere
1582 1239 1754 1301 nunquam
1768 1218 1960 1298 dubitasset,
1982 1218 2247 1284 liberioreetiam

234 1309 300 1374 nisi
316 1305 1037 1390 utcunquetuisdeliriisessemassuefactua
1059 1303 1212 1387 Ignosce:
1237 1336 1242 1354 e
1265 1300 1472 1385 indulgentia
1501 1323 1581 1386 prae
1613 1325 1649 1369 se
1682 1304 1814 1370 tulisset
1844 1326 1913 1369 nou
1947 1325 2146 1388 magnopere
2180 1303 2247 1368 nbi

233 1393 283 1458 ita
302 1413 358 1458 res
379 1414 433 1457 me
453 1392 542 1474 loqui
563 1393 660 1475 cogit
703 1393 778 1474 Ege
806 1400 838 1455 te
865 1411 925 1456 nee
946 1388 1010 1466 odi,
1044 1410 1105 1453 nec
1136 1409 1213 1472 conf
1237 1362 1242 1474 l
1266 1406 1365 1451 curae
1386 1408 1458 1452 esse
1472 1389 1538 1453 Dei
1558 1388 1738 1468 cultum)¹)
1760 1389 1850 1455 unde
1869 1391 1919 1454 illi
1936 1398 2050 1455 tannis
2071 1391 2181 1454 fervor
2201 1388 2248 1454 ad

234 1488 355 1555 temne,
390 1499 451 1542 nec
482 1477 599 1541 dumus
628 1477 782 1542 insectari
810 1475 919 1540 velim
963 1475 1067 1557 Atqui
1088 1475 1215 1538 ferreus
1237 1479 1242 1608 Ι
1265 1472 1516 1538 resnosaudas:
1537 1473 1710 1539 obmutuit
1732 1476 1803 1540 Nec
1819 1496 1899 1540 sane
1915 1484 1986 1541 eret
2003 1474 2090 1558 quod
2112 1475 2247 1554 diceret,

234 1564 309 1641 sinn
331 1563 397 1627 nisi
414 1583 632 1639 eommovear,
649 1583 751 1644 quum
769 1570 803 1625 te
820 1581 919 1626 sanae
936 1559 1103 1625 doctrinae
1120 1567 1216 1623 tants
1267 1559 1332 1620 nisi
1364 1578 1401 1622 sc
1421 1560 1457 1622 in
1474 1560 1574 1624 rebus
1595 1562 1697 1625 meris
1723 1562 1827 1626 fuisse
1848 1561 2020 1639 audacem,
2054 1560 2150 1643 quasi
2171 1559 2247 1626 Dee

234 1650 404 1732 protervia
423 1647 583 1712 insultare
605 1647 709 1712 video.
1238 1612 1243 1742 l
1267 1641 1404 1707 illudere
1431 1643 1554 1709 liceret
1597 1645 1641 1709 In
1660 1648 1733 1728 ipsa
1759 1667 1857 1729 porro
1885 1667 2002 1711 causae
2028 1647 2155 1710 acb'ene
2175 1666 2248 1710 non

322 1734 498 1798 Neminem
519 1734 590 1797 sine
609 1734 825 1815 promissione
858 1730 1029 1796 iustificari
1062 1729 1214 1796 concedo.
1238 1743 1243 1801 l
1267 1729 1466 1794 coniecturis
1498 1739 1627 1794 tantum
1659 1740 1789 1810 notata,
1829 1732 1887 1796 sed
1920 1733 2106 1796 manifestis
2140 1731 2247 1815 signis

236 1819 374 1897 Verum,
396 1818 522 1884 siiude
537 1819 661 1883 inferas
677 1839 745 1882 non
761 1818 933 1882 iustificari
950 1815 1116 1899 parrulos,
1138 1817 1216 1896 quia
1238 1811 1243 1898 ξ
1267 1811 1474 1895 deprehensa
1505 1816 1569 1879 fnit
1599 1816 1671 1881 eius
1701 1818 1862 1900 impietas
1910 1816 2025 1898 Qum
2052 1817 2177 1881 diceret
2203 1839 2246 1881 ex

234 1905 486 1987 promissionem
505 1924 573 1967 non
590 1904 781 1986 percipiant,
803 1904 917 1985 inepta
932 1903 998 1965 erit
1014 1920 1216 1982 consequen·
1239 1898 1243 1929 ¹
1267 1900 1402 1981 propria
1423 1900 1487 1963 Dei
1508 1900 1693 1965 substantia
1715 1924 1786 1967 esse
1808 1916 1924 1968 omnes
1941 1912 2123 1979 creaturas,
2146 1909 2246 1984 atque

233 1992 291 2053 tia
335 1990 451 2071 Neque
471 1989 561 2053 enim
589 1988 631 2052 ad
657 1990 747 2071 ipsos
774 1988 964 2072 diriguntur
990 1987 1215 2070 promissionis
1266 1984 1315 2047 ita
1335 1985 1449 2048 omnia
1471 2006 1543 2050 esse
1565 1985 1821 2071 deerumplena
1843 1988 2017 2070 (namhoc
2037 1987 2136 2051 modo
2158 1987 2246 2070 loqui

234 2075 346 2152 verba,
368 2073 427 2138 sed
448 2072 492 2137 ad
511 2084 631 2156 patres
1264 2079 1300 2133 et
1319 2069 1462 2134 scribere
1484 2071 1572 2151 quod
1598 2072 1777 2138 meditatus
1798 2083 1884 2150 erat,
1907 2094 1975 2138 nou
1997 2074 2160 2155 erubuit),
2183 2093 2245 2157 ego
2310 2099 2313 2103 ·

321 2159 431 2223 Homo
452 2160 602 2224 internus
623 2159 730 2223 Paulo
758 2179 825 2222 non
853 2158 1018 2241 significat
1044 2156 1215 2220 homiuem
1265 2153 1464 2238 indignitate
1485 2155 1680 2222 vulsmatus
1701 2168 1816 2223 contra
1841 2161 1970 2242 excepi:
2009 2157 2100 2237 Quid
2121 2158 2244 2223 miser?

234 2266 367 2323 nerum,
389 2243 666 2326 quemadmodum
687 2255 792 2326 putas.
822 2242 960 2321 Verum,
981 2244 1103 2307 omissa
1119 2239 1216 2305 verbi
1238 2293 1243 2360 Ι
1268 2240 1297 2304 si
1319 2241 1393 2321 quis
1424 2242 1653 2337 pavimentum
1677 2243 1740 2308 hoc
1761 2242 1930 2322 calcando,
1959 2265 1995 2308 se
2016 2243 2128 2308 Deum
2150 2252 2246 2308 tuum

234 2331 467 2406 controversia,
489 2331 518 2394 si
535 2331 648 2413 cupias
670 2350 713 2393 ex
734 2350 789 2393 me
809 2328 935 2394 discere
955 2328 1031 2411 quis
1052 2329 1097 2392 sit
1116 2326 1214 2391 homo
1237 2364 1242 2417 ᾗ
1266 2324 1393 2390 calcare
1413 2324 1517 2405 dioet,
1549 2348 1593 2391 an
1614 2349 1681 2392 non
1709 2338 1743 2393 te
1769 2329 1906 2412 pudebit
1925 2338 2039 2393 mutae
2060 2328 2246 2394 absurdita-

235 2418 367 2500 genitns
388 2437 430 2479 ex
452 2415 539 2479 Deo:
568 2416 712 2498 reperies
733 2414 865 2498 plenam
887 2415 959 2478 eius
980 2413 1028 2477 rei
1049 2412 1214 2477 defiuitio-
1237 2423 1242 2479 t
1266 2409 1332 2474 tis?
1342 2412 1372 2493 ⁴)
1416 2411 1510 2476 'lunc
1531 2412 1604 2477 ille:
1631 2413 1706 2497 Ego
1726 2435 1807 2478 vero
1828 2423 1861 2478 et
1883 2436 2055 2480 scamnum
2064 2416 2093 2490 ⁵)
2115 2414 2187 2492 bec,
2210 2423 2246 2479 ct

236 2522 312 2566 nem
333 2502 369 2565 in
391 2499 535 2565 soenndo
557 2500 781 2565 Institutionis
802 2500 917 2581 capite
926 2500 956 2581 ²)
1237 2489 1242 2560 l
1265 2494 1421 2578 quidquid
1439 2496 1601 2575 ostendes,
1623 2499 1687 2563 Dei
1704 2501 1924 2565 substantiam
1941 2522 2014 2565 esse
2033 2521 2100 2563 non
2121 2499 2245 2564 dubito.

321 2587 407 2650 Dice
428 2587 556 2649 animas
579 2595 710 2649 nocuas
731 2594 894 2666 quatenns
919 2582 984 2648 fide
1012 2590 1092 2648 sunt
1118 2603 1214 2647 reno-
1237 2580 1242 2654 i
1267 2580 1382 2662 Quum
1408 2603 1526 2647 rursus
1553 2585 1718 2649 obiectum
1742 2586 1840 2649 feret:
1873 2587 1966 2669 Ergo
1995 2585 2145 2649 diabolus
2166 2586 2245 2650 sub-

235 2682 342 2747 ratae,
364 2691 444 2734 vere
464 2671 500 2733 iu
521 2689 625 2734 coena
646 2670 691 2734 ali
708 2692 730 2734 a
746 2669 897 2734 Christe:
919 2689 981 2734 nec
1002 2688 1075 2733 esse
1096 2667 1214 2751 imagi·
1238 2669 1240 2676 ⁸
1266 2666 1467 2731 stantialitar
1487 2668 1581 2734 Deus
1609 2671 1686 2734 erit:
1720 2670 1776 2735 ille
1807 2672 1845 2733 in
1876 2671 2074 2736 eschinum
2099 2670 2243 2735 solutus:

236 2757 365 2821 uanam
389 2755 458 2820 illic
485 2756 813 2821 communicationem
833 2754 970 2831 Christi,
1005 2751 1064 2818 scd
1089 2773 1213 2816 veram
1266 2754 1322 2816 An
1343 2751 1407 2815 hoc
1427 2751 1520 2817 vobis
1547 2754 1685 2819 dubium
1712 2755 1785 2820 est?
1817 2756 1853 2820 in
1876 2758 1939 2820 uit:
1973 2756 2035 2821 hoc
2058 2776 2140 2820 vere
2161 2756 2244 2820 mihi

322 2839 417 2921 Quae
438 2841 538 2904 fuerit
558 2841 667 2924 gratia
686 2839 849 2905 adventas
871 2838 1007 2916 Christi,
1034 2836 1168 2919 etquid
1194 2858 1216 2900 a
1265 2837 1420 2920 generale
1438 2840 1637 2922 principium
1655 2852 1714 2918 est,
1736 2863 1779 2906 ex
1873 2863 1934 2908 uce
1956 2842 2021 2906 Dei
2041 2842 2151 2925 orts‘)
2173 2862 2245 2907 esse

236 2925 386 3008 patribus
408 2925 611 3002 differamus,
633 2926 778 3008 reperies
798 2926 834 2989 in
856 2925 963 3007 capite
983 2924 1024 2988 dc
1044 2923 1160 2987 Veteri
1182 2930 1217 2987 et
1267 2922 1394 2999 omnia,
1422 2932 1456 2987 et
1480 2946 1593 2989 rerum
1621 2936 1776 2991 naturam
1804 2948 1877 2992 esse
1904 2926 2158 2992 substantialem
2180 2926 2245 2992 Dei

236 3011 331 3076 Novo
360 3012 623 3089 Testamento.¹)
673 3011 775 3074 Farit
800 3011 966 3075 Dominus
996 3018 1035 3074 ut
1067 3007 1214 3091 deposito
1266 3009 1429 3089 spiritum.

236 3096 410 3178 supercilio
449 3097 613 3160 sustineas
651 3095 787 3160 humilis
825 3116 898 3160 esse
935 3094 1085 3160 veritatis
1118 3093 1215 3157 disci·
1238 3049 1243 3193 l
1353 3093 1526 3157 Prolatum
1547 3106 1600 3158 est
1619 3094 1851 3179 Geegrapbiae
1870 3097 2055 3162 Ptolemaei
2076 3097 2244 3175 volumen,

235 3183 345 3265 pules.
1239 3198 1344 3242 {eum
1356 3180 1429 3242 eins
1440 3180 1639 3261 praefatione
1651 3180 1788 3258 editum,
1802 3182 2047 3246 ubimouentur
2056 3182 2245 3266 lecteres,⁷)

1266 3265 2246 3419 ttatlffiffllttlfflmttdffl

1239 3385 1243 3511 l
1267 3443 1377 3497 torum
1409 3434 1495 3498 hanc
1527 3374 1700 3515 incultauli,
1740 3373 2035 3514 steiilemffi
2071 3438 2245 3505 dulcedine

1239 3536 1243 3596 t
1266 3530 1431 3584 serentem
1470 3519 1641 3603 depromit
1696 3522 1808 3604 Quum
1835 3524 1932 3588 initio
1969 3524 2243 3602 obmurmuraret,

321 3605 395 3670 Hoc
416 3609 553 3688 puto,⁴)
578 3605 717 3671 evidens
739 3607 873 3691 signnm
893 3606 958 3671 fuit
983 3607 1161 3689 praefracti
1181 3618 1216 3670 et
1239 3635 1243 3684 q
1267 3604 1329 3669 hoc
1357 3605 1398 3669 ab
1426 3604 1493 3669 alio
1514 3609 1673 3690 scriptum
1692 3629 1778 3674 esse:
1818 3619 1887 3672 tam
1908 3608 2066 3693 frigidum
2087 3610 2246 3675 cavillum

236 3689 444 3755 indomabilis
475 3691 628 3775 spiritns,
660 3691 747 3775 quod
770 3701 897 3756 tantum
930 3692 1011 3756 diris
1040 3701 1154 3775 pestes
1181 3702 1216 3757 et
1267 3690 1416 3755 refellere
1434 3701 1627 3774 promptum
1648 3694 1719 3758 fuit
1756 3695 1844 3758 Nam
1860 3694 1924 3759 boc
1941 3694 2037 3760 medo
2058 3694 2247 3777 deprehen·

236 3777 517 3841 exsecrationibus
538 3776 704 3860 agendum
721 3777 784 3840 sibi
824 3779 939 3841 utamt
962 3778 1061 3843 Certe
1077 3777 1214 3843 verbum
1266 3796 1324 3840 sus
1353 3785 1426 3840 erat
1457 3779 1651 3843 manifestus
1680 3779 1848 3862 impostor.
1899 3781 1991 3864 Ergo
2022 3780 2177 3847 redactus
2210 3782 2247 3844 in

235 3861 372 3925 Domini
392 3860 485 3925 feede
505 3882 566 3943 pre
577 3883 637 3925 sua
647 3862 783 3927 libidine
796 3800 986 3944 discerpens
999 3863 1087 3928 clare
1103 3873 1214 3928 esten-
1237 3863 1240 3916 ἕ
1265 3861 1339 3925 illm
1356 3863 1538 3944 angustias,
1561 3873 1652 3929 reete
1668 3866 1829 3947 scriptum
1846 3887 1920 3931 esse
1941 3865 2097 3931 defendit
2132 3867 2248 3950 Bega·

236 3945 299 4023 dit,
320 3966 441 4026 susque
459 3944 563 4027 deque
582 3947 645 4010 sibi
665 3967 738 4012 esse
760 3956 863 4011 totam
884 3948 943 4012 reli
971 3949 1093 4026 onem,
1116 3948 1213 4013 modo
1236 3920 1242 4033 l
1265 3957 1320 4011 tus
1341 3946 1460 4011 deinde
1481 3951 1633 4029 quisnam
1655 3970 1761 4014 vanus
1782 3950 1840 4014 ille
1861 3972 1979 4034 praeco
1998 3950 2144 4016 Iudaeae
2165 3953 2248 4015 fnis-

234 4029 437 4114 pstulantiae
461 4052 540 4095 suae
568 4051 694 4095 morem
719 4044 859 4115 gereret.
908 4035 941 4098 A
990 4033 1088 4110 baec,
1116 4034 1214 4116 quale
1236 4041 1241 4127 ξ
1265 4041 1316 4096 set
1336 4042 1470 4116 praeter
1490 4034 1655 4118 Moysen?
1684 4035 1790 4115 Quasi
1812 4036 1883 4113 alii,
1905 4038 2028 4119 inquit,
2049 4058 2118 4100 uon
2140 4037 2247 4120 scrip

155 4138 160 4144 ·
236 4115 278 4180 de
298 4136 338 4180 ee
359 4115 493 4180 bomine
510 4113 666 4181 iudicium
677 4117 830 4193 feremus,
852 4119 904 4181 cui
917 4119 979 4183 boc
994 4120 1213 4183 unumfuisse
1236 4129 1241 4198 ξ
1264 4118 1370 4181 serint
1397 4117 1439 4182 de
1460 4119 1594 4184 Iudaea
1642 4120 1709 4184 Hic
1735 4120 1821 4205 quod
1847 4143 1982 4187 neeesse
2013 4132 2086 4186 erat
2112 4124 2245 4205 excepi:

234 4203 441 4284 prepositum
463 4201 574 4283 palam
595 4211 656 4278 est,
677 4213 716 4265 ut
736 4202 892 4284 quidquid
914 4224 1061 4285 unquam
1078 4203 1120 4266 de
1136 4204 1213 4267 reli-
1236 4207 1239 4273 ἒ
1265 4202 1366 4267 Certe
1393 4214 1431 4266 ut
1457 4204 1515 4267 alii
1547 4226 1623 4270 cum
1645 4206 1762 4291 Moyse
1782 4209 2004 4285 consentiant,
2033 4209 2110 4289 quia
2132 4217 2247 4272 mmm

234 4289 332 4370 giem
354 4291 432 4365 [pag.
446 4292 501 4367 58]
524 4286 686 4351 traditum
707 4288 779 4364 fnit,
800 4286 894 4351 nulle
915 4287 1063 4351 adhibito
1084 4288 1214 4352 delectu
1236 4286 1241 4366 ᾗ

234 4371 445 4449 convelleret,
466 4374 532 4437 nisi
550 4372 637 4437 banc
655 4382 804 4456 captasse
815 4372 938 4437 laberis
955 4374 1212 4452 suimereedem,
1236 4379 1240 4498 ξ
1335 4424 1366 4488 1)
1384 4439 1488 4478 m
1505 4442 1557 4478 m
1575 4429 1753 4495 mmuh
1769 4429 1871 4482 uestes
1890 4431 1977 4497 mi
1995 4430 2055 4482 leur
2071 4430 2213 4483 mbifion

1237 4522 1238 4527 κ
1332 4490 1364 4555 2]
1381 4509 1434 4560 par
1450 4509 1545 4547 errcur
1561 4510 1596 4547 ou
1615 4495 1675 4548 sele
1692 4497 1870 4550 inconsidere

1236 4569 1241 4623 ἱ
1333 4560 1366 4625 3)
1389 4565 1456 4624 (vett
1481 4579 1535 4629 que
1560 4565 1653 4616 amis
1678 4564 1780 4618 u'aroit
1806 4565 1873 4618 faict
1899 4566 2028 4634 scrupeis
2050 4565 2149 4619 d’allcr
2174 4569 2195 4620 ὲ
2219 4567 2246 4620 ls

304 4624 335 4689 l)
355 4624 431 4678 m
456 4641 492 4679 cn
517 4642 580 4680 meu
606 4629 774 4693 Institutieu,
805 4644 837 4682 ce
867 4645 922 4697 quc
943 4628 1015 4683 men
1040 4629 1110 4684 n‘cn
1136 4631 1212 4683 croit
1236 4684 1240 4699 ,
1264 4645 1354 4682 meme
1377 4638 1406 4682 et
1429 4629 1583 4684 s'sccerder
1605 4647 1672 4685 arce
1699 4644 1791 4687 tentes
1813 4634 1855 4686 les
1876 4635 2068 4702 superstitious
2089 4634 2125 4688 dc
2147 4635 2178 4688 la
2195 4635 2245 4689 Pa·

235 4693 332 4748 deant.
1236 4724 1240 4736 ι
1264 4699 1362 4766 μηκέτ
1385 4713 1437 4750 ven
1455 4701 1528 4752 :usn
1544 4699 1610 4767 qu‘il
1627 4703 1701 4754 areis
1719 4704 1778 4754 oete
1795 4702 1933 4756 teudonis
1955 4703 2010 4755 beu
2027 4719 2201 4772 conpagnon
2218 4713 2246 4758 et

302 4761 334 4822 a)
353 4762 439 4815 Nnc
454 4763 501 4816 hb.
518 4761 563 4816 11.
580 4764 684 4830 capt
1236 4767 1448 4829 vbeurustre.)

301 4829 333 4895 3)
357 4829 435 4884 stne
455 4830 508 4884 XI.
523 4840 619 4899 m
635 4833 682 4886 be.
701 4834 745 4887 11.
763 4851 824 4902 cap.
843 4834 886 4886 10.
905 4835 947 4887 ll.
1236 4829 1239 4839 ⁵
1332 4833 1364 4897 4)
1382 4833 1543 4888 naumis-tu
1560 4838 1637 4903 point
1659 4836 1776 4890 herreur
1797 4836 1902 4891 d'svoir
1917 4839 2061 4893 meieni
2084 4839 2113 4892 la
2130 4842 2246 4895 maieste

300 4898 832 4965 flllicaeidateanter,cbcolutc
855 4902 1213 4971 campaneo-a
1236 4901 1237 4919 ¹
1264 4901 1649 4971 chieubtclepprobrs?

127 5027 129 5032 ,
231 4967 1239 5048 machiritarum-cummanum,
1331 4968 1703 5032 emarcescet-rtet

988 5037 1240 5091 debonis
1331 5036 1864 5108 blunepsrtiectportiondclticu.

1235 5132 1238 5156 r
1332 5104 2248 5172 DoblcdictSerretsevautcd’cnroircsttlecoerecoeur

807 5178 813 5187 ·
870 5174 2248 5301 mee‘sevoeeseeseffl*
