4800 5902
137 335 200 398 000
823 283 826 287 ’
901 332 1384 401 ramnusmuarmua.
2086 339 2152 402 290
2350 414 2353 422 ,

223 515 293 584 Nec
320 538 397 584 vero
430 518 527 584 ahter
553 524 640 583 stare
667 523 777 600 potest
810 518 1000 585 inviolabile
1029 518 1114 584 illud
1167 520 1293 602 (Ioann.
1321 524 1369 599 12,
1391 525 1448 602 4ος
1479 520 1599 586 Matth.
1626 523 1674 599 13,
1700 525 1739 586 14
1746 545 1755 601 ;
1788 521 1945 601 Marad,
1973 526 2027 603 123
2067 524 2144 591 Aet.

137 606 202 671 Dei
223 611 370 688 pactum:
396 604 471 687 Ego
496 624 570 668 snm
592 605 685 668 Deus
707 604 839 683 zelotes,
869 604 1055 669 misericors
1078 604 1113 668 in
1166 608 1224 682 28,
1247 608 1304 685 25;
1343 605 1425 670 Luc.
1450 610 1485 684 8,
1512 611 1566 686 ¹03
1606 606 1702 671 Rom.
1729 611 1782 686 ll,
1806 608 1850 692 8).
1896 607 2044 673 Mittitur
2065 629 2145 692 pro·

136 689 229 756 mille
257 689 499 773 generationes,
527 708 661 754 severus
682 687 772 752 ultor
800 688 961 770 usquein
980 690 1113 753 tertiam
1164 690 1267 772 pheta
1293 710 1368 755 oum
1394 689 1581 774 prodigioso
1606 692 1806 775 inspeciem
1826 691 1990 759 mandato.
2035 693 2142 774 Vade,

137 781 172 841 et
197 782 349 857 quartam
376 774 623 858 generationem
656 772 776 858 (Exod.
806 777 863 850 20,
897 775 1014 857 ess.):
1049 774 1113 838 nisi
1165 782 1199 839 et
1221 772 1273 839 die
1292 796 1335 858 po
1360 774 2142 856 010101οε101110001100100,01001010111-

136 860 301 926 Dominus
320 858 455 924 arbitrio
473 880 531 924 suo
554 858 728 936 discernat,
751 859 869 941 quibus
888 859 1028 942 gratiam
1045 858 1112 924 lar·
1163 859 1263 942 gatis:
1285 861 1319 925 vi
1343 867 1394 925 ete
1414 861 1584 940 visionem,
1606 868 1639 925 at
1660 883 1703 925 ne
1724 863 1936 946 cognoscatis.
1964 862 2144 948 Impingua

138 946 256 1030 giatur,
279 943 333 1010 vel
354 965 435 1028 quos
457 951 610 1009 aeternae
632 944 730 1008 morti
747 943 829 1009 velit
845 964 979 1008 manere
1002 943 1112 1008 addio·
1164 963 1221 1009 cor
1240 944 1353 1027 populi
1375 945 1490 1023 huius,
1514 954 1548 1010 et
1573 966 1668 1011 aures
1691 946 1762 1011 eius
1784 967 1944 1031 aggrava,
1973 955 2007 1013 et
2028 949 2139 1015 oeulos

138 1039 198 1097 tos.
227 1029 380 1095 Gratiam
403 1050 498 1094 suam
518 1029 554 1092 in
571 1028 782 1110 millenaque
800 1034 923 1093 aetates
941 1034 1110 1112 propagat.
1164 1029 1235 1094 eius
1257 1028 1385 1095 claude:
1414 1053 1456 1096 ne
1478 1031 1561 1096 forte
1582 1030 1693 1096 videat
1714 1031 1816 1098 oculis
1839 1033 1923 1110 suis,
1946 1040 1980 1096 et
2002 1033 2138 1099 auribus

139 1115 286 1198 Quaeso,
315 1136 359 1180 an
379 1114 509 1196 piorum
536 1114 620 1179 filios
647 1113 788 1197 propriis
809 1113 937 1178 meritis
959 1117 1034 1191 [pag.
1058 1118 1113 1192 69]
1164 1115 1232 1179 suis
1254 1114 1380 1194 audiat,
1409 1123 1443 1179 et
1470 1115 1567 1183 corde
1595 1116 1774 1200 intelligat,
1809 1124 1842 1182 et
1868 1126 2081 1183 convertatur
2102 1125 2142 1183 ιιι

138 1202 304 1279 aestimat,
338 1221 440 1283 quum
473 1198 654 1264 exhibitam
686 1199 837 1282 patribus
871 1198 1012 1282 gratiam
1045 1219 1112 1263 non
1164 1219 1279 1264 sanem
1301 1219 1385 1264 eum.
1432 1199 1529 1281 Quod
1558 1203 1793 1267 excaecationis
1821 1203 1973 1267 minister
2003 1211 2141 1270 vocatur

139 1287 204 1353 alia
225 1287 350 1351 ratione
372 1285 542 1350 continuat
558 1285 657 1349 etiam
679 1304 758 1367 erga
779 1283 876 1366 ipsos,
898 1284 961 1348 nisi
983 1283 1060 1366 quia
1078 1303 1113 1347 se
1164 1283 1332 1367 propheta,
1355 1285 1554 1351 accidentale
1576 1307 1648 1352 esse
1666 1288 1778 1352 fateor.
1812 1287 1855 1351 In
1872 1307 1970 1353 causa
1988 1309 2143 1355 excaeca-

139 1374 187 1438 110
214 1368 582 1452 facturum-promisit?
638 1368 806 1448 Abrahae,
841 1368 895 1451 qui
930 1368 1014 1432 nihil
1037 1387 1113 1450 pro·
1165 1369 1264 1433 tionis
1298 1371 1440 1435 vertitur
1472 1372 1626 1453 quaestio.
1684 1372 1805 1437 Fateor
1843 1394 1975 1438 rursum
2008 1374 2139 1458 ingrato

139 1459 277 1523 meritus
297 1462 384 1534 erat,
407 1454 506 1520 fidem
528 1475 623 1521 suam
643 1454 789 1552 gratuito
810 1453 1000 1537 obstringit,
1022 1475 1057 1519 se
1079 1453 1115 1517 in
1166 1452 1343 1537 rebellique
1381 1455 1502 1538 populo
1541 1478 1641 1539 quam
1683 1458 1822 1522 meritus
1862 1465 1933 1522 erat
1972 1463 2048 1536 [pag.
2084 1464 2138 1537 71]

141 1546 211 1610 eius
232 1542 372 1627 gratiam
394 1540 462 1604 foro
482 1540 619 1623 posteris
641 1560 677 1603 1n
700 1539 818 1604 Deum.
854 1538 945 1604 Hinc
968 1538 1114 1603 solennis
1165 1559 1304 1620 poenam
1331 1540 1487 1623 irrogari,
1521 1550 1559 1605 ut
1585 1542 1644 1606 lux
1666 1540 1714 1605 illi
1743 1542 1777 1606 in
1807 1543 1960 1608 tenebrae
1983 1549 2141 1609 vertatur.

140 1629 199 1693 illa
215 1628 521 1710 posteiusmortom
535 1624 758 1708 obtestatio:¹)
776 1621 1114 1689 RecordareDomine
1165 1625 1388 1690 Praecesserit
1414 1646 1492 1691 sane
1515 1632 1549 1689 et
1568 1626 1715 1711 maligna
1743 1634 1776 1693 et
1803 1628 1968 1692 obstinata
1989 1628 2143 1694 incredu-

141 1714 227 1780 servi
249 1713 298 1776 tui
320 1709 483 1776 Abrahae.
527 1710 594 1775 Hic
614 1716 702 1776 certe
728 1709 816 1773 inter
835 1708 985 1774 homiues
1007 1708 1113 1773 delec-
1165 1708 1256 1789 litas,
1290 1711 1342 1775 cui
1371 1710 1463 1775 Dens
1498 1711 1562 1776 tale
1590 1714 1774 1794 praemium
1800 1712 2008 1799 rependeret:
2024 1715 2049 1796 ¹)
2083 1711 2140 1778 sed

141 1807 194 1864 tus
222 1798 375 1863 habetur:
416 1815 521 1878 neque
554 1816 595 1859 ex
628 1795 784 1878 cuiusque
812 1795 953 1873 meritis,
986 1792 1044 1859 sed
1072 1815 1114 1858 ex
1166 1814 1269 1876 quum
1291 1802 1405 1878 postea
1426 1797 1541 1860 recitet
1562 1798 1733 1881 propheta,
1754 1798 1854 1863 fuisse
1875 1798 2017 1882 aliquem
2040 1798 2143 1864 selec-

141 1885 268 1950 sancito
307 1903 382 1947 cum
421 1881 570 1964 patribus
608 1878 746 1944 foedere.
803 1880 877 1944 Non
917 1877 1005 1962 quod
1044 1886 1114 1943 tota
1166 1885 1238 1944 tum
1266 1901 1456 1960 numerum,
1485 1882 1536 1945 cui
1564 1882 1652 1948 salus
1679 1904 1721 1947 ex
1743 1882 1807 1947 Dei
1834 1884 1937 1948 verbo
1964 1883 2144 1948 affulserit:

142 1968 296 2035 Abrahae
318 1966 504 2051 posteritas,
537 1985 621 2048 quac
649 1986 691 2029 ex
718 1985 756 2030 eo
778 1963 959 2030 secundum
981 1984 1114 2029 carnem
1165 1985 1267 2030 suane
1288 1966 1412 2030 virtute
1434 1966 1612 2049 effugerint
1633 1966 1791 2032 horribile
1808 1966 1891 2032 illud
1907 1968 2074 2048 iudicium,
2098 1989 2142 2033 an

142 2051 324 2131 descendit,
351 2051 436 2115 hanc
463 2051 726 2134 praerogativam
754 2056 875 2114 teneat:
915 2049 973 2115 sed
1001 2057 1114 2114 tamen
1165 2048 1229 2113 Dei
1252 2070 1352 2114 manu
1374 2052 1494 2115 retenti
1517 2051 1653 2129 fuerint,
1683 2052 1861 2133 quaeritur.
1907 2053 2017 2136 Magis
2039 2055 2140 2118 etiam
2249 2073 2258 2086 ’

141 2159 256 2205 eorum
283 2137 430 2201 omnium
461 2136 585 2218 quiex
614 2135 769 2202 Abrahae
794 2134 919 2199 senrine
947 2135 982 2199 in
1010 2135 1114 2199 vitam
1164 2142 1261 2217 urget
1287 2135 1391 2201 altera
1418 2136 1582 2218 quaestio:
1619 2134 1685 2216 Qui
1708 2138 1832 2202 factum
1854 2137 1911 2213 sit,
1942 2144 1980 2201 ut
2001 2158 2019 2202 e
2041 2138 2140 2203 turba

142 2222 286 2306 cooptati
313 2227 406 2299 sunt,
440 2227 473 2285 et
504 2220 585 2286 fides
617 2227 651 2285 01
680 2219 768 2285 salus
800 2219 876 2285 huic
905 2219 1115 2302 promissioni
1164 2219 1238 2298 illa,
1260 2220 1353 2285 cuius
1374 2242 1442 2286 non
1465 2220 1574 2303 dispar
1596 2229 1667 2286 erat
1687 2221 1917 2300 incredulitas,
1940 2222 2142 2305 resipuerint

58 2369 62 2375 .
145 2315 277 2391 accepta
302 2307 417 2371 referri
446 2304 550 2371 debet.
594 2305 721 2371 Eadem
749 2311 800 2369 est
829 2303 993 2370 vindictae
1019 2304 1113 2383 ratio,
1165 2304 1307 2387 quidam,
1329 2304 1519 2372 incurabilis
1541 2306 1682 2370 aliorum
1704 2307 1805 2371 fuerit
1825 2307 1968 2372 morbus.
2006 2307 2044 2373 Si
2088 2309 2140 2373 uis

142 2414 240 2478 quam
266 2394 354 2458 Deus
386 2391 422 2454 in
450 2392 580 2456 tertiam
613 2412 716 2474 usque
744 2396 777 2454 et
804 2395 955 2471 quartam
977 2409 1115 2474 genera·
1165 2388 1311 2455 humano
1337 2389 1455 2456 iudicio
1482 2412 1553 2456 rem
1582 2393 1747 2457 aestimet:
1779 2394 1814 2456 in
1846 2392 1926 2475 ipsis
1951 2391 2077 2458 homini
2101 2414 2141 2458 us

143 2481 266 2545 tionem
294 2477 492 2560 exsequitur.
540 2474 638 2557 Quod
666 2476 754 2540 enim
783 2475 926 2540 afferunt
954 2473 1114 2549 nonnulli,
1167 2474 1366 2540 discriminis
1394 2475 1541 2542 inveniet
1572 2497 1713 2543 causam.
1770 2479 1817 2542 At
1849 2478 1944 2543 Deus
1978 2500 2038 2543 nos
2073 2477 2140 2544 illic

143 2565 252 2649 puniri
274 2562 460 2647 quicunque
482 2560 632 2626 omnibus
654 2559 791 2626 saeculis
812 2561 1032 2642 peccaverint,
1056 2579 1115 2624 suo
1166 2559 1344 2626 subsistere
1366 2582 1433 2626 non
1453 2563 1593 2644 patitur:
1616 2563 1671 2645 qui
1694 2571 1840 2629 servatos
1862 2583 1922 2628 sua
1943 2564 2050 2647 gratia
2066 2584 2143 2646 pro·

143 2670 305 2732 quemque
327 2646 452 2726 ordine,
474 2646 548 2729 plus
571 2668 670 2729 quam
688 2644 842 2710 frivolum
864 2651 922 2709 est.
957 2644 1014 2710 Sic
1036 2644 1115 2709 olim
1166 2647 1315 2724 nunciat,
1363 2653 1522 2729 quotquot
1566 2669 1773 2713 communem
1819 2648 2030 2714 defectionem
2075 2669 2144 2714 non

143 2733 332 2818 Pelagiani,
365 2753 465 2816 quum
496 2753 538 2796 ex
570 2732 753 2815 scripturae
785 2730 999 2808 testimoniis,
1033 2750 1115 2812 quae
1166 2732 1397 2816 sequuntur.²)
1446 2732 1690 2815 Resipiscantia
1721 2740 1833 2798 autem
1861 2734 1944 2817 quin*
1972 2734 2144 2816 proprium

141 2840 256 2884 omnes
283 2820 320 2882 in
348 2817 456 2882 Adam
507 2836 633 2882 eccasse
666 2815 859 2894 ostendunt,
894 2813 1048 2899 expedire
1079 2836 1115 2879 se
1166 2815 1237 2880 eius
1266 2836 1349 2900 opus
1375 2817 1434 2894 sit,
1462 2818 1496 2881 iu
1524 2819 1783 2884 controversiam
1810 2821 1920 2885 vocari
1947 2840 2015 2884 non
2035 2817 2143 2885 debet.

142 2906 333 2988 nequirent,
361 2838 613 2981 cavilladantur,
635 2902 820 2966 imitatione
840 2920 1000 2985 peccasse.
1046 2897 1116 2965 Sed
1166 2902 1255 2966 Vere
1276 2902 1379 2985 igitur
1399 2901 1441 2966 ab
1463 2903 1652 2987 Augustino
1660 2903 1689 2988 8)
1712 2902 1837 2970 dictum
1858 2925 1930 2969 esse
1952 2911 2143 2988 apparete

141 2987 417 3076 quemadmodum
449 3008 505 3053 eos
540 2988 702 3072 urgebant
736 2986 782 3071 pii
822 2984 983 3065 doctores,
1021 2982 1115 3050 Adae
1165 2983 1310 3052 Domino
1332 2988 1481 3054 converti
1524 3008 1583 3053 uos
1605 2988 1676 3071 ipse
1698 3011 1873 3056 conversos
1896 2988 2055 3070 voluerit,
2084 2992 2142 3074 qui

141 3082 236 3141 reatu
259 3095 337 3140 vere
356 3094 469 3139 omnes
492 3072 673 3152 damnatos,
695 3093 759 3156 quo
781 3071 908 3137 Christi
930 3071 1038 3156 gratia
1060 3090 1115 3136 eos
1165 3092 1231 3137 non
1253 3078 1382 3138 tantum
1405 3093 1447 3137 ex
1469 3008 1657 3139 malentibus
1679 3075 1827 3141 volentes
1848 3075 1941 3153 facit,
1960 3074 2019 3141 sed
2041 3077 2143 3142 etiam

140 3159 295 3227 absolvit:
317 3161 363 3223 ita
382 3159 419 3223 in
441 3160 606 3243 praesenti
624 3178 730 3235 causa,
754 3164 792 3222 ut
808 3158 940 3222 intereo
955 3155 1116 3221 antitheta
1166 3177 1208 3222 ex
1229 3157 1315 3241 lupis
1338 3177 1430 3238 oves,
1454 3179 1496 3224 ex
1517 3162 1808 3243 persequutoribus
1830 3167 2009 3246 martyres,
2032 3161 2142 3244 gratia

142 3244 371 3330 respondeant,
394 3264 525 3310 0000000
548 3244 654 3309 estin
676 3243 820 3308 filiorum
841 3263 982 3326 persona
1004 3242 1115 3307 Deum
1165 3243 1349 3326 potentiore
1382 3263 1438 3309 eos
1471 3244 1661 3310 reformans.
1707 3244 1746 3310 Si
1777 3246 1940 3324 melitia⁴)
1972 3245 2139 3311 obiicitur:

141 3332 270 3409 ulcisci,
303 3352 386 3414 quae
417 3330 454 3394 in
483 3330 632 3413 patribus
659 3335 794 3411 peccate
822 3327 1000 3393 damnavit.
1045 3327 1116 3391 Nee
1166 3328 1330 3410 potentior
1358 3335 1445 3393 esset
1466 3328 1531 3393 Dei
1553 3329 1674 3412 gratia,
1702 3330 1835 3413 qualem
1861 3351 1897 3395 se
1919 3351 1999 3414 erga
2021 3330 2140 3396 electos
2252 3334 2258 3347 ’

141 3437 222 3480 sane
244 3416 339 3480 aliter
357 3435 521 3498 exponere
539 3415 617 3481 licet
634 3413 818 3497 complures
835 3414 1017 3496 scripturae
1040 3416 1114 3490 [pag.
1166 3411 1317 3491 ostendit,
1339 3414 1404 3478 nisi
1425 3434 1543 3478 verum
1566 3421 1652 3480 esset
1672 3413 1764 3494 illud,
1786 3415 1934 3480 misereri
1953 3416 2142 3481 eumenius

145 3504 200 3579 70]
220 3500 323 3578 locos,
353 3500 407 3565 ubi
429 3521 464 3566 se
485 3507 627 3566 testetur
647 3500 783 3564 reiicere
802 3498 963 3564 maiorum
986 3504 1116 3581 peecata
1165 3499 1349 3563 miseretur.
1385 3498 1432 3562 Et
1451 3498 1547 3564 Pauli
1570 3499 1799 3582 interpretatio
1821 3498 1906 3563 nihil
1929 3498 2140 3566 dubitationis

143 3587 178 3650 in
200 3585 310 3649 sinum
331 3584 474 3650 filiorum
496 3585 615 3670 (Exod.
639 3589 690 3663 31,
715 3588 749 3664 7;
783 3584 882 3648 Dent
907 3588 942 3661 5,
968 3587 986 3647 9
993 3606 1001 3663 ;
1030 3582 1113 3647 Iere.
1166 3583 1323 3666 relinquit
1344 3584 1453 3662 (Rom.
1469 3587 1517 3661 11,
1538 3585 1582 3667 1).
1610 3585 1790 3667 Postquam
1812 3585 1898 3648 enim
1923 3583 2016 3664 dixit,
2037 3587 2142 3651 fixam

143 3669 291 3752 32,18).
336 3669 477 3735 Frustra
504 3678 614 3735 antem
640 3668 791 3736 obiicitur
820 3667 903 3733 illud
931 3667 1115 3733 Ezechielis
1166 3669 1230 3733 Dei
1252 3667 1444 3734 electionem
1466 3668 1576 3749 fuisse,
1599 3667 1700 3747 addit,
1729 3669 1871 3753 reliquos
1893 3691 1964 3736 esse
1987 3676 2062 3750 [pag.
2086 3676 2141 3751 72]

142 3756 210 3841 (18,
230 3759 248 3819 2
263 3755 381 3840 seqq.):
408 3755 515 3821 Filius
532 3777 598 3821 non
616 3755 760 3838 portabit
776 3754 880 3837 patris
897 3753 1115 3835 iniquitatem,
1165 3760 1363 3833 excaecatos,
1385 3760 1423 3818 ut
1443 3753 1623 3839 impleatur
1639 3755 1832 3820 vaticinium
1848 3755 1946 3820 istud.
1980 3755 2144 3835 (1000010,

141 3841 198 3908 sed
229 3840 341 3906 anima
367 3861 450 3923 quae
476 3841 676 3924 peccaverit,
708 3841 782 3905 isa
812 3839 979 3904 morietur.
1029 3835 1116 3919 Quia
1166 3839 1386 3905 voluntariam
1430 3859 1503 3906 esse
1548 3840 1753 3919 caecitatem,
1796 3848 1829 3905 et
1871 3860 1984 3906 eorum
2029 3842 2145 3925 culpae

142 3927 223 3993 haec
246 3925 409 3992 vindictae
432 3933 596 4009 pareest,
620 3925 706 4009 quod
762 3924 891 3990 ominus
913 3922 1033 4006 spiritu
1055 3942 1115 3988 suo
1165 3922 1306 3989 libenter
1346 3922 1504 3991 adscribo.
1559 3923 1627 3991 Sed
1667 3925 1763 3991 audit
1802 3946 1963 4009 quosnam
2003 3927 2146 4011 excipiat

142 4011 249 4078 nudos
278 4018 312 4076 et
338 4032 457 4077 vacuos
489 4010 657 4095 relinquit:
699 4030 762 4094 quo
795 4010 850 4086 fit,
883 4016 921 4074 ut
949 4008 1115 4092 propriam
1166 4008 1305 4074 Paulus:
1346 4031 1465 4095 nempe
1498 4032 1582 4098 quos,
1610 4010 1731 4095 eligere
1763 4012 1909 4077 Domino
1940 4013 2051 4078 visum
2085 4019 2145 4079 est.

142 4098 280 4181 quisque
310 4097 442 4180 culpam
475 4098 646 4162 sustineat.
701 4096 812 4161 Lucre
845 4115 924 4178 ergo
953 4094 1115 4159 maiorum
1166 4093 1237 4160 Our
1258 4097 1447 4162 autemhos
1468 4097 1696 4180 potiusquam
1718 4096 1800 4174 illos,
1824 4117 1867 4161 ne
1888 4097 2146 4163 identidemex-

142 4188 275 4266 peccata
297 4181 451 4247 dicuntur
496 4183 605 4261 osteri,
629 4203 697 4246 non
713 4180 870 4246 immeriti
890 4180 943 4280 <ut
959 4179 1115 4262 proteum
1166 4181 1283 4264 eipere‘
1317 4181 1421 4265 igeat:
1444 4182 1520 4246 Non
1539 4203 1610 4247 esee
1628 4182 1770 4248 hominis
1789 4182 1919 4267 litigare
1936 4202 2011 4248 cum
2022 4185 2103 4248 Deo.
2113 4183 2143 4267 1)

142 4266 197 4332 ille
219 4266 355 4351 poeta2)
375 4202 538 4352 cantillat)
569 4266 626 4334 scd
654 4266 716 4334 hoc
738 4268 808 4350 ipso
830 4267 935 4345 nomi,
984 4263 1049 4330 uod
1076 4271 1116 4329 ut
1166 4263 1223 4331 Sic
1245 4203 1322 4332 alili
1344 4266 1433 4351 (Aet.
1458 4270 1509 4347 28,
1533 4267 1589 4350 25)
1610 4266 1698 4332 idem
1718 4267 1854 4348 Paulus,
1877 4289 1981 4351 quum
2003 4268 2145 4348 Iudaeis,

143 4358 263 4417 natura
284 4359 363 4417 sunt
383 4352 444 4418 filii
463 4353 534 4418 irae
555 4352 693 4453 (Ephes.
718 4355 747 4431 2,
773 4352 816 4434 3),
839 4286 1115 4434 quemadmodum
1658 4390 1668 4404 „
1938 4371 1946 4384 ·

143 4434 289 4518 binim?
324 4436 467 4537 paulus,
501 4457 638 4537 ,Pl'0P1'19
662 4436 802 4537 ,mss0ni0
840 4435 980 4535 1131Ῐο1ξο,
1001 4435 1116 4500 mm'lifl
1237 4467 1621 4540 1111100010000010
1657 4472 1764 4527 nestion
1780 4470 1852 4528 n‘est
1867 4488 1918 4542 pas
1937 4489 2036 4529 encore
2055 4477 2142 4532 soloe.

143 4528 296 4587 aeternae
322 4543 388 4586 ram
417 4544 437 4588 a
459 4544 567 4607 pruma
588 4543 714 4607 ongme
731 4520 889 4588 haeredes
910 4520 996 4584 nlhll
1016 4539 1116 4603 quam
1235 4535 1266 4602 2)
1286 4536 1360 4592 Add.
1383 4538 1473 4593 Ieme
1491 4540 1560 4607 suis,
1578 4488 1662 4607 dit-il,
1684 4539 1768 4607 garde
1787 4545 1848 4609 sept
1865 4540 1938 4595 mille
1956 4542 2077 4598 hommes
2096 4545 2143 4614 qui

138 4627 242 4673 suum
262 4607 435 4673 interitum
456 4608 588 4674 assiduo
609 4629 768 4692 procursu
790 4628 912 4692 augere
931 4611 1079 4689 possunt.
1167 4604 1243 4661 u'ont
1259 4607 1337 4674 point
1353 4605 1435 4729 101οἕ1
1453 4606 1479 4660 10
1497 4607 1607 4676 genouil
1624 4606 1724 4661 devant
1739 4606 1828 4662 111010
1847 4608 1881 4663 10
1900 4609 1976 4664 Baal.

228 4692 295 4757 Hi⁰
316 4700 445 4778 qu⁰ql¹⁰
462 4695 571 4761 1⁰⁰¹¹m
587 4693 714 4761 Imm
736 4696 781 4778 (6⁹
801 4694 836 4777 9)
854 4712 1027 4776 ⁸¹P⁰n⁰r⁰’
1050 4710 1116 4755 ΜΠ
1237 4672 1269 4806 Ξ)
1285 4673 1947 4811 bibonlebicdtrdehhbllhandrtallddndhbphdmmes
1964 4749 2063 4801 resiste
2081 4747 2145 4802 110

142 4777 414 4878 inteml'ffiiivum
453 4781 529 4846 ⁰¹5&
570 4800 668 4864 quem
706 4800 772 4845 ¹¹⁰⁰
809 4779 869 4878 ‚abs
907 4799 943 4878 1'0,
982 4776 1117 4876 spiritu?
1169 4810 1451 4881 macedeDieu,ie
1475 4811 2145 4884 1000000101ιο00010300001011000110

143 4871 276 4929 sanctus
308 4886 343 4928 ιιι
375 4885 461 4933 novo
499 4873 697 4932 testamento
730 4866 835 4931 voluit
873 4883 980 4929 sexlee
1012 4867 1117 4944 repetl
1171 4882 1373 4948 promettses
1391 4879 1468 4934 eleuz
1486 4879 2143 4952 0000111001000001001100000100010000

335 4962 339 4969 ’
1170 4953 1248 5004 10010
1265 4949 1375 5011 malice,
1392 4965 1462 5018 pour
1478 4948 1507 5002 la
1524 4954 1688 5017 surmonter,
1706 4947 1823 5003 n'cstoit·
1834 4964 1886 5018 que
1905 4965 1937 5006 00
1954 4949 2020 5019 qu’il
2035 4951 2076 5006 dit
2092 4965 2145 5020 par

1170 5017 1267 5086 Moyse
1285 5032 1303 5072 a
1319 5017 1387 5073 lieu:
1405 5015 1511 5085 l’auray
1526 5017 1592 5085 pitie
1609 5023 1656 5072 etc.

213 5084 244 5151 1)
263 5092 338 5140 00010
356 5086 438 5155 10000
460 5086 494 5142 10
516 5087 591 5156 prier
608 5088 654 5156 qui
671 5088 753 5144 estoit
769 5086 959 5143 acccustumte
982 5087 1059 5139 entre
1077 5082 1119 5139 les
1210 5153 1217 5166 ι
1240 5083 1267 5206 ὅ)
1284 5085 1305 5139 il
1321 5101 1356 5140 ne
1373 5102 1442 5166 nous
1459 5086 1519 5140 faut
1536 5085 1612 5166 avoir
1626 5087 1710 5141 hante
1722 5083 1756 5140 de
1770 5086 1885 5141 reiteret
1895 5086 1968 5142 mille
1980 5087 2034 5144 1011
2047 5090 2064 5145 1
2075 5103 2147 5147 ceux

142 5151 240 5207 fideles
259 5167 324 5208 sous
342 5155 458 5211 l’ancien
476 5161 630 5210 testament
1172 5169 1218 5222 qm
1234 5153 1358 5234 paident
1374 5155 1443 5209 ainsi
1460 5159 1554 5209 000100
1571 5153 1654 5209 Dren:
1673 5153 1696 5208 0
1714 5155 1829 5223 homme,
1847 5156 1895 5226 qui
1911 5158 2004 5214 estu?
2036 5156 2149 5217 Comme

212 5220 361 5284 21Ηο001.
382 5221 433 5279 01.
451 5223 501 5278 111.
519 5222 545 5294 6,
564 5222 587 5278 1.
1172 5237 1247 5277 ausu
1264 5221 1290 5276 8.
1309 5223 1443 5291 Angustia
1460 5223 1486 5278 lc
1504 5228 1655 5279 remonstre
1675 5222 1811 5290 (debono
1829 5239 1936 5293 persar.
1955 5243 1977 5283 0.
1996 5223 2053 5295 12).

248 5304 360 5364 (1010101
374 5324 466 5381 opera
506 5310 562 5366 Vol.
585 5307 671 5365 VIII.
1730 5311 1734 5323 '
1905 5309 1941 5366 19
