4762 5918
1027 363 1395 432 PROLECOMIINA.
2049 367 2177 434 XXIII

162 551 356 620 methodum
380 552 588 636 exigendum.
621 544 795 620 Nescimus
816 553 947 637 quidem
970 561 1134 637 quatenus
1156 553 1204 617 illi
1225 553 1305 618 talia
1326 552 1579 617 monentiautor
1601 574 1725 618 morem
1748 555 1899 638 gesserim
1921 555 2047 620 monita
2064 564 2176 621 autem

165 667 300 730 omnino
318 664 512 749 neglexisse,
535 686 616 747 quac
636 675 745 731 tamon
768 664 838 748 ipse
859 665 1092 747 postulaverat,
1115 686 1220 747 neque
1243 665 1343 730 ullam
1365 684 1478 728 eorum
1496 665 1657 729 rationem
1677 666 1838 743 habuisse,
1857 666 2056 732 minusvero
2068 668 2176 732 simile

164 774 304 840 ridetur.
357 775 484 841 Eodem
516 774 650 840 demum
678 775 731 841 die
760 780 809 841 21.
839 776 988 842 Ianuarii
1016 776 1176 841 Calvinus
1204 783 1380 840 tractatum
1409 795 1507 839 suum
1540 776 1737 841 Consulibus
1764 784 1797 841 et
1825 778 1955 842 senatui
1984 756 2176 844 Genevensi

165 870 374 972 praesentem
395 887 525 964 obtulit,
548 888 647 953 simul
670 889 801 953 veniam
823 897 938 971 petens
960 895 1000 951 01
1020 889 1081 953 sibi
1103 886 1216 954 liceret
1237 898 1375 969 utroquo
1394 906 1545 951 sermone
1563 887 1726 952 edendum
1738 889 1829 969 prelo
1841 890 2041 954 submittere.
2078 889 2176 971 Quod

164 1019 232 1064 non
254 998 367 1063 statim
389 998 581 1081 impetravit
603 1021 622 1064 a
644 999 792 1080 patribus
819 999 1026 1081 conscriptis,
1055 998 1178 1065 scilicet
1197 999 1263 1062 iam
1289 997 1396 1063 taedio
1425 1000 1529 1081 captis
1558 1000 1799 1064 controversiae
1829 1021 1911 1083 quae
1939 1002 2027 1083 ipsos
2049 1002 2176 1068 tamdiu

167 1108 356 1174 detinuerat
377 1118 410 1173 et
432 1108 553 1174 civium
577 1111 705 1175 animos
727 1132 794 1174 non
817 1131 933 1192 parum
957 1111 1155 1176 turbaverat.
1201 1112 1287 1175 Ecce
1309 1130 1393 1192 quae
1415 1110 1573 1195 leguntur
1599 1131 1639 1174 ea
1664 1109 1704 1175 de
1731 1112 1822 1174 rein
1847 1110 2101 1177 Commentariis
2122 1134 2176 1178 ac-

166 1227 277 1284 torum
302 1229 436 1286 senatus
459 1222 691 1306 (Registres
713 1221 763 1286 du
785 1222 967 1298 Conseil)
990 1223 1024 1286 in
1048 1222 1202 1288 Archivis
1223 1221 1476 1288 Genovensibus
1499 1223 1676 1288 asservatis
1699 1223 1791 1286 Tem.
1815 1226 1855 1284 46
1879 1223 1932 1287 fol.
1956 1227 2016 1286 138
2036 1246 2082 1289 v.:
2109 1224 2177 1288 Pur

164 1331 304 1416 eneam
322 1333 360 1397 de
382 1330 429 1396 Μ
443 1330 554 1397 Calain
574 1334 618 1398 les
640 1333 800 1398 ministres
821 1332 895 1396 110111
911 1333 1045 1415 prspese'
1066 1354 1124 1415 que
1141 1355 1227 1415 pour
1248 1334 1370 1398 cultant
1391 1355 1450 1416 que
1466 1335 1632 1415 plusieurs
1649 1338 1715 1397 tunt
1736 1354 1773 1397 en
1793 1333 1962 1415 Italiaque
1980 1335 2082 1399 eultre
2097 1341 2178 1415 pert

166 1441 240 1508 110111
261 1445 376 1524 eseript
396 1463 509 1509 1000100
530 1448 631 1509 contre
652 1445 727 1509 cute
755 1444 793 1509 de
821 1443 853 1508 lo
879 1445 1007 1508 mutiere
1033 1445 1108 1509 dent
1135 1450 1180 1509 est
1208 1445 1268 1509 este
1296 1447 1435 1526 question
1452 1446 1677 1510 densiorement
1708 1451 1788 1509 ent-re
1811 1445 1853 1509 H.
1886 1444 1994 1510 Bone
2022 1447 2079 1528 qui
2109 1452 2199 1512 sont·

165 1553 271 1620 edoses
293 1554 349 1636 qui
371 1555 515 1619 meritant
535 1555 605 1619 bien
625 1576 787 1637 response:
802 1576 969 1638 perreuey
990 1561 1074 1620 entre
1095 1556 1169 1620 euin
1190 1557 1235 1620 ile
1256 1556 1328 1620 dent
1349 1557 1489 1635 composi
1509 1577 1573 1638 unp
1594 1556 1672 1623 liure
1694 1557 1779 1636 quite
1805 1557 2005 1639 eeuldrepent
2031 1558 2178 1622 vetontier

164 1665 272 1730 dedier
299 1666 320 1729 ὰ
344 1666 376 1730 le
398 1666 573 1749 seipnenrie
593 1648 622 1731 et
648 1667 748 1749 ieelup
770 1668 934 1746 imprimes
961 1687 999 1731 en
1020 1666 1099 1730 leti-n
1122 1673 1149 1730 et
1170 1688 1206 1731 en
1227 1668 1377 1750 sreneeps
1395 1687 1480 1749 peur
1503 1687 1632 1749 eneeper
1658 1688 1695 1730 en
1718 1667 1895 1750 Alemupne
1921 1668 1963 1732 sil
1979 1668 2177 1749 pleioteta

162 1777 340 1859 seipneurie
361 1777 430 1842 leur
452 1778 568 1842 donner
590 1779 714 1844 1100000.Ι
741 1797 774 1843 oe
795 1778 881 1859 quite
902 1778 1067 1858 implorent
1087 1780 1222 1844 mnebien
1243 1779 1317 1860 qu’d
1333 1785 1461 1859 present
1488 1779 1514 1842 il
1534 1799 1614 1860 nepe
1632 1779 1835 1860 opponique
1853 1778 2177 1861 laprefueedeultent

162 1909 222 1969 erre
244 1889 373 1954 teliore
394 1894 439 1955 est
460 1890 481 1953 ὰ
510 1890 690 1954 Leusonna
742 1889 872 1955 Arrestd
900 1910 958 1971 pue
984 1889 1028 1953 ile
1050 1895 1214 1970 apportent
1238 1890 1266 1954 le
1292 1890 1369 1954 liure
1395 1896 1423 1954 et
1444 1891 1496 1956 len
1518 1891 1545 1953 le
1564 1891 1633 1971 fuce
1653 1891 1738 1954 eeeir
1760 1889 1782 1952 ὰ
1803 1889 1867 1954 Me.
1891 1889 2058 1972 Relinquet
2079 1897 2107 1956 et
2129 1890 2175 1956 M.

166 2000 304 2066 Troliiet.
350 2001 477 2066 Ibidem
500 2001 553 2065 fol.
580 2006 641 2065 140
664 1998 704 2064 ad
728 2005 768 2064 25
790 2002 951 2067 Ianuarii:
990 2000 1054 2065 Sus
1072 2002 1105 2066 lu
1122 2001 1233 2065 lecture
1252 2002 1291 2067 de
1311 2001 1344 2066 lu
1359 2001 1488 2083 prefoee
1510 2002 1554 2067 du
1577 2001 1655 2066 livre
1685 2001 1812 2066 adressi
1833 2002 1854 2064 d
1876 2001 1909 2065 le
1926 2002 2100 2087 seigneurie
2121 2004 2177 2068 des

161 2111 259 2193 soiete
276 2111 409 2177 debetur
430 2133 560 2194 evesque
581 2112 673 2178 Hier.
695 2112 804 2178 Belset
818 2134 936 2193 pouree
958 2113 1024 2194 quil
1041 2133 1074 2176 se
1094 2135 1116 2196 p
1137 2118 1277 2178 trouvent
1293 2113 1459 2193 plusieurs
1480 2114 1599 2178 iniures
1616 2117 1667 2177 ete.
1690 2117 1734 2178 est
1755 2113 1873 2176 urreste‘
1893 2134 1950 2194 que
1971 2113 2024 2177 len
2045 2114 2091 2178 ies
2112 2134 2176 2179 eer-

167 2223 237 2305 1190
260 2227 289 2287 et
308 2224 422 2287 deuant
441 2243 499 2304 pne
513 2224 684 2305 imprimer
705 2229 772 2307 sept
792 2245 868 2306 eope
889 2225 922 2290 le
943 2224 1075 2289 reletieu
1096 2225 1134 2288 de
1155 2224 1245 2289 neuin
1266 2223 1387 2305 esquele
1413 2225 1441 2288 ie
1467 2224 1544 2289 liure
1571 2229 1616 2288 est
1640 2243 1781 2305 eornmps.
1812 2220 1954 2288 ¹Ibidem
1972 2223 2025 2288 fol.
2049 2228 2107 2288 142
2133 2225 2176 2290 ad

163 2337 205 2397 28
228 2334 390 2399 Ianuarii:
426 2334 483 2416 Iep
506 2340 550 2401 est
565 2336 661 2416 perle'
682 2337 726 2402 du
745 2336 825 2400 liere
846 2356 905 2417 que
921 2340 1069 2416 presente
1089 2334 1202 2400 luultre
1222 2336 1297 2401 iour
1320 2334 1367 2399 Μ.
1391 2334 1502 2401 Culein
1519 2355 1604 2416 pour
1626 2335 1798 2415 imprimer.
1844 2334 1889 2399 Et
1913 2340 1958 2399 est
1978 2335 2040 2401 este
2060 2338 2177 2417 refferu

160 2451 311 2509 comment
331 2446 376 2509 les
398 2466 533 2529 eernmys
553 2447 628 2511 dont
648 2446 746 2511 relute'
767 2447 869 2512 loeeir
889 2467 947 2511 eeu
974 2453 1002 2509 et
1023 2446 1130 2511 trouve
1151 2447 1252 2528 ieelnp
1273 2447 1351 2511 livre
1373 2452 1452 2510 estre
1479 2447 1516 2510 de
1535 2447 1655 2529 prende
1681 2446 1770 2511 eleese
1797 2451 1824 2510 et
1850 2446 1938 2511 luult
1965 2448 2127 2512 ministere
2148 2452 2177 2511 et

159 2555 225 2637 sert
246 2556 315 2621 dien
334 2556 429 2638 fundi
452 2559 599 2622 meritant
620 2556 690 2623 bien
711 2558 811 2624 desire
833 2559 994 2638 imprime:
1026 2557 1187 2639 teutesfeis
1208 2559 1235 2623 il
1255 2558 1496 2641 puplusieurs
1521 2563 1601 2623 mete
1624 2558 1751 2622 diniure
1778 2560 1835 2638 qui
1858 2579 1891 2623 se
1913 2563 2080 2641 porroyent
2105 2558 2176 2622 bien

163 2673 255 2732 ester.
302 2668 340 2732 11
360 2689 382 2750 p
403 2673 448 2734 est
467 2688 565 2751 eussp
586 2689 644 2749 ene
665 2668 802 2733 ledresse
815 2668 907 2734 >dailei
923 2674 1004 2734 estre
1024 2669 1045 2732 d
1066 2690 1124 2733 ner
1145 2663 1353 2752 mepnifepues
1379 2670 1547 2752 seipneurs.
1600 2669 1645 2733 Et
1665 2670 1817 2750 dempups
1843 2675 1912 2733 sont
1935 2671 2020 2734 entre
2043 2669 2089 2734 Μ.
2113 2668 2176 2751 Cep

160 2784 191 2842 et
212 2777 276 2842 Me.
299 2778 379 2844 Abel
400 2779 550 2860 qui-dent
571 2799 684 2863 reeuys
706 2780 776 2844 leur
795 2780 912 2845 demur
933 2780 1043 2862 iedeps
1064 2786 1092 2843 et
1112 2800 1212 2862 eussy
1233 2781 1264 2843 si
1285 2781 1336 2845 len
1358 2781 1562 2862 linprimeru.
1608 2781 1740 2845 Arreste
1762 2801 1820 2861 que
1832 2781 1909 2853 ¹leur
1929 2781 1989 2846 seit
2010 2780 2073 2848 diet
2089 2781 2177 2862 puile

162 2890 321 2973 corripent
347 2890 391 2956 les
419 2896 498 2955 mete
525 2892 670 2956 diniures
697 2897 725 2956 et
751 2896 872 2956 mettent
898 2891 1036 2957 ledresse
1067 2897 1215 2956 comment
1246 2912 1303 2956 sus
1327 2897 1373 2956 est
1399 2891 1461 2957 diet
1489 2898 1517 2956 et
1542 2892 1628 2972 quite
1651 2893 1792 2958 adeisent
1814 2890 1882 2958 bien
1904 2913 1961 2974 que
1983 2892 2015 2955 le
2037 2892 2124 2956 edese
2144 2912 2178 2956 se

155 3002 277 3082 puisse
298 3002 471 3067 soudstenir
493 3009 520 3068 et
541 3023 580 3067 ne
600 3003 661 3069 seit
682 3004 857 3069 iniurieuse
878 3008 906 3068 et
922 3004 949 3067 le
964 3009 1097 3084 perrent
1115 3003 1198 3085 faire
1219 3004 1391 3084 imprimer.
1435 3005 1516 3067 Post
1544 3004 1625 3070 haee
1646 3004 1748 3069 libelli
1779 3003 1956 3069 editionem
1984 3000 2175 3084 aliquandiu

160 3113 364 3178 retardatam
388 3113 548 3180 Calvinus
577 3123 758 3180 maturasse
781 3115 946 3197 putandus
969 3123 1027 3181 est.
1079 3114 1177 3190 Corte
1203 3116 1273 3180 01110
1301 3116 1367 3178 1010
1395 3117 1594 3180 mentionem
1624 3117 1744 3179 factam
1772 3115 1923 3179 videmus
1952 3115 1990 3177 in
2016 3112 2174 3179 literisd

165 3229 206 3287 10
229 3222 433 3306 Septembris
459 3225 733 3291 aBartholomeo
756 3227 946 3291 Traherono
969 3227 1174 3293 Londinensi
1196 3225 1237 3290 ad
1258 3226 1491 3310 Bullingerum
1514 3226 1614 3304 datis,
1644 3227 1763 3308 quibus
1786 3238 1934 3291 autorem
1956 3226 2019 3292 hoe
2042 3225 2176 3290 nomine

160 3336 318 3401 maximis
341 3335 493 3403 laudibus
516 3338 621 3403 effert
667 3339 816 3418 (Archiv.
841 3340 947 3404 Turio.
972 3339 1061 3402 Plut.
1085 3339 1145 3404 VI.
1170 3339 1249 3404 Cod.
1276 3341 1333 3400 164
1358 3339 1411 3403 l'ol.
1436 3340 1522 3420 201).
1569 3339 1701 3402 Titulus
1724 3337 1876 3402 editionis
1895 3338 2016 3401 latinae
2039 3345 2103 3400 est:

319 3435 403 3518 Du
436 3436 688 3519 AETERN
691 3437 733 3520 A
770 3437 912 3545 111111
941 3448 1450 3528 Punuuusrmnrrouu
1471 3453 1475 3531 ι
1495 3471 1559 3531 que
1591 3451 1627 3514 u
1656 3450 1789 3514 sermm
1821 3451 1902 3514 eras
1934 3470 1972 3514 a
1999 3448 2175 3512 1000110

163 3558 261 3641 clepit,
285 3579 319 3624 a·
338 3557 343 3643 Ι
364 3559 424 3623 lies
444 3579 500 3624 sue
522 3562 616 3625 aritio
633 3561 776 3642 reliquit:
804 3562 936 3625 demde
952 3563 1156 3641 prouidentia
1176 3561 1181 3645 l
1200 3581 1264 3642 pue
1285 3581 1335 3625 res
1362 3561 1519 3624 inmunes
1537 3560 1696 3643 pubernet,
1716 3567 1721 3638 Ι
1742 3548 1982 3630 Consensus
2018 3547 2174 3628 Pasto-

160 3713 261 3766 rum
299 3683 567 3767 Creneuensis
598 3685 684 3767 Ec·
712 3692 717 3795 l
747 3686 898 3769 0100100
931 3694 954 3768 a
985 3688 1046 3769 Io.
1080 3686 1258 3769 Caluino
1298 3685 1528 3797 expositus.
1558 3683 1563 3786 1
1593 3695 1760 3779 (Emesena)
1788 3698 1791 3780 1
1819 3696 2175 3777 0111111111οΕ0Εο

163 3807 295 3889 officina
318 3806 451 3873 Ioannis
474 3807 648 3890 Crispini!
670 3808 717 3873 Μ.
738 3809 781 3875 D.
806 3809 887 3874 LII.
1692 3872 1695 3877 .

320 3918 444 3982 Forma
466 3921 633 3985 octonaria
653 3922 770 3984 minor.
817 3919 1060 4000 Quaterniones
1083 3920 1237 3984 tredecim
1255 3941 1331 3984 cum
1355 3918 1489 3982 dimidio
1512 3916 1659 4002 (A—O).
1704 3919 1853 4003 Paginae
1870 3930 2089 3983 numerantur
2113 3923 2175 3982 210

161 4030 213 4101 ita
236 4043 346 4094 tamen
369 4040 408 4093 ut
429 4033 556 4095 numeri
584 4036 749 4095 166-175
774 4033 823 4097 bis
847 4039 1034 4115 appareant,
1057 4054 1115 4115 pro
1137 4035 1196 4096 176
1219 4053 1333 4098 rursus
1359 4036 1418 4094 160
1442 4032 1556 4113 posito,
1580 4030 1681 4094 01010
1704 4028 1855 4112 deinceps
1878 4031 2070 4095 continuata
2092 4031 2176 4095 serie

161 4161 268 4221 usque
289 4138 331 4203 ad
356 4145 424 4219 198,
448 4163 547 4224 quem
569 4143 703 4225 reliquis
726 4144 853 4208 omissis
871 4144 983 4207 statim
1007 4146 1154 4227 sequitur
1172 4148 1244 4221 209,
1268 4165 1331 4225 quo
1349 4145 1387 4207 fit
1404 4149 1441 4206 ut
1459 4142 1560 4206 totius
1579 4162 1727 4205 summae
1745 4143 1827 4204 ratio
1845 4143 1933 4206 iusta
1951 4142 2175 4206 constituatur.

160 4251 287 4316 Finem
311 4253 437 4317 iaciunt
458 4254 602 4335 primum
624 4265 809 4320 erratorum
832 4255 952 4331 tabula,
981 4266 1052 4320 tum
1075 4266 1141 4320 tres
1165 4255 1304 4339 paginae
1330 4275 1405 4318 cum
1427 4253 1505 4317 loeis
1528 4254 1625 4316 Rom.
1648 4258 1677 4329 0,
1702 4256 1838 4315 28-30.
1880 4252 1959 4334 Cap.
1985 4258 2013 4328 9,
2042 4257 2175 4315 10-111,

160 4361 245 4446 Cap.
276 4367 323 4440 11,
350 4369 454 4426 0-10
477 4372 510 4428 ot
533 4368 668 4431 33-36.
714 4367 953 4449 uptus-6
977 4367 1197 4432 verbotenus
1227 4359 1408 4447 descriptis.
1458 4364 1584 4430 Ultimo
1609 4363 1679 4428 loeo
1698 4374 1833 4445 apparet
1856 4363 2003 4446 Crispini
2021 4362 2176 4428 SACRA

161 4473 394 4539 ANCHORA
417 4497 492 4539 oum
514 4498 574 4541 suo
596 4485 757 4560 serpente,
787 4477 840 4541 hie
867 4479 982 4561 figuris
1012 4476 1149 4542 arabicis
1177 4498 1258 4560 quas
1285 4476 1400 4541 dieunt
1428 4476 1654 4557 circumsepta.
1704 4474 1798 4538 Idem
1827 4474 1988 4539 emblema-
2015 4476 2048 4538 in
2079 4476 2176 4538 titulo

164 4583 258 4649 nude
282 4608 477 4668 expressum
500 4590 707 4671 conspicitur.
752 4589 944 4671 Exemplsri
967 4590 1019 4653 usi
1043 4610 1156 4655 sumus
1178 4596 1297 4652 nostro.

320 4699 488 4762 Tractatui
512 4701 573 4782 ipsi
597 4702 818 4782 praemittitur
836 4700 996 4765 dedicatio
1009 4699 1150 4766 Senatui
1169 4700 1348 4784 genevensi
1371 4698 1537 4779 inscripta,
1560 4705 1598 4763 ut
1621 4699 1686 4764 iam
1705 4699 1858 4763 diximus.
1896 4699 2001 4763 Cuius
2019 4697 2060 4762 ad
2079 4686 2175 4759 illum

161 4806 251 4873 satis
272 4811 448 4892 singularis
470 4823 520 4876 est
546 4813 640 4878 ratio.
684 4813 751 4878 Per
777 4821 883 4877 totum
910 4812 1032 4877 librum
1060 4812 1219 4877 Calvinus
1248 4832 1306 4876 suo
1334 4811 1466 4874 nomine
1494 4810 1653 4892 Pighium
1688 4812 1877 4894 impugnat,
1914 4810 2078 4874 hominem
2108 4807 2175 4870 iam

161 4929 244 4983 ante
268 4918 863 5003 (10000010010001010(1010001000
891 4925 1027 5007 epistola
1057 4924 1255 4989 dedicatoria
1277 4931 1387 4986 autem
1411 4922 1558 4986 omnium
1581 4923 1806 4987 ministrorum
1830 4921 1961 4987 nomino
1989 4917 2176 4999 conscripta

160 5041 224 5108 est,
248 5033 304 5114 qui
328 5054 363 5098 se
385 5033 474 5099 hunc
495 5035 644 5099 libellum
666 5034 840 5100 meditatos
861 5056 933 5100 esse
955 5034 1082 5113 11101101,
1112 5047 1150 5099 01
1173 5036 1466 5100 circumforaneum
1495 5032 1660 5115 quendam
1688 5055 1853 5110 01100001,
1883 5030 2055 5094 Bolsecum
2086 5036 2174 5112 puta,

160 5165 264 5227 quem
282 5165 389 5227 nuper
412 5146 583 5211 turbarum
606 5147 753 5212 omnium
774 5156 869 5229 pater
891 5145 997 5212 Satan
1015 5148 1236 5229 supposuerit,
1265 5147 1481 5212 confutarent.
1531 5143 1636 5210 Cuius
1660 5155 1769 5209 tamen
1792 5163 1922 5219 nomen,
1945 5161 1988 5205 ne
2010 5162 2051 5205 ex
2074 5143 2174 5206 sacri-

158 5257 242 5340 lega
264 5255 403 5323 andacia
424 5259 607 5339 praemium
629 5267 820 5342 reportaret,
848 5280 883 5324 se
904 5258 1035 5325 silentio
1057 5259 1194 5341 sepelire
1223 5258 1379 5323 maluisse
1409 5258 1585 5321 affirmant.
1637 5254 1727 5335 Quid
1756 5253 1880 5318 multa?
1927 5253 2027 5318 Patet
2052 5252 2174 5317 librum
