4702 5926
196 326 262 397 cat
944 323 1213 394 Russusmo
1236 322 1471 390 ERRORUM
2152 322 2219 386 628

194 517 265 584 Dei
286 515 459 583 mritatem
477 512 602 590 definit,
625 512 745 596 siquis
767 518 879 579 servat
898 513 970 577 eius
987 533 1183 578 sermonem.
1236 518 1348 576 tamne
1369 510 1551 576 doctrinam
1572 512 1663 576 vitae
1693 510 1867 575 hominum
1887 509 2066 592 praeficiat,
2097 528 2142 580 an
2162 509 2220 572 in·

199 604 290 668 Item
312 611 331 664 4
355 599 401 683 (v.
428 601 493 683 12),
524 599 554 664 si
575 620 635 664 nos
656 599 799 666 invicem
822 596 999 682 diligimus.
1044 597 1184 665 Servcto
1236 598 1390 662 terionem
1421 597 1558 679 spiritus
1589 594 1734 673 ductum,
1774 595 1895 661 acriter
1928 593 2133 677 repudianda
2165 602 2220 659 est

198 685 276 752 inde
305 692 437 750 emanat
468 684 634 767 perfectio,
667 704 751 767 quae
782 703 899 748 omnes
931 685 1041 750 carnis
1072 683 1184 750 sordes
1236 682 1318 747 hacc
1339 681 1515 748 cavillatio.
1559 681 1652 745 Nihil
1673 681 1727 747 vel
1749 682 1879 763 scripto,
1913 680 1965 744 vel
1986 700 2067 745 voce
2088 681 2218 762 praeci·

198 772 338 838 aboleat
383 768 528 837 Subiicit
548 771 705 836 continuo
733 774 817 851 post,
846 767 933 850 quod
954 770 1080 834 Paulus
1101 767 1184 834 Phi·
1235 768 1286 850 pit
1301 769 1405 844 Deus,
1425 765 1512 848 quod
1529 787 1597 831 non
1613 767 1705 830 intus
1721 786 1782 848 per
1797 766 1950 848 spiritum
1968 764 2079 844 dictet,
2100 766 2218 830 fateor.

197 857 277 939 lipp.
302 859 321 919 3
345 854 391 941 (v.
419 859 456 920 12
480 861 564 938 sqq.)
592 875 628 920 se
655 855 835 952 perfectum
858 861 893 917 et
913 875 980 919 non
1002 855 1184 938 perfectum
1236 851 1305 919 Sed
1336 852 1414 934 quia
1446 851 1530 915 nihil
1562 851 1739 934 proclivius
1771 862 1822 916 est
1855 870 1953 934 quarn
1981 848 2131 914 homines
2153 870 2219 934 pro

199 942 303 1020 docet,
336 941 385 1005 ita
406 940 525 1008 debere
558 940 709 1023 intelhgi,
741 939 828 1022 qnod
850 939 950 1004 fuerit
970 961 1035 1004 non
1057 940 1184 1022 periec-
1235 938 1386 1021 ingenita
1407 937 1471 1002 sibi
1490 937 1636 1003 vanitate
1658 943 1692 1001 et
1711 935 1847 1002 lascivia
1868 936 1932 1001 huc
1954 943 1988 1001 et
2007 935 2086 1000 illuc
2104 934 2217 1015 dilabi,

198 1035 263 1105 tus,
303 1025 332 1091 si
369 1026 619 1091 resurrectionis
658 1025 797 1108 gloriam
837 1032 978 1107 spectes:
1019 1026 1183 1107 perfectus
1234 1023 1401 1088 Dominus
1440 1021 1546 1105 legem
1586 1042 1681 1087 suam
1714 1021 1862 1087 consulto
1894 1022 2049 1102 scriptam
2084 1028 2219 1086 exstare

197 1132 287 1191 vcro,
309 1111 510 1194 perfectione
532 1109 695 1175 donorum
716 1108 852 1175 Christi.
868 1111 893 1191 ¹)
1235 1108 1348 1186 voluit,
1370 1127 1453 1189 quae
1477 1128 1537 1173 nos
1557 1106 1599 1171 ad
1616 1109 1717 1172 finem
1739 1128 1842 1189 usque
1863 1105 1978 1170 mundi
1998 1106 2087 1170 intra
2108 1120 2220 1172 certos

285 1196 334 1262 Ut
365 1197 490 1261 intacta
520 1216 581 1279 per
613 1216 667 1260 me
702 1195 802 1259 huius
836 1193 997 1278 dogmatis
1029 1193 1183 1276 impietas
1235 1195 1318 1259 fines
1339 1193 1515 1259 contineat

199 1289 341 1361 maneat,
374 1282 440 1346 iam
474 1288 589 1346 tanim
614 1281 719 1344 victor
750 1280 855 1345 evasi:
888 1277 1049 1345 Servatus
1071 1286 1184 1343 autem
1322 1279 1397 1343 Etsi
1419 1285 1531 1342 autem
1550 1275 1709 1343 Servatus
1726 1275 1762 1341 in
1780 1278 1922 1359 speciem
1942 1280 2015 1354 [pag.
2034 1279 2110 1355 aas]
2130 1276 2220 1341 frae-

198 1367 314 1432 soedae
349 1366 574 1449 impudentiae
612 1365 783 1430 convictus
817 1366 910 1430 iacet
969 1364 1117 1448 Negavit
1148 1383 1184 1428 se
1236 1384 1318 1428 nare
1335 1364 1468 1428 videtur
1484 1383 1605 1445 pravos
1623 1363 1733 1428 carnis
1751 1362 1897 1440 affectus,
1916 1368 1951 1425 et
1967 1361 2004 1424 in
2021 1359 2220 1443 obsequium

200 1450 357 1517 Catharis
389 1459 423 1516 et
454 1450 651 1517 Caelestinis
681 1449 835 1526 similem,
868 1469 1008 1533 quorum
1039 1469 1184 1514 errorem
1235 1448 1370 1531 spiritus
1393 1469 1518 1531 cogere,
1551 1448 1628 1513 alibi
1650 1456 1763 1512 tamen
1784 1447 1979 1529 pestiferum
2000 1445 2087 1529 quod
2107 1446 2220 1513 occul·

200 1536 301 1619 pleno
320 1557 377 1601 ore
397 1537 508 1618 ipsum
529 1536 696 1617 crepuisse
718 1533 863 1599 ostendo.
907 1535 1010 1617 Atqui
1029 1534 1184 1616 perfectio
1236 1542 1285 1598 tat
1307 1535 1400 1600 virus
1422 1534 1574 1616 erumpit.
1619 1533 1705 1597 Nam
1739 1532 1775 1596 in
1801 1532 1966 1614 Apologia
1998 1530 2039 1595 ad
2066 1531 2220 1599 Melanc-

198 1622 236 1685 in
252 1621 317 1686 hoc
334 1620 459 1685 mundo
477 1621 560 1705 erigi
577 1640 645 1684 non
661 1627 779 1701 potest,
798 1621 878 1701 quin
900 1641 941 1684 ex
960 1619 1086 1685 duobus
1108 1641 1184 1703 gra»
1237 1618 1387 1697 thonem‚
1415 1639 1489 1702 pag.
1514 1622 1590 1682 719:
1635 1619 1722 1697 suo,
1749 1619 1871 1699 inquit,
1898 1615 2180 1701 pseudoiudaismi
2192 1620 2218 1699 ¹)

199 1706 265 1769 tiae
296 1712 331 1771 et
363 1705 480 1771 salutis
512 1726 574 1788 per
601 1705 775 1770 Christum
807 1705 988 1788 promissae
1022 1705 1184 1787 capitibus
1235 1705 1366 1770 vinculo
1387 1706 1498 1769 omnia
1520 1702 1614 1768 nobis
1634 1703 1824 1768 nistissima
1842 1703 1933 1781 facis,
1955 1723 2056 1785 quum
2072 1704 2219 1786 prophe-

199 1789 343 1855 alterum
379 1789 537 1856 deleatur.
587 1789 681 1855 Haec
718 1810 849 1854 summa
884 1798 935 1854 est
968 1792 1048 1855 novi
1082 1797 1184 1855 testa
1236 1798 1423 1869 tacomnes,
1446 1797 1480 1854 et
1501 1789 1612 1872 angeli
1629 1789 1788 1872 gaudium
1805 1796 1839 1852 et
1855 1788 2016 1853 laetitiam
2034 1786 2219 1855 inChristo

79 1890 82 1893 ·
199 1876 353 1955 monast)
389 1875 476 1958 quod
497 1876 590 1941 Deus
622 1876 731 1958 legem
763 1894 856 1940 suam
889 1876 926 1940 in
954 1876 1086 1958 piorum
1113 1896 1184 1940 cor·
1237 1896 1366 1957 semper
1399 1875 1611 1953 annuncient,
1645 1882 1679 1938 et
1705 1874 1922 1939 muliebribus
1944 1873 2121 1955 pavoribus
2142 1873 2220 1939 ubi·

201 1958 298 2026 dibus
335 1960 509 2043 insculpet,
549 1980 655 2042 neque
694 1960 908 2043 iniquitatum
947 1960 1182 2026 recordabitur.
1236 1982 1299 2043 quc
1338 1970 1372 2025 te
1410 1960 1520 2042 ipsum
1559 1961 1699 2024 territas.
1762 1958 1871 2040 Quam
1911 1958 2055 2024 fideliter
2085 1958 2121 2023 in
2153 1960 2220 2025 hoc

199 2043 266 2111 Ubi
287 2063 368 2110 vero
401 2045 494 2110 nulla
523 2051 575 2110 est
600 2043 733 2109 residua
754 2046 922 2128 iniquitas,
955 2047 1079 2111 frustm
1110 2047 1183 2110 eius
1235 2046 1407 2111 incumbat
1447 2044 1672 2122 Melancthon,
1716 2053 1754 2110 ut
1793 2043 1898 2110 divini
1936 2045 2057 2109 amoris
2094 2043 2221 2110 fiducia

198 2128 350 2195 remissio
394 2131 583 2195 remittitur.
628 2129 718 2211 Quia
738 2128 898 2210 dixeram,
919 2131 1028 2214 legem
1049 2130 1115 2195 Dei
1137 2132 1184 2196 sio
1235 2131 1450 2197 conscientias
1471 2131 1643 2207 exhilaret,
1662 2150 1761 2211 quam
1783 2130 1958 2213 magnifice
1979 2129 2121 2211 gratiam
2139 2129 2218 2209 Dei,

199 2214 241 2279 ab
263 2215 377 2297 ipsoa
418 2215 490 2295 leri,
518 2224 558 2280 ut
578 2236 658 2282 suus
680 2216 798 2298 cuique
820 2217 953 2281 afflatus
982 2215 1027 2282 sit
1047 2215 1184 2282 vivendi
1236 2237 1301 2298 qua
1322 2224 1483 2298 pacantur
1504 2237 1543 2281 ao
1565 2222 1760 2280 serenantur
1781 2224 1909 2280 mentes
1930 2222 2074 2291 nostrae,
2109 2216 2219 2280 extol-

199 2299 325 2383 regula,
359 2321 412 2365 me
444 2301 567 2366 iterum
600 2300 764 2365 mendacii
797 2306 938 2366 accusat.
996 2300 1119 2366 Iurene
1140 2322 1185 2365 an
1235 2302 1291 2379 lat,
1324 2323 1392 2365 non
1414 2300 1560 2384 disputo:
1600 2307 1679 2365 nota
1711 2301 1800 2365 enim
1832 2308 1866 2364 et
1900 2300 2039 2383 probata
2070 2306 2120 2364 est
2150 2302 2219 2382 piis

199 2384 331 2464 iniuria,
364 2384 460 2450 facile
491 2408 534 2450 ex
566 2386 659 2452 brevi
681 2384 861 2450 verborum
891 2387 962 2451 eius
993 2387 1184 2451 recitatione
1236 2386 1387 2452 omnibus
1423 2385 1598 2470 singularis
1632 2386 1703 2450 eius
1736 2386 1799 2450 hac
1831 2386 1867 2449 in
1900 2391 1994 2468 parte
2026 2384 2216 2451 dexteritas.

198 2468 338 2535 lectores
362 2479 552 2554 agnoscent.
603 2470 756 2553 Epistola
787 2471 945 2536 vicesima
976 2473 1076 2536 tertia
1109 2476 1184 2550 [pag.
1237 2469 1347 2552 Quam
1386 2491 1464 2554 ergo
1502 2471 1646 2536 lactitiae
1678 2470 1861 2536 doctrinam
1899 2472 1935 2534 in
1975 2490 2013 2534 eo
2051 2468 2218 2534 desiderat

201 2560 278 2633 237]
301 2576 343 2618 ex
370 2557 515 2638 professo
542 2554 721 2632 contendit,
750 2555 857 2638 legem
880 2556 1013 2620 nonnisi
1035 2556 1077 2621 ad
1098 2566 1184 2620 tem·
1237 2554 1406 2634 Servatus,
1443 2557 1507 2621 nisi
1541 2576 1625 2638 quae
1656 2577 1698 2620 ex
1730 2556 1849 2620 animis
1881 2575 2013 2619 omnem
2042 2554 2157 2635 culpae
2181 2566 2219 2620 et

198 2658 261 2721 pus
284 2638 403 2704 datam.
447 2641 604 2724 Excipiet
625 2642 710 2703 forte
731 2641 894 2723 quispiam
921 2662 963 2706 ex
984 2641 1054 2707 eius
1075 2642 1184 2706 faute·
1234 2661 1418 2723 poenarum
1456 2662 1591 2706 sensum
1630 2639 1823 2723 expungat?
1886 2640 2004 2722 Itaque
2037 2639 2220 2706 muliebres

200 2723 303 2801 ribus,
326 2724 387 2789 hoc
410 2725 496 2788 nihil
519 2746 539 2789 a
559 2724 659 2790 Pauli
682 2724 770 2790 dicto
793 2725 986 2808 discrepare.
1008 2727 1082 2810 Ego
1103 2747 1184 2791 vero
1235 2735 1332 2793 vocat
1352 2746 1500 2809 pavores,
1524 2727 1580 2808 qui
1601 2747 1662 2791 nos
1683 2726 1724 2790 ad
1747 2727 1899 2790 timorem
1921 2724 1996 2803 Dei,
2029 2725 2072 2789 ad
2094 2725 2219 2790 sollici-

198 2807 320 2889 ubique
359 2808 444 2890 quod
479 2809 606 2875 Paulus
642 2810 738 2874 docet
777 2812 942 2892 profiteor,
983 2832 1050 2876 non
1086 2811 1183 2876 modo
1235 2818 1305 2876 tam
1337 2822 1370 2876 et
1395 2811 1532 2877 cavendi
1561 2817 1594 2877 et
1625 2810 1782 2894 precandi
1801 2831 1914 2875 curam
1936 2809 2218 2893 expergelaciunt

199 2892 376 2976 abrogatas
409 2915 481 2959 esse
514 2895 738 2960 caeremonias
771 2894 899 2961 Christi
931 2895 1085 2974 adventu,
1125 2896 1183 2962 sed
1236 2895 1329 2977 Quas
1350 2896 1414 2962 sibi
1441 2896 1569 2962 delitias
1600 2897 1724 2973 fecerit,
1758 2895 1820 2961 hoc
1842 2903 1901 2973 est,
1934 2916 2035 2978 quam
2067 2897 2218 2961 suaviter

199 2977 317 3060 iugum
348 2981 519 3046 servitutis
552 2980 699 3045 solutum
729 3000 811 3058 csse,
851 2979 1016 3046 sublatam
1054 3001 1183 3065 quoque
1236 3002 1372 3047 excusso
1412 2980 1519 3046 divini
1556 2980 1668 3047 iudicii
1707 2990 1799 3046 metu
1838 3001 1909 3046 sese
1948 2978 2140 3045 demerserit
2180 2982 2218 3045 in

199 3061 474 3143 maledictionem,
506 3085 605 3149 quam
634 3064 690 3129 lex
711 3066 865 3129 omnibus
886 3066 1182 3150 transgressoribus
1235 3087 1385 3132 securam
1407 3065 1657 3150 indulgentiam,
1701 3067 1826 3148 uisquis
1853 3087 1920 3130 non
1947 3066 2113 3149 perspicit,
2136 3070 2218 3130 enm

202 3146 388 3213 denunciat.
420 3150 573 3232 Denique
594 3149 701 3233 qualis
718 3150 763 3214 sit
779 3150 862 3234 legis
880 3151 1056 3234 abrogatio,
1079 3173 1182 3234 quum
1235 3158 1351 3234 sponte
1373 3152 1534 3217 caecutire
1556 3150 1637 3217 dico.
1674 3088 1772 3231 &uod
1793 3158 1909 3235 postea
1931 3150 2068 3216 adiunxi
2088 3151 2218 3216 crimen

199 3232 273 3297 aliis
318 3234 470 3316 pluribus
519 3236 609 3314 locis,
660 3244 732 3299 tum
777 3236 818 3299 in
856 3257 931 3301 mea
969 3237 1181 3302 Institutione
1235 3237 1365 3302 silentio
1378 3238 1614 3315 transmittens,
1634 3237 1729 3319 quasi
1746 3245 1860 3320 aperta
1879 3237 2082 3301 confessione
2099 3257 2219 3319 agnos·

199 3319 330 3384 circiter
350 3320 452 3385 finem
470 3322 560 3386 tertii
579 3320 735 3404 capitis*)
756 3321 931 3403 perspicue
949 3321 1090 3406 domist)
1113 3320 1182 3388 Sed
1235 3322 1289 3386 cit
1345 3321 1391 3385 Et
1422 3330 1512 3386 cene
1545 3323 1580 3385 in
1613 3343 1651 3386 eo
1683 3321 1870 3388 thrasonice
1900 3323 2023 3404 passim
2058 3321 2216 3400 exsultat,

197 3403 253 3469 hic
274 3403 489 3486 phreneticus
512 3406 639 3472 coelum
673 3413 707 3471 et
727 3412 850 3470 terram
873 3407 996 3485 turbat,
1029 3409 1108 3490 quia
1127 3429 1181 3472 re-
1235 3405 1323 3489 quod
1334 3427 1441 3489 neque
1452 3407 1685 3488 promissiones
1697 3407 1852 3490 respiciat
1864 3406 1956 3485 fides,
1974 3428 2080 3489 neque
2092 3406 2133 3471 ab
2147 3406 2218 3472 illis

198 3489 311 3572 gulam
356 3491 442 3555 bene
481 3491 616 3556 vivendi
660 3493 696 3555 in
735 3489 889 3575 decalogo
934 3495 1179 3575 praescriptam,
1233 3491 1382 3574 pendeat
1425 3492 1555 3574 Pagina
1583 3496 1661 3556 325:
1682 3492 1873 3570 Promissio,
1907 3492 2023 3574 inquit,
2057 3512 2126 3556 non
2157 3513 2218 3556 ne·

198 3573 305 3639 soluto
328 3575 567 3642 maledictionis
588 3577 707 3659 rigore,
735 3582 904 3641 aeternam
936 3597 1008 3642 esse
1030 3577 1179 3656 dicimus,
1233 3577 1373 3642 cessario
1412 3577 1556 3660 exigitur
1593 3587 1633 3641 ut
1670 3578 1744 3660 quis
1780 3579 1985 3655 iustificetur,
2025 3597 2218 3660 quanquam

198 3658 337 3741 ideoque
375 3660 508 3727 Iudacis
547 3669 581 3726 et
618 3661 771 3746 gentibus
810 3682 1027 3727 communem.
1091 3662 1182 3744 Quid
1234 3683 1308 3726 eam
1329 3682 1460 3745 semper
1481 3662 1569 3745 exigi
1589 3662 1736 3745 plerique
1756 3662 1856 3727 hodie
1877 3660 2086 3730 contendant
2124 3663 2217 3746 Asy-

198 3750 311 3807 autem
344 3745 427 3829 legis
459 3746 629 3812 doctrinae
661 3746 797 3829 opponit
824 3745 1007 3813 Servatus?
1052 3747 1181 3831 Nempe
1233 3747 1305 3811 lum
1336 3746 1462 3812 habent
1491 3747 1601 3829 ipsum
1629 3747 1810 3814 Abraham.
1854 3749 1903 3812 At
1934 3768 2014 3813 vero
2042 3745 2218 3812 Abraham

198 3826 307 3892 solum
338 3831 473 3911 spiritus
506 3831 708 3897 instinctum.
716 3834 745 3906 ⁴)
790 3829 855 3896 Cui
885 3831 1062 3914 respondet
1094 3833 1181 3916 quod
1234 3853 1302 3897 non
1332 3829 1406 3896 ideo
1437 3833 1634 3898 iustificatus
1666 3839 1724 3911 est,
1762 3835 1839 3916 quia
1871 3832 1912 3898 de
1943 3832 2217 3916 promissionibus

199 3911 278 3977 alibi
313 3913 393 3978 dicit
429 3937 503 4001 pag.
540 3921 613 3994 316,
653 3915 741 3998 quod
775 3915 831 3981 lex
866 3916 992 3982 Christi
1027 3939 1094 3984 non
1129 3920 1181 3983 in·
1234 3937 1342 3983 sermo
1364 3925 1444 3996 erat,
1478 3917 1535 3983 sed
1557 3919 1635 3999 quia
1655 3917 1749 3983 Deus
1774 3916 1969 4002 loquebatur
1991 3919 2044 3983 cui
2064 3917 2216 3984 credidit.

199 3994 310 4081 digest
345 4006 483 4066 externo
518 3999 615 4065 modo
653 3999 761 4080 scribi,
795 4022 856 4068 nec
890 4022 951 4085 per
985 4023 1089 4086 papae
1125 4002 1181 4070 de·
1234 4003 1281 4068 Et
1300 4002 1337 4066 iu
1358 4023 1396 4067 oo
1417 4003 1682 4068 iustificationem
1700 4004 1789 4069 vitae
1810 4005 1987 4070 consistere
2006 4004 2216 4085 pronunciat,

198 4092 301 4148 creta:
342 4085 420 4166 quia
463 4086 507 4151 sit
551 4087 608 4151 lex
651 4085 759 4152 cordis
796 4095 830 4152 et
867 4087 953 4167 fidei,
993 4090 1087 4154 cuius
1126 4110 1180 4155 ra-
1234 4109 1271 4153 ac
1303 4088 1409 4152 vitam
1448 4089 1563 4171 ipsam,
1603 4088 1673 4155 sive
1705 4088 1786 4172 quid
1824 4089 1997 4171 promittat
2033 4094 2107 4167 [pag.
2137 4095 2214 4166 239]

197 4168 287 4234 tione
324 4172 486 4236 efficimur
526 4170 735 4249 theodidacti,
776 4172 854 4237 dum
892 4179 987 4256 patre
1028 4173 1181 4240 trahente
1234 4171 1337 4251 Deus,
1360 4173 1430 4239 sive
1452 4195 1528 4238 non.
1551 4171 1706 4239 Ostendit
1728 4173 1783 4239 hic
1803 4195 1891 4239 unus
1912 4175 2003 4241 locus
2025 4172 2215 4253 Servatum,

198 4252 369 4319 Christum
410 4254 575 4323 discimus.
631 4256 790 4322 Convicia
828 4280 897 4337 sua,
936 4267 975 4322 ut
1007 4258 1105 4337 volet,
1144 4261 1181 4324 in
1234 4259 1290 4343 qui
1310 4257 1431 4342 ubique
1451 4260 1636 4342 magistrali
1659 4259 1833 4343 supercilio
1854 4261 1955 4325 iactat
1971 4258 2034 4324 sibi
2055 4261 2114 4324 uni
2135 4281 2216 4325 con-

199 4358 309 4403 aerem
337 4341 499 4407 iaculetur
528 4342 699 4420 Servatus,
732 4342 829 4408 modo
861 4343 971 4426 palam
998 4345 1066 4423 fiat,
1097 4345 1181 4410 nihil
1234 4353 1322 4410 stare
1342 4352 1468 4410 recum
1488 4344 1567 4409 fidei
1599 4344 1831 4424 definitionem,
1864 4364 2036 4428 nunquam
2067 4345 2217 4410 tenuisse

198 4424 229 4487 ei
262 4445 329 4489 nou
360 4447 439 4493 vere
474 4428 576 4494 fuisse
607 4449 628 4492 a
659 4449 713 4493 me
746 4429 919 4494 obiectum.
980 4427 1018 4495 Si
1039 4431 1182 4514 excipiat
1234 4431 1305 4494 eius
1337 4429 1545 4512 principium.
1598 4429 1710 4508 Fides,
1743 4451 1780 4496 eo
1814 4437 1938 4508 autore,
1978 4430 2105 4495 nullam
2137 4451 2217 4514 pro-

198 4508 362 4592 quispiam
395 4533 437 4578 ex
469 4515 541 4579 eius
562 4513 741 4597 discipulis,
774 4535 893 4599 parum
924 4515 1046 4582 referre
1078 4518 1181 4600 scrip·
1234 4515 1425 4579 missionem
1446 4515 1594 4596 requirit,
1626 4523 1666 4580 ut
1694 4513 1862 4581 hominem
1892 4516 2048 4582 iustificat
2068 4535 2106 4581 ac
2124 4516 2218 4581 salu·

199 4667 257 4672 ,-
1234 4607 1302 4665 tem
1333 4599 1382 4663 illi
1414 4600 1570 4667 conserat
1625 4600 1691 4665 Hic
1721 4622 1788 4665 non
1820 4601 1962 4683 disputo,
2002 4603 2088 4667 sitne
2119 4601 2216 4679 fides,

268 4727 298 4795 1)
316 4729 389 4810 ddd.
408 4731 506 4812 loire:
527 4735 595 4814 mais
625 4733 787 4790 u’avoitila
798 4733 912 4815 lairedc
927 4734 1179 4792 s'efforcercomrne
1234 4705 1338 4768 quum
1359 4684 1402 4783 ad
1423 4683 1489 4749 Dei
1508 4685 1617 4785 ΨΜ
1638 4688 1861 4786 mutrefniaeit
1881 4693 2040 4769 pmwr‘
2189 4774 2198 4787 ·

196 4796 487 4923 fluctuas
503 4751 836 4938 attiniacus
850 4820 885 4857 ι
902 4803 967 4873 a?
1233 4770 1445 4939 lectt.
1460 4779 1870 4941 inaccusata
1899 4770 2218 4922 {lutetias}

267 4936 282 4968 *
313 4933 769 5006 le1·⁶⁰9·VII·t·l4-
1043 4940 1046 4945 ’
1232 4941 1350 5024 iungit
1386 4941 1471 5006 Eam
1490 4939 1650 5008 Servetus
1671 4943 1773 5008 aDei
1795 4942 2066 5025 promissionibus
2088 4942 2216 5024 avellit,

197 5000 540 5143 hubdnb‘ddmbudddry
552 5004 880 5144 cigflgefflirtelissvbcnosn
897 5021 950 5075 ‘¹¹¹⁶
968 5005 1065 5062 serm
1081 5007 1179 5063 Μ’
1232 5045 1271 5090 ao
1293 5027 1321 5091 si
1343 5026 1489 5111 generali
1511 5029 1643 5108 obiecto,
1666 5037 1703 5092 ut
1723 5019 1915 5113 lbqnuntur,
1943 5035 2097 5094 contenta
2117 5027 2215 5095 foret

268 5135 299 5218 ᾇ)
317 5140 391 5220 nidd:
410 5148 438 5195 et
454 5140 573 5223 nbat-ce
586 5158 638 5264 pas
656 5159 687 5198 ce
706 5156 759 5211 que
775 5141 829 5212 i’ay
846 5140 902 5197 dict
919 5157 971 5211 que
990 5142 1093 5199 chacun
1111 5158 1179 5200 aura
1350 5215 1356 5227 .
1378 5214 1384 5225 ⁴
1446 5214 1453 5227 .

198 5220 251 5261 aon
268 5214 429 5275 uspuauon
446 5226 518 5279 pour
534 5225 629 5279 terge.
732 5245 739 5256 ·
1303 5212 1333 5282 1)
1348 5213 1480 5271 rurfvene.
