4702 5926
124 308 186 370 573
880 305 1142 374 MICHAELIS
1166 305 1378 373 SERVE'PL

2070 316 2133 379 5⁷4

123 494 238 561 venire
270 503 409 578 oportet
454 494 541 559 Nam
572 493 607 559 id
640 494 788 559 eontinet
819 496 890 561 eius
922 500 1100 581 responsio,
1153 503 1213 558 ret.
1259 491 1347 572 Quia
1368 494 1513 575 praecise
1536 502 1724 577 negaverat,
1758 496 1810 562 vel
1844 519 1947 561 unum
1974 500 2009 564 in
2031 503 2135 585 serip-

123 579 216 664 quod·
230 581 392 662 sapientia
411 582 454 645 sit
471 600 610 663 persona
628 578 763 659 Christi,
776 582 801 658 ¹)
822 581 908 663 quod
928 583 1015 648 filius
1033 605 1101 649 non
1153 586 1230 643 tura
1252 598 1322 644 esse
1343 578 1452 656 locum
1475 580 1530 645 ubi
1552 580 1613 644 filii
1631 581 1696 645 Dei
1716 603 1835 647 nomen
1849 584 1873 666 ¹)
1895 593 2046 666 ponatur,
2069 588 2135 655 nisi

124 667 167 731 sit
207 673 365 749 paternae
408 666 622 750 hypostaseos
668 667 794 748 imago,
838 669 901 733 nisi
940 681 1102 750 quatenus
1154 663 1195 728 de
1217 663 1349 729 Christo
1370 662 1518 736 homine:
1542 686 1584 730 ne
1603 664 1667 730 sibi
1689 668 1827 732 nimium
1849 669 2002 751 placeret,
2024 672 2134 739 locum

123 752 223 816 homo
254 759 312 818 est.
367 751 474 817 Paulo
506 758 580 833 post
613 772 690 815 vero
724 759 781 816 aut
812 754 996 837 versipellis
1030 755 1101 820 eius
1154 747 1277 813 adduxi
1299 770 1342 813 ex
1363 750 1562 826 Proverbiis,
1586 751 1643 816 ubi
1665 750 1823 817 Solamen
1844 775 1964 820 nomen
1986 757 2045 822 filii
2068 759 2133 825 Dei

123 837 260 916 malitia,
293 845 350 902 aut
379 836 568 919 phrenetica
589 836 699 901 illusio
722 857 757 901 se
780 837 894 920 prodit.
939 838 1102 906 Dixeram
1153 834 1319 899 ineffabile
1348 855 1419 900 esse
1442 836 1497 899 ait.
1553 836 1688 901 Mentiri
1722 859 1776 902 me
1809 839 1929 904 clamat
1961 839 2131 924 Servatus,

122 923 195 1005 fieri
227 944 293 988 non
327 943 423 1005 posse
457 921 537 1004 quin
568 922 673 986 filium
706 930 878 988 aeternum
910 936 1100 1009 agnoscant,
1153 920 1292 1004 quiade
1314 921 1425 985 futuro
1447 919 1581 987 Christo
1603 923 1646 987 sit
1668 923 1847 1006 prophetia.
1893 926 1995 1008 Atqui
2018 927 2132 995 eodem

123 1008 243 1090 quibus
274 1006 368 1073 Deus
407 1015 561 1073 aeternus
594 1016 747 1072 censetur
776 1017 884 1092 pater:
926 1011 1101 1077 subscribit
1153 1006 1261 1070 colere
1283 1006 1406 1070 diceret
1434 1005 1519 1071 alius
1543 1008 1733 1088 haereticus,
1769 1009 1808 1075 de
1841 1011 1951 1076 futuro
1973 1013 2045 1079 Deo
2067 1018 2130 1100 agi.

123 1094 204 1177 ipse.
248 1093 376 1158 Verum
410 1095 438 1158 si
465 1094 499 1158 id
522 1094 599 1158 facit
620 1113 662 1157 ex
684 1094 803 1171 mimo,
833 1114 897 1159 cur
928 1097 1017 1161 inter
1048 1098 1100 1161 ul·
1153 1091 1229 1156 Uno
1251 1101 1417 1168 contextu,
1441 1099 1474 1156 et
1496 1093 1618 1176 absque
1639 1094 1710 1158 ulla
1732 1094 1933 1163 diversitatis
1956 1109 2044 1178 nota,
2069 1100 2131 1168 So·

125 1180 221 1245 timos
243 1180 378 1262 spiritus
400 1177 487 1243 idem
505 1179 611 1244 facere
629 1179 765 1244 abnuit?
802 1179 999 1264 Quanquam
1017 1183 1101 1247 nihil
1152 1176 1263 1240 lomon
1294 1177 1402 1242 Deum
1436 1187 1469 1242 et
1503 1179 1573 1243 eius
1608 1179 1714 1244 filium
1746 1180 1896 1246 celebrat.
1952 1185 2138 1270 Utriusque,

123 1285 204 1347 opus
228 1275 278 1329 est
305 1264 509 1341 coniecturis,
541 1285 644 1346 quum
676 1265 738 1330 sibi
758 1266 960 1351 subterfugia
991 1269 1101 1334 omnia
1153 1283 1273 1327 nemen
1295 1262 1475 1328 immensae
1497 1264 1620 1348 gleriee
1649 1286 1720 1330 esee
1747 1274 1898 1344 testetur,
1932 1279 1969 1333 ut
1990 1274 2132 1355 exprimi

123 1350 346 1434 praecluserit.
380 1351 467 1414 Nam
486 1350 637 1432 Epistola
658 1351 766 1430 tertia,
789 1351 992 1418 levissimam
1014 1354 1100 1420 hanc
1153 1347 1323 1412 hominum
1346 1348 1460 1432 lingue
1481 1358 1631 1433 nequeat.
1661 1350 1754 1416 Haec
1777 1352 1969 1436 simplicitas
1991 1356 2130 1425 Servate

121 1456 192 1501 esse
210 1437 370 1501 rationem
387 1435 465 1500 dicit
482 1437 525 1500 ad
543 1435 609 1500 tale
627 1437 849 1522 monstrumt)
867 1436 1098 1506 inducendum.
1151 1433 1359 1500 mendacium
1383 1445 1446 1499 est:
1476 1436 1553 1517 quia
1574 1436 1621 1499 illi
1645 1436 1751 1518 placet
1771 1439 1805 1502 in
1828 1439 1978 1504 futurum
1999 1451 2131 1527 tempus

121 1520 226 1586 Paulo
265 1530 342 1603 post
379 1542 492 1587 secum
531 1523 601 1604 ipse
636 1520 798 1588 dissidens
832 1524 896 1588 due
936 1527 1100 1590 axiomata
1152 1519 1292 1597 trahere,
1320 1519 1404 1601 quod
1427 1520 1461 1583 in
1484 1522 1651 1602 praesenti
1674 1520 1806 1587 Solomo
1828 1524 1978 1589 affirmat.
2024 1527 2144 1608 Quasi·

122 1605 300 1690 subiungit.
345 1605 485 1673 Dicebat
505 1605 599 1672 Deus
632 1606 709 1671 olim
743 1629 778 1672 sc
812 1610 882 1674 fore
912 1620 1040 1692 patrem
1067 1625 1099 1676 ec
1150 1604 1272 1687 impuri
1294 1604 1436 1670 hominis
1464 1605 1634 1672 libidinem
1656 1608 1762 1672 instar
1783 1611 1905 1674 summi
1927 1610 2047 1677 decreti
2070 1614 2130 1680 ha·

120 1712 181 1757 nos
203 1693 271 1757 fore
293 1692 387 1769 filios,
421 1702 500 1758 tune
533 1693 569 1757 in
602 1693 728 1770 umbra,
762 1715 851 1759 nuno
883 1696 920 1759 in
947 1697 1098 1763 veritate:
1151 1688 1220 1754 heti
1242 1710 1373 1757 neeesse
1402 1691 1454 1755 eit·
1498 1691 1629 1757 Deinde
1649 1693 1797 1773 insultat,
1826 1695 1901 1778 quia
1923 1718 2026 1762 unum
2047 1698 2131 1764 dun-

113 1778 215 1843 ·Deus
236 1785 331 1860 pater
353 1793 424 1842 erat
449 1778 673 1861 personaliter,
706 1780 791 1844 sicut
822 1781 859 1845 in
891 1803 929 1846 co
959 1803 1099 1865 persona
1152 1783 1245 1841 texet
1265 1775 1371 1842 locum
1394 1776 1596 1859 protulerim.
1641 1777 1744 1858 Quasi
1779 1783 1852 1858 [pag.
1880 1787 1954 1860 154]
1978 1805 2055 1849 vero
2087 1786 2130 1851 ad

121 1872 194 1928 erat
214 1863 288 1927 filii:
312 1873 383 1928 erat
411 1873 504 1947 pater
531 1863 664 1929 realiter
685 1865 811 1930 ratione
832 1867 936 1948 ipsius
956 1867 1099 1934 hominis
1151 1860 1392 1946 coarguendam
1432 1863 1502 1927 eius
1540 1864 1728 1946 superbiam
1768 1887 1834 1930 non
1868 1868 2011 1933 sufficiat
2043 1892 2129 1937 unus

121 1947 247 2014 Christi
269 1949 478 2014 aeternaliter
500 1950 540 2015 ab
559 1970 597 2014 eo
615 1950 728 2033 geniti,
751 1969 789 2015 ac
807 1953 834 2016 si
851 1959 889 2017 tu
906 1952 947 2017 ab
965 1964 1098 2019 aeterno
1151 1946 1250 2013 loeus·
1294 1946 1409 2014 Unum
1430 1947 1537 2012 locum
1561 1949 1705 2027 ostende,
1726 1951 1836 2032 inquii
1858 1951 1900 2016 ad
1921 1953 2128 2022 Melenethe·

121 2034 279 2116 spirasses
300 2032 341 2098 ad
363 2034 487 2117 prolem
511 2035 663 2118 aliquam,
698 2045 731 2100 et
763 2036 882 2102 mulier
915 2059 987 2103 eam
1010 2060 1098 2105 nunc
1150 2053 1241 2097 nem:
1277 2053 1344 2097 ηοη
1377 2034 1507 2115 poteris.
1559 2032 1721 2100 Osteusus
1754 2044 1805 2099 est
1838 2058 1931 2102 unus.
1976 2040 2129 2123 Inopiam

121 2120 299 2203 pareretl)
342 2120 432 2185 Hine
460 2119 581 2187 dieitur
601 2121 757 2187 Christus
789 2123 968 2189 secundum
1001 2125 1097 2208 spiri·
1150 2126 1296 2182 nostram
1318 2119 1507 2184 subsannat.
1551 2120 1598 2184 Et
1619 2128 1729 2185 tamen
1752 2122 1917 2203 praefatus
1946 2145 2045 2203 eram,
2074 2149 2129 2193 me

121 2216 194 2269 tum
216 2226 287 2270 esse
309 2205 396 2271 filius
414 2207 487 2285 Dei,
510 2209 586 2290 quia
607 2228 666 2289 per
687 2209 899 2292 spirationem
917 2210 982 2274 Dei
1005 2212 1098 2294 geni.
1150 2202 1186 2266 in
1208 2224 1246 2268 eo
1272 2203 1341 2270 loco
1363 2226 1432 2268 non
1457 2205 1623 2270 insistere:
1654 2205 1711 2270 sed
1744 2205 1849 2272 obiter
1881 2209 2054 2294 attingere,
2089 2219 2128 2277 ut

121 2290 226 2441 tusstg
285 2292 436 2357 Primum
468 2292 614 2358 detrahit
652 2294 773 2376 impius
805 2294 942 2360 latrator
975 2297 1097 2362 sanctis
1150 2287 1289 2355 Serveie
1311 2310 1425 2355 eneam
1448 2287 1488 2354 (ie
1509 2311 1587 2356 voee
1609 2290 1740 2355 rixandi
1762 2292 1991 2375 praeciderem.

119 2378 275 2459 patrius,
305 2379 361 2460 qui
382 2380 443 2444 sub
465 2378 538 2462 lege
560 2380 726 2457 vixerunt,
759 2380 901 2445 filiorum
924 2380 1096 2446 honorem:
1235 2374 1333 2440 Nunc
1360 2374 1401 2441 ad
1424 2385 1572 2442 vetorum
1602 2377 1788 2442 testimonia
1810 2379 1921 2443 venio:
1957 2380 2011 2446 vel
2045 2403 2128 2465 quae

119 2483 220 2545 quum
252 2462 372 2545 ubique
403 2465 439 2528 in
473 2467 636 2548 scriptura
657 2463 767 2528 Deum
790 2466 957 2547 praesenti
978 2466 1097 2531 fiducia
1149 2460 1189 2525 ab
1211 2461 1282 2543 ipso
1304 2462 1454 2544 nequiter
1472 2470 1624 2544 corrupta
1643 2462 1949 2543 demonstravimus,
1972 2466 2128 2551 velquae

118 2556 247 2631 patrem
268 2548 430 2616 invocent,
475 2550 563 2615 Nam
580 2548 668 2631 apud
684 2549 863 2636 Iesaicme)
881 2572 948 2616 non
966 2551 1095 2618 dicunt:
1149 2566 1168 2609 a
1201 2546 1293 2612 nobis
1326 2545 1467 2612 adducta
1488 2546 1613 2612 diluere
1646 2557 1792 2614 conatur.
1837 2549 1912 2614 Hoc
1942 2552 1976 2615 in
2006 2574 2127 2636 genere

119 2634 171 2698 Tu
193 2633 269 2699 olim
292 2654 379 2700 novo
400 2635 560 2718 populo⁶)
594 2636 658 2700 eris
684 2643 793 2717 pater:
828 2636 886 2703 sed
917 2637 984 2703 iam
1016 2647 1097 2703 tunc
1148 2631 1328 2697 teuendum
1350 2640 1409 2711 est,
1443 2633 1530 2715 quod
1551 2633 1646 2698 facile
1667 2634 1806 2718 singulis
1827 2634 1906 2700 locis
1927 2638 2128 2720 perspicient

120 2718 180 2783 sibi
218 2719 320 2785 fuisse
360 2731 487 2803 patrem
527 2719 719 2804 gloriantur.
782 2723 828 2786 Et
865 2744 966 2806 quum
1002 2723 1096 2790 Deus
1148 2715 1294 2796 lectores,
1319 2716 1496 2783 Servatum
1514 2717 1554 2784 de
1577 2718 1682 2783 nihilo
1700 2721 1812 2786 fucum
1831 2722 1946 2801 facero,
1967 2722 2046 2788 dum
2064 2723 2127 2789 hoe

119 2804 280 2888 Ephraim
302 2805 559 2889 primogenitum
581 2828 678 2872 suum
700 2808 856 2888 nominat,
881 2809 1029 2875 umbram
1048 2810 1097 2875 rei
1148 2802 1346 2886 principium
1392 2804 1518 2886 arripit,
1561 2803 1689 2870 visibile
1724 2806 1824 2871 fuieee
1861 2807 1901 2872 eb
1935 2808 2027 2899 initia
2060 2811 2127 2876 Dei

116 2890 256 2968 futurae,
290 2888 395 2974 quoad
417 2889 530 2958 fideles
552 2892 649 2975 ipsos,
678 2893 814 2958 minime
846 2894 1004 2974 obtendit,
1038 2895 1096 2962 scd
1148 2890 1294 2968 verbum,
1318 2898 1352 2953 et
1373 2888 1543 2955 Christum
1564 2889 1733 2956 hominem
1760 2892 1861 2958 fuisse
1884 2912 1926 2957 ex
1950 2895 2054 2960 tribus
2075 2897 2127 2961 in·

117 2984 326 3059 praesentem
349 2976 557 3060 adoptionem
586 2978 801 3044 commendat.
848 2987 923 3060 [pag.
951 2987 1023 3062 153]
1053 2983 1096 3046 In
1148 2976 1267 3040 creatis
1289 2974 1459 3041 elementis
1480 2978 1707 3059 compositum,
1730 2978 1808 3059 quia
1824 2977 1890 3042 Dei
1908 2979 2044 3045 verbum
2065 2982 2127 3048 sub

76 3122 82 3127 ,
117 3061 261 3128 secundo
290 3062 438 3127 membro
468 3063 591 3129 latetur
621 3064 731 3128 Deum
762 3065 884 3131 realem
917 3068 983 3132 iam
1016 3074 1096 3134 tunc
1148 3059 1290 3126 hominis
1312 3061 1419 3144 specie
1442 3063 1603 3144 apparuit.
1627 3063 1700 3127 Hoc
1722 3065 1884 3146 posterius
1906 3064 2029 3147 absque
2048 3087 2126 3131 con·

116 3147 218 3213 luisse
250 3154 388 3230 patrem,
421 3148 564 3215 hominis
585 3148 712 3215 Christi
744 3151 878 3217 intuitu.
923 3150 1096 3233 Quomodo
1148 3147 1309 3212 troversia
1336 3156 1504 3232 receptum
1532 3148 1594 3211 fuit
1626 3148 1713 3212 inter
1741 3158 1877 3215 veteres.
1922 3149 2051 3234 Nugeri
2071 3173 2127 3217 me

117 3232 199 3311 haec
221 3235 425 3312 convenient,
458 3234 570 3300 Deum
602 3234 664 3301 sub
692 3235 765 3319 lege
787 3257 853 3303 ηοη
876 3238 1015 3304 veritate
1037 3238 1096 3305 sed
1149 3231 1227 3298 dicit
1249 3232 1419 3312 Servatus,
1452 3255 1554 3316 quum
1587 3253 1658 3298 rem
1692 3234 1843 3299 omnibus
1872 3236 1984 3298 tritam
2011 3238 2126 3302 refero.

116 3317 152 3382 in
184 3319 304 3384 umbra
325 3320 488 3385 duntaxat
519 3320 699 3403 pollicitum
727 3322 828 3389 fnisse
850 3323 937 3407 quod
964 3325 1095 3390 futurus
1147 3317 1234 3382 Nam
1255 3318 1469 3397 Athanasius,
1497 3317 1653 3397 Basilius,
1680 3317 1947 3403 Chrysostomus,
1970 3319 2125 3404 Cyrillus,

118 3412 204 3468 esset
225 3413 326 3487 pater,
361 3415 394 3470 et
427 3415 536 3472 tamen
568 3408 633 3471 iam
667 3413 746 3472 tunc
773 3409 895 3473 realem
915 3409 1014 3475 fuisse
1036 3431 1095 3492 pa·
1147 3405 1306 3484 Hilarius,
1335 3404 1540 3479 Ambrosius,
1573 3404 1809 3488 Hieronymus,
1842 3406 2061 3488 Augustinus,
2093 3415 2128 3473 et

119 3489 225 3552 trem?
270 3490 362 3554 Nihil
390 3491 426 3555 in
449 3491 581 3558 Servati
603 3491 713 3557 verbis
740 3502 841 3559 muto.
886 3494 997 3575 Quare
1019 3517 1094 3578 per·
1148 3490 1205 3554 alii
1226 3510 1305 3573 quos
1328 3487 1488 3554 Servetus
1516 3488 1678 3572 sophistas
1706 3489 1865 3568 nominat,
1899 3488 2036 3556 subinde
2065 3491 2127 3559 hoc

118 3573 259 3656 spiciant
279 3575 427 3655 lectores,
450 3598 493 3642 an
516 3577 565 3641 illi
587 3577 660 3643 sani
677 3587 711 3641 et
728 3577 829 3644 sobrii
846 3581 980 3662 spiritus
999 3590 1095 3664 gutta
1146 3574 1322 3641 ineuleani·
1367 3574 1437 3643 Nee
1468 3583 1601 3638 tentum
1628 3576 1716 3639 inter
1738 3572 1935 3642 Serbonieee
1968 3597 2032 3641 ileu
2064 3577 2126 3643 hoe

116 3659 226 3723 fuerit.
272 3660 319 3726 Ut
339 3669 450 3726 tamen
472 3663 570 3728 venia
601 3661 777 3748 antilogiae
807 3666 911 3743 detur,
945 3666 1095 3731 nondum
1147 3669 1315 3743 receptiun
1350 3667 1407 3738 est,
1442 3659 1499 3725 sed
1535 3659 1576 3723 ad
1600 3658 1795 3726 Canonistas
1829 3682 1931 3743 usque
1964 3664 2125 3745 pervenit.

116 3744 247 3827 elapsus
269 3752 319 3811 est
340 3744 507 3813 Servetus.
552 3748 638 3812 Nam
671 3749 699 3813 si
731 3757 810 3816 tunc
833 3750 930 3815 realis
952 3758 1024 3816 erat
1045 3760 1095 3816 te·
1147 3746 1258 3827 Quare
1281 3745 1336 3810 hic
1357 3753 1536 3828 perpetuus
1566 3745 1628 3809 luit
1649 3746 1798 3811 omnium
1820 3756 1964 3812 aetatum
1987 3769 2125 3815 eonsen-

115 3831 181 3897 tius
204 3831 360 3897 ecclesiae
381 3833 505 3911 filiatio,
539 3833 662 3899 realem
683 3855 810 3916 quoque
842 3837 1004 3919 unigeniti
1026 3859 1094 3902 ser·

115 3917 222 3982 monis
244 3918 345 3983 fuisse
366 3928 502 4000 oportet,
525 3920 561 3989 in
580 3939 643 4002 quo
665 3920 755 4001 prior
776 3920 834 3985 illa
856 3921 993 3986 fundata
1013 3932 1093 3988 erat.

113 4001 294 4070 Exhibitus
321 4003 471 4068 nondum
499 4012 572 4070 erat
598 4005 633 4069 in
660 4025 760 4071 carne
781 4005 945 4084 Christus,
974 4008 1091 4073 fateor:

114 4087 172 4154 sed
194 4097 328 4155 aeterna
350 4090 443 4155 verbi
475 4091 642 4173 generatio
664 4109 684 4153 a
705 4111 805 4157 carne
826 4112 893 4156 non
914 4093 1091 4176 pendebat:

114 4175 389 4254 quamadmodum
426 4174 545 4241 delirat
578 4175 748 4257 Servatus,
786 4177 951 4260 pruritum
984 4182 1094 4244 nescio

114 4279 209 4340 quem
243 4262 314 4326 Deo
349 4262 519 4346 affingens,
558 4262 661 4328 donee
694 4263 858 4347 virginem
892 4272 1010 4330 nactus
1044 4274 1094 4331 est

115 4363 198 4424 quae
211 4347 335 4410 foetum
353 4369 395 4412 ex
413 4369 450 4413 eo
470 4349 666 4431 conciperet:
687 4348 963 4431 quemadmodum
981 4351 1093 4434 siquis

114 4427 287 4496 hominum
308 4432 445 4499 muliere
474 4435 625 4517 privatus
653 4434 694 4498 Ad
717 4435 961 4518 generationem
982 4437 1091 4520 adspi-

184 4664 214 4729 1)
233 4666 305 4735 quod
324 4668 509 4737 sapientiasit
525 4687 643 4741 persona
662 4672 761 4727 Christi
779 4689 830 4727 om.
850 4673 883 4729 0.

182 4734 213 4799 2)
232 4773 239 4787 .
258 4774 264 4787 .
284 4776 290 4786 .
309 4751 345 4788 un
362 4746 481 4791 monstra
509 4756 543 4794 en
566 4740 650 4810 Dieu,
677 4742 818 4810 appellant
840 4751 959 4798 monstrc
982 4744 1008 4798 le
1031 4743 1089 4800 Fila

113 4803 217 4858 eternel
236 4818 288 4871 que
306 4819 375 4858 nous
391 4822 514 4876 croycna.

181 4870 211 4937 3)
231 4880 259 4925 et
276 4888 310 4926 eu
328 4873 354 4926 la
372 4872 409 4927 fin
427 4873 490 4942 qu’il
509 4882 634 4931 trouvast
650 4876 746 4932 femme
764 4893 834 4946 pour
852 4878 1002 4934 l’enianter.

179 4939 211 5006 4)
234 4939 360 5008 cuam
382 4942 449 4997 aare
466 4945 565 4998 cerba·
590 4945 658 5012 quia
675 4960 755 5013 pers
775 4947 917 5001 irationem
933 4947 999 5018 Dei,
1021 4950 1089 5004 citio

110 5023 258 5078 epactam
281 5011 382 5064 emissa
404 5011 481 5079 apud
506 5012 608 5065 Bcaam
635 5018 659 5067 et
684 5013 715 5066 in
766 5020 825 5069 ma.
865 5014 959 5072 Totam
984 5033 1089 5074 canina

109 5092 161 5134 m
179 5078 305 5211 gallitia
324 5147 435 5216 l’Eglise
453 5148 577 5217 parlante
596 5164 630 5202 eu
647 5147 726 5204 lsaie.

179 5215 209 5283 6)
227 5231 263 5270 οη
280 5217 380 5287 peuple
400 5216 545 5273 Chrestien.

1146 3854 1224 3912 susp
1247 3832 1441 3896 filium‘Dei
1473 3832 1653 3913 principem
1690 3831 1777 3896 iuter
1811 3833 1944 3916 angelos
1977 3835 2039 3900 sub
2067 3835 2125 3901 he·

1145 3917 1246 3984 minis
1278 3919 1385 3982 torma
1418 3917 1611 3999 apparuisse
1644 3917 1767 3983 sanetis
1802 3918 1959 4000 patribus.
2019 3919 2126 4000 Quasi

1147 4024 1225 4069 vero
1246 4003 1404 4068 Irenaeus
1427 4010 1462 4066 et
1482 4002 1704 4067 Tertullianus
1734 4002 1912 4087 quidquam
1940 4027 1960 4070 a
1988 4006 2125 4089 reliquis

1146 4088 1315 4154 diversum
1336 4086 1479 4167 tradant,
1502 4108 1614 4152 eorum
1637 4088 1823 4154 testimonio
1846 4090 1984 4173 probare
2005 4093 2125 4157 nititur

1146 4175 1307 4242 Servatus
1328 4174 1394 4238 iam
1418 4184 1496 4238 tunc
1517 4174 1617 4238 fuisse
1635 4173 1767 4257 aliquod
1784 4174 1919 4241 Christo
1937 4197 2064 4258 corpus,
2088 4178 2124 4241 in

1147 4282 1211 4344 quo
1233 4259 1372 4326 visibilis
1400 4268 1487 4325 esset
1507 4257 1574 4323 Dei
1602 4260 1800 4339 substantia,
1835 4271 1869 4325 et
1890 4261 2030 4326 verbum
2052 4262 2124 4328 eius

1145 4348 1215 4413 sine
1250 4366 1384 4428 corpore
1412 4354 1521 4412 creato
1543 4346 1681 4410 visibile.
1727 4343 1764 4411 Si
1788 4345 1964 4412 observent
1985 4346 2124 4414 lectores

1143 4433 1179 4498 in
1201 4454 1266 4516 quo
1289 4431 1511 4497 hallucinetur
1531 4429 1701 4508 Servatus,
1724 4431 1818 4496 nobis
1840 4451 1907 4497 ηοη
1930 4433 1994 4496 erit
2014 4433 2122 4517 longa,

1144 4541 1206 4585 nee
1227 4521 1375 4584 flexuosa
1397 4515 1599 4599 disceptatio.
1634 4516 1807 4581 Visibilem
1831 4522 1905 4597 [pag.
1926 4523 2001 4598 155]
2022 4520 2123 4585 fuisse

1142 4605 1209 4670 Dei
1241 4603 1349 4670 filium
1379 4604 1416 4667 in
1449 4603 1555 4666 forma
1585 4601 1728 4669 hominis
1756 4600 1872 4668 dicunt
1898 4603 2056 4672 Irenaeus
2089 4611 2124 4671 et

1143 4690 1376 4757 Tertullianus.
1432 4688 1614 4765 Assentior,
1649 4687 1717 4751 imo
1754 4689 1934 4754 concinunt
1967 4712 2032 4756 uno
2066 4711 2123 4755 ore

1143 4778 1292 4842 omnium
1318 4781 1467 4840 aetatum
1493 4773 1602 4857 graeci
1634 4778 1667 4837 et
1695 4772 1791 4837 latini
1811 4777 1993 4859 scriptores.
2038 4773 2122 4840 Inde

1142 4863 1267 4947 colligit
1284 4859 1452 4937 Servatus,
1474 4856 1637 4922 visibilem
1647 4858 1676 4941 ²)
1698 4858 1802 4943 igitur
1823 4862 1923 4926 fuisse
1945 4860 2039 4928 verbi
2056 4859 2123 4926 Dei

1211 5152 1241 5218 1)
1259 5151 1284 5207 le
1302 5150 1373 5206 Nom
1391 5148 1425 5202 de
1443 5147 1520 5202 Dieu.

1209 5221 1239 5289 2)
1257 5219 1331 5276 Aac.
1349 5218 1496 5272 tonsiours.
