4786 5910
231 296 293 357 315
1032 287 1095 352 DE
1118 287 1340 354 AEPERNA
1360 287 1445 354 DEI
2181 291 2247 357 316

229 481 265 544 in
294 477 444 545 cordibus
480 477 550 541 suis
577 477 779 558 insculptum
808 476 983 541 retineant
1027 475 1209 542 Hominem
1261 483 1354 540 motu
1367 474 1558 558 impulsum,
1576 474 1790 541 meritoforte
1803 475 2074 542 insultaretmihi
2086 478 2244 562 Pighius:

230 567 242 630 i
268 567 343 642 tur,
364 582 466 644 quem
487 583 550 626 sua
567 561 671 644 ipsius
694 563 895 627 conscientia
916 560 1061 639 damnat,
1085 564 1210 627 frustra
1261 583 1348 627 nuno
1372 570 1483 625 autem
1506 581 1608 644 quum
1629 582 1649 625 a
1669 561 1743 627 Deo
1764 563 1984 646 propinquam
2006 564 2143 629 aetionis
2165 586 2245 630 eau-

230 672 250 716 a
308 649 398 714 lvere
419 645 528 711 tendit
549 647 709 729 impietas.
739 644 837 727 Quod
859 655 970 711 autem
987 648 1080 712 Deus
1103 649 1209 712 sciens
1261 668 1332 711 sam
1355 667 1545 725 remouens,
1574 646 1673 712 simul
1696 668 1828 713 omnem
1856 648 1897 714 ab
1918 668 1957 712 eo
1980 648 2111 731 eulpam
2133 670 2243 715 remo·

228 756 266 801 ac
282 733 397 800 volens
415 731 584 797 hominem
602 732 713 814 ipsum
730 731 847 796 eadere
860 753 978 814 passus
993 739 1057 797 est:
1081 733 1209 798 occulta
1261 753 1372 807 ream,
1391 739 1429 795 ut
1451 731 1542 796 solus
1564 732 1662 796 homo
1683 741 1812 799 reatum
1831 734 1960 799 subeat:
1985 733 2186 800 calumniose
2209 743 2243 801 et

228 821 313 886 ratio
334 840 405 884 esse
426 824 552 901 potest,
581 817 706 882 iniusta
727 838 795 881 non
817 825 934 900 potest
980 818 1054 882 Hoe
1077 818 1209 900 quidem
1261 815 1409 899 improbe
1443 815 1567 882 dietum
1606 816 1695 882 istud
1734 819 1770 883 in
1808 839 1863 883 me
1897 826 2044 901 torquet:
2084 819 2242 888 Hominis

229 907 351 988 absque
369 902 799 969 controversiatenendum:
823 923 953 985 semper
970 903 1020 967 illi
1040 912 1209 986 peceatum
1262 900 1477 966 defectionem
1498 923 1602 966 unum
1625 924 1696 969 esse
1719 926 1760 969 ex
1778 904 1844 969 Dei
1866 904 2028 986 operibus.
2069 903 2243 986 Quomodo

230 989 304 1057 odio
326 991 434 1054 fuisse.
479 987 566 1051 Nam
589 1009 666 1053 vere
688 988 832 1071 elogium
858 988 920 1053 hoe
942 1009 1005 1070 quo
1028 996 1207 1053 ornatura
1262 995 1373 1051 autem
1397 987 1461 1051 Dei
1484 989 1702 1069 praescientia
1727 998 1760 1054 et
1788 988 1917 1054 decreto
1947 995 2111 1055 statutum
2132 991 2241 1072 fuerit,

228 1074 361 1142 Davide
384 1075 453 1151 (Ps.
474 1078 503 1151 5,
528 1077 572 1152 5),
594 1074 630 1137 in
653 1093 730 1137 eum
748 1073 917 1156 competit:
941 1071 1038 1154 Quod
1052 1072 1144 1138 Deus
1166 1074 1210 1138 sit
1261 1070 1347 1155 quod
1380 1071 1420 1137 de
1453 1073 1585 1137 homine
1621 1075 1770 1139 futurum
1803 1082 1884 1152 erat,
1924 1095 2033 1159 neque
2062 1082 2178 1141 tamen
2206 1078 2241 1142 in

229 1162 439 1245 iniquitatem
471 1179 537 1223 non
569 1158 691 1224 volens:
707 1164 729 1233 ¹)
779 1157 892 1240 Quum
920 1160 1028 1242 potius
1059 1160 1094 1222 in
1121 1158 1209 1224 ordi·
1261 1157 1376 1240 eulpae
1398 1158 1586 1223 societatem
1608 1159 1789 1224 trahendus
1811 1161 1855 1225 sit
1876 1161 1985 1238 Deus,
2017 1162 2111 1243 quasi
2133 1170 2241 1228 trans-

229 1245 340 1313 nando
361 1244 505 1310 hominis
527 1243 622 1326 lapsu
645 1246 744 1309 finem
766 1244 882 1309 habuit
904 1245 1065 1327 optimum
1087 1252 1121 1308 et
1136 1263 1207 1308 ree-
1261 1243 1439 1327 gressionis
1460 1242 1513 1308 vel
1537 1252 1632 1309 autor
1653 1244 1697 1309 sit
1719 1245 1771 1310 vel
1794 1246 2000 1328 approbator,
2023 1267 2126 1329 quum
2143 1247 2242 1333 longe

230 1334 412 1410 tissimum,
443 1351 463 1394 a
489 1349 553 1412 quo
581 1329 736 1394 abhorret
763 1330 888 1411 peecati
918 1351 1047 1394 nomen.
1093 1327 1208 1410 Quan-
1260 1328 1359 1393 altius
1393 1327 1560 1393 humanae
1594 1331 1715 1394 mentis
1741 1331 1942 1414 perspicacia
1975 1351 2047 1396 esse
2080 1352 2241 1399 areanum

231 1439 330 1502 qnam
359 1417 406 1482 sie
428 1414 597 1479 ordinasse
619 1412 705 1491 dieo,
736 1423 775 1479 ut
801 1436 876 1479 eum
904 1417 1037 1499 proprie
1059 1425 1208 1479 autorem
1234 1423 1235 1439 ¹
1260 1413 1370 1497 palam
1400 1413 1458 1492 sit,
1489 1434 1531 1478 ne
1558 1415 1780 1497 ignorantiam
1807 1423 1954 1480 nostram
1983 1417 2078 1481 fateri
2106 1417 2239 1500 pudeat.

231 1505 333 1568 fnisse
360 1523 428 1566 non
456 1498 639 1566 concedam.
684 1503 734 1566 Ae
755 1522 797 1565 ne
819 1501 948 1583 longior
970 1502 1047 1578 sim,
1076 1500 1208 1583 penitus
1260 1500 1346 1578 Imo,
1380 1520 1422 1564 ne
1454 1520 1551 1581 quem
1584 1521 1626 1565 ex
1653 1500 1806 1566 fidelibus
1833 1503 1961 1567 nescire
1990 1503 2117 1586 pigeat,
2152 1503 2240 1587 qnod

231 1587 318 1673 quod
341 1585 551 1670 Augustinus
559 1589 587 1661 ²)
617 1585 726 1663 doeet,
755 1586 927 1668 impletum
956 1587 1056 1651 fuisse
1086 1585 1207 1650 sentio:
1260 1585 1422 1649 Dominus
1455 1585 1538 1650 lueis
1577 1606 1655 1650 suae
1694 1587 1880 1652 inaccessae
1919 1587 2046 1671 fulgore
2076 1588 2237 1655 absorbet.

233 1683 271 1739 nt
291 1674 376 1737 miro
398 1681 432 1736 et
452 1671 612 1735 ineffabili
641 1672 737 1735 modo
764 1692 832 1734 non
859 1672 957 1735 fuerit
984 1679 1114 1754 praeter
1137 1672 1208 1735 eius
1259 1670 1411 1734 Primum
1433 1669 1517 1732 nihil
1540 1670 1623 1748 aliis,
1646 1672 1711 1736 nisi
1734 1693 1775 1737 ex
1799 1673 1900 1736 animi
1923 1674 1987 1737 mei
2009 1693 2118 1753 sensu,
2142 1695 2237 1758 prae·

233 1760 437 1826 voluntatem
460 1757 598 1832 factum,
630 1755 838 1838 quodetiam
861 1756 1208 1821 contraeiusvolun·
1233 1789 1236 1808 ι
1260 1754 1374 1819 scribo.
1421 1755 1528 1819 Pestis
1555 1755 1643 1819 enim
1671 1756 1753 1820 mihi
1783 1758 1847 1821 erit
1873 1758 2052 1837 Dominus,
2086 1760 2139 1824 eui
2162 1781 2239 1826 eon-

233 1852 335 1911 tatem
363 1844 574 1907 factumest:
609 1842 685 1923 quia
706 1863 773 1906 non
794 1844 905 1920 fieret,
935 1844 962 1907 si
986 1864 1051 1907 non
1074 1843 1206 1907 sineret.
1260 1840 1397 1906 seientia
1418 1860 1492 1904 mea
1513 1839 1704 1919 subscribet,
1724 1842 1771 1908 sie
1789 1864 1842 1908 me
1862 1843 2025 1926 stupenda
2038 1844 2239 1928 haeeipeius

232 1931 302 1996 Nee
341 1929 454 2010 utique
494 1927 608 1991 nolens
641 1928 735 2005 sinit,
778 1927 836 1992 sed
871 1933 946 2005 [pag.
977 1932 1050 2005 117]
1085 1928 1207 1992 volens.
1260 1926 1380 1990 iudicia
1402 1925 1546 2007 quotidie
1568 1925 1737 2005 meditari,
1764 1928 1916 1993 utnulla
1941 1951 1994 1994 me
2017 1929 2092 2012 plus
2114 1930 2239 2014 aliquid

232 2014 357 2099 Negari
392 2014 489 2091 enim,
523 2012 610 2094 quod
648 2013 717 2078 illic
754 2013 952 2096 principium
985 2013 1102 2089 sumit,
1143 2035 1209 2076 non
1260 2011 1384 2076 sciendi
1412 2011 1584 2075 euriositas
1611 2011 1779 2077 sollicitet.-
1810 2014 1904 2079 nulla
1935 2014 2018 2078 mihi
2047 2013 2088 2080 de
2114 2017 2239 2082 incom-

146 2153 155 2162 ,
231 2109 363 2185 potest:
408 2099 492 2163 Pam
525 2098 692 2162 hominem
727 2118 827 2181 quam
863 2099 997 2183 angelos
1032 2107 1209 2181 apostatas,
1234 2053 1236 2167 i
1260 2096 1397 2179 parabili
1426 2098 1495 2161 eius
1515 2097 1644 2161 iustitia
1663 2099 1800 2180 obrepat
1822 2104 1896 2178 [pag.
1922 2106 1995 2176 119]
2027 2101 2161 2166 sinistra
2182 2123 2238 2166 su·

167 2204 170 2208 ’
233 2194 394 2272 quantum
416 2183 458 2249 ad
480 2184 568 2265 ipsos
586 2185 713 2262 attinet,
736 2183 823 2266 qnod
836 2185 929 2249 Deus
942 2184 1056 2261 noluit,
1080 2185 1208 2249 fecisse:
1233 2169 1236 2270 ἶ
1261 2181 1376 2265 spieio:
1422 2181 1515 2245 nulla
1559 2203 1613 2246 me
1651 2184 1922 2249 obmurmurandi
1962 2184 2064 2249 libido
2104 2207 2239 2269 prorsus

233 2280 395 2357 quantum
424 2290 502 2334 vero
532 2268 574 2333 ad
595 2270 659 2333 Dei
687 2269 973 2352 omnipotentiam,
1002 2268 1209 2335 nullomodo
1234 2272 1236 2314 ῑ
1261 2267 1384 2332 titillet.
1419 2267 1580 2350 Denique,
1604 2269 1639 2331 in
1661 2269 1723 2335 hae
1744 2269 1925 2353 Augustini
1937 2270 1960 2352 ¹)
1984 2272 2151 2336 sententia
2171 2294 2239 2337 non

232 2360 362 2424 efficere
395 2354 428 2419 id
461 2354 614 2420 valuisse.
668 2356 759 2438 Ilrgo
788 2356 895 2421 saneti
928 2355 992 2421 viri
1024 2355 1209 2421 sententiae
1260 2354 1373 2416 minus
1402 2352 1580 2435 tranquille
1602 2374 1702 2436 quam
1724 2354 1866 2420 libenter
1894 2356 2078 2438 acquiesco:
2117 2359 2238 2438 Deum,

230 2442 412 2510 subscribo:
440 2439 487 2505 sie
514 2439 677 2521 peccando
706 2440 821 2506 leoisse
844 2439 931 2522 qnod
952 2441 1084 2506 nolebat
1106 2442 1208 2519 Deus,
1260 2438 1316 2521 qui
1340 2439 1466 2503 creavit
1497 2439 1609 2504 omnia
1638 2438 1725 2504 bona
1751 2438 1863 2520 valde,
1897 2450 1932 2507 et
1958 2443 2046 2506 mala
2078 2464 2120 2508 ex
2142 2444 2239 2509 bonis

232 2540 270 2595 nt
291 2550 350 2612 per
372 2525 495 2590 malam
517 2544 632 2589 eorum
654 2525 859 2591 voluntatem
881 2527 1002 2592 faceret
1014 2527 1106 2591 Deus
1124 2524 1210 2608 qnod
1261 2524 1430 2588 exoritura
1450 2524 1635 2607 praescivit,
1658 2533 1692 2589 et
1713 2527 1811 2591 scivit
1828 2527 1934 2612 magis
1957 2526 1998 2591 ad
2021 2547 2113 2593 suam
2131 2529 2240 2593 omni-

231 2613 372 2681 volebat.
417 2609 456 2676 Si
483 2610 556 2693 quis
583 2610 645 2677 hoe
672 2611 794 2677 mentis
822 2633 900 2676 suae
930 2621 1029 2695 captu
1058 2612 1209 2694 superius
1260 2609 1524 2692 potentissimam
1546 2610 1726 2675 bonitatem
1752 2613 1933 2694 pertinere,
1955 2613 2053 2677 etiam
2076 2612 2116 2677 de
2138 2614 2238 2679 malis

232 2721 305 2765 esse
334 2697 485 2778 excipiat,
530 2695 618 2760 idem
652 2706 684 2762 et
714 2695 755 2762 de
785 2718 839 2762 me
871 2698 983 2762 fateor.
1037 2694 1104 2762 Sed
1132 2696 1209 2778 quid
1260 2695 1460 2773 benefacere,
1478 2715 1576 2778 quam
1593 2696 1682 2760 mala
1692 2716 1764 2762 esse
1782 2718 1849 2762 non
1862 2698 1986 2762 sinere:
2009 2698 2054 2764 sie
2066 2696 2240 2765 ordinasse

232 2786 370 2859 mirum,
398 2782 426 2845 si
456 2779 627 2846 modulum
654 2792 806 2847 nostrum
835 2783 998 2846 immensa
1025 2792 1059 2846 et
1086 2783 1209 2846 ineom-
1235 2837 1237 2860 ,
1261 2780 1456 2864 angelorum
1479 2787 1513 2844 et
1533 2781 1707 2845 hominum
1729 2784 1841 2863 vitam,
1865 2792 1902 2847 ut
1918 2785 1952 2847 in
1972 2785 2114 2866 cuprius
2128 2793 2239 2849 osten·

231 2867 464 2954 prehensibilis
475 2865 540 2930 Dei
558 2869 712 2932 maiestas
723 2868 919 2950 exsuperet?
948 2868 1061 2950 Atqui,
1080 2877 1210 2932 tantum
1262 2863 1362 2944 deret,
1385 2863 1463 2948 quid
1484 2876 1595 2949 posset
1616 2866 1756 2932 liberum
1778 2888 1892 2932 eorum
1915 2870 2099 2948 arbitrium,
2119 2869 2240 2935 deinde

233 2954 340 3030 abest,
362 2961 401 3017 ut
422 2973 481 3034 pro
503 2953 611 3017 earnis
631 2953 757 3018 ratione
779 2952 1013 3036 explicandum
1035 2953 1211 3036 suscipiam
1262 2949 1340 3033 quid
1372 2959 1482 3034 posset
1512 2953 1638 3035 gratiae
1672 2975 1751 3018 suae
1783 2953 1992 3032 beneficium,
2026 2955 2240 3039 iustitiaeque

233 3040 372 3106 sublime
411 3037 502 3103 istud
535 3038 804 3121 reconditumque
839 3060 1013 3117 areanum,
1053 3047 1092 3102 ut
1124 3037 1210 3121 quod
1261 3035 1427 3102 iudicium.
1473 3036 1526 3101 Ad
1549 3037 1645 3116 haee,
1674 3048 1712 3102 ut
1733 3036 1774 3102 de
1796 3041 1917 3106 affeetu
1939 3061 2013 3105 meo
2035 3048 2177 3106 taceam:
2209 3042 2239 3106 si

233 3126 329 3190 initio
359 3125 526 3207 praefatus
553 3146 643 3202 sum,
669 3124 798 3189 assidue
825 3124 862 3188 in
884 3125 1076 3189 memoriam
1103 3124 1210 3189 redire
1261 3122 1379 3205 quibus
1411 3123 1459 3186 ita
1491 3123 1645 3204 pruriunt
1676 3145 1789 3200 aures,
1824 3134 1864 3189 ut
1894 3125 1979 3189 nihil
2008 3125 2069 3190 sibi
2104 3147 2143 3190 ex
2171 3127 2240 3192 Dei

231 3212 344 3288 velim,
367 3208 515 3292 desipere
537 3210 592 3292 qui
615 3209 689 3292 plus
711 3210 795 3276 seire
813 3218 984 3294 appetunt,
1007 3231 1104 3293 quam
1118 3211 1210 3275 Deus
1261 3207 1428 3292 mysteriis
1462 3207 1609 3273 clausum
1653 3210 1881 3294 obtectumque
1926 3230 1998 3276 esse
2031 3211 2147 3276 velint:
2188 3211 2242 3278 bis

232 3296 441 3363 revelaverit.
497 3294 609 3375 Quare
648 3317 708 3360 noe
747 3296 856 3378 potius
895 3295 992 3361 dueta
1023 3295 1212 3378 ignorantia
1262 3313 1405 3358 vesanus
1434 3294 1497 3356 erit
1523 3295 1696 3376 magister,
1730 3297 1787 3378 qui
1811 3295 1932 3361 talibus
1955 3295 2123 3379 discipulis
2143 3299 2242 3363 satis-

232 3383 387 3460 delectet,
424 3402 521 3463 quam
549 3381 773 3464 intemperans
801 3390 835 3446 et
865 3381 957 3446 ebria
984 3381 1106 3447 sciendi
1136 3381 1210 3465 plus
1262 3379 1368 3443 faeere
1401 3378 1589 3464 tentabit.²)
1639 3381 1756 3446 Potius
1787 3380 1908 3464 trepidi
1941 3380 2129 3460 audiamus,
2160 3382 2243 3466 quid

232 3489 332 3552 quam
360 3468 453 3532 Deus
479 3466 642 3549 permittit
668 3467 853 3533 euriositas:
895 3468 957 3532 sub
986 3468 1048 3533 hae
1081 3476 1210 3532 tantum
1263 3461 1385 3530 Davidi
1417 3462 1584 3542 acciderit,
1618 3487 1721 3548 quum
1754 3467 1789 3531 in
1822 3468 1979 3544 usitata⁸)
2012 3467 2077 3531 Dei
2109 3467 2242 3546 iudicia,

231 3554 418 3619 reverentia
441 3573 477 3617 se
498 3573 612 3617 omnes
634 3575 751 3618 sensus
773 3553 876 3617 animi
897 3554 1103 3630 eontineant,
1125 3553 1209 3617 nihil
1263 3570 1345 3632 quae
1367 3549 1402 3613 in
1425 3557 1561 3614 externo
1583 3571 1756 3634 corporum
1786 3561 1820 3617 et
1841 3552 2023 3636 praesentis
2041 3553 2129 3618 vitae
2150 3560 2243 3618 statu

231 3638 344 3703 Deum
372 3639 406 3700 in
436 3638 581 3703 hominis
608 3649 741 3720 peceato
762 3638 920 3717 voluisse,
949 3639 1014 3703 nisi
1042 3637 1126 3722 quod
1151 3659 1211 3703 sna
1235 3672 1238 3753 1
1263 3644 1431 3718 apparent,
1454 3634 1528 3719 plus
1546 3655 1649 3719 aequo
1667 3638 1862 3719 inquireret:
1885 3639 2009 3703 Faetus
2027 3660 2110 3719 sum,
2131 3639 2245 3721 inquit

231 3724 362 3789 iustitia
384 3722 520 3806 dignum
543 3732 623 3787 orat.
1264 3721 1366 3803 (Psal.
1387 3726 1437 3802 73,
1461 3725 1525 3800 22),
1547 3720 1634 3804 apud
1655 3731 1689 3787 te
1711 3724 1827 3788 similis
1849 3726 2004 3788 iumento.
2033 3724 2110 3789 Non
2130 3723 2243 3806 potuit

318 3808 534 3890 Prosequitur
555 3809 709 3891 Pighius:
733 3808 771 3874 Si
794 3808 859 3873 Dei
881 3830 962 3891 opus
990 3817 1041 3875 est
1067 3809 1211 3874 hominis
1263 3814 1377 3872 tantus
1398 3808 1560 3890 propheta
1579 3809 1615 3871 in
1636 3809 1736 3873 rebus
1758 3810 1867 3875 minus
1894 3809 2041 3875 obseuris
2069 3819 2103 3875 et
2123 3829 2243 3875 recon-

233 3893 412 3979 apostasia,
435 3892 554 3957 falsum
577 3913 648 3959 esse
670 3893 755 3977 quod
778 3895 940 3978 scriptura
962 3895 1078 3973 tradit,
1101 3896 1211 3960 omnia
1263 3892 1340 3957 ditis
1363 3892 1450 3957 ultra
1481 3893 1532 3958 fas
1562 3915 1691 3976 sapere,
1725 3897 1804 3977 quin
1833 3894 1948 3960 brutae
1975 3891 2109 3978 pecudis
2133 3897 2243 3960 instar

233 4002 318 4063 quae
339 3978 531 4055 faeitDeus,
555 3979 639 4044 bona
661 4000 741 4045 esse.
764 3981 875 4062 Atqui,
899 3988 931 4045 et
953 3990 1065 4046 sancte
1084 3981 1208 4057 testari,
1262 3979 1519 4060 obstupesceret:
1544 3999 1603 4043 nos
1625 4000 1703 4046 vero
1724 3989 1956 4065 praeposterae
1972 3983 2093 4045 mentis
2106 3990 2242 4048 nostrae

233 4075 267 4131 et
288 4067 431 4148 ingenue
453 4065 599 4146 profiteri
617 4086 760 4148 possum,
784 4065 864 4130 mihi
884 4079 1107 4131 commentum
1119 4065 1209 4130 istud
1262 4062 1415 4128 lasciviae
1442 4064 1477 4127 in
1507 4064 1703 4130 excutiendo
1731 4066 1867 4131 oonsilio
1896 4067 1960 4130 Dei
1986 4068 2134 4132 omnium
2160 4087 2242 4149 pro-

232 4171 404 4234 nunquam
436 4150 567 4213 venisse
599 4151 634 4214 in
665 4159 820 4217 mentem.
871 4152 1034 4217 Naturam
1067 4152 1209 4215 hominis
1261 4147 1457 4213 fundissimo
1485 4149 1618 4231 impune
1636 4148 1903 4236 indulgebimus?
1947 4152 2128 4234 Postquam
2149 4152 2243 4217 Pau-

231 4236 306 4302 ideo
327 4243 454 4300 reetam
475 4236 581 4317 primo
602 4236 768 4301 conditam
789 4238 889 4303 fuisse
909 4245 982 4316 [pag.
997 4244 1071 4316 118]
1089 4237 1210 4319 ubique
1262 4234 1325 4313 lus,
1349 4234 1458 4299 Deum
1481 4256 1523 4299 ex
1549 4234 1678 4317 perdita
1705 4259 1816 4303 massa
1848 4238 1969 4321 eligere
2002 4245 2036 4300 et
2063 4238 2242 4321 reprobare

236 4342 357 4400 assero,
380 4341 423 4385 ne
445 4321 600 4404 pravitas,
630 4342 728 4404 quam
750 4324 811 4389 sibi
834 4323 1014 4390 delectione
1036 4322 1209 4399 contraxit,
1262 4340 1342 4402 quos
1371 4319 1418 4383 illi
1447 4320 1558 4386 visum
1580 4329 1645 4400 est,
1676 4321 1799 4388 docuit:
1830 4343 1932 4406 quare
1959 4330 1993 4387 et
2016 4321 2177 4404 quomodo
2205 4321 2243 4386 id

235 4405 309 4471 Deo
331 4407 434 4489 possit
455 4404 609 4472 adscribi:
631 4414 773 4474 mortem
795 4411 848 4476 cui
865 4430 901 4474 se
919 4408 1129 4491 mancipavit,
1152 4407 1210 4491 qui
1263 4409 1321 4470 fiat
1350 4405 1430 4471 adeo
1458 4426 1526 4469 non
1554 4405 1701 4489 expedit,
1730 4418 1768 4473 ut
1795 4409 1904 4493 potius
1932 4413 2007 4487 [pag.
2037 4414 2157 4488 120]e
2204 4427 2241 4472 a·

235 4501 312 4557 ante
334 4513 465 4576 eompos
486 4492 575 4557 vitae
596 4500 682 4573 erat‘,
712 4496 759 4560 sie
786 4496 966 4578 profectam
983 4515 1055 4559 esse
1076 4495 1117 4559 ab
1139 4495 1210 4559 eius
1263 4512 1399 4557 vescens
1426 4492 1461 4556 in
1489 4492 1664 4557 clamorem
1697 4492 1792 4559 illum
1824 4500 1988 4576 erumpat:
2022 4490 2053 4558 Ο
2081 4494 2178 4560 altitu
2203 4493 2240 4559 ol

234 4578 346 4662 otdpa,
369 4599 411 4643 ne
431 4578 524 4643 Deus
546 4586 642 4643 antor
664 4588 843 4645 censeatur.
878 4579 915 4646 Si
938 4600 1084 4662 unquam
1106 4579 1211 4646 divini
1262 4577 1372 4654 (Rom.
1399 4582 1453 4656 ll,
1484 4579 1551 4662 33.)
1594 4579 1640 4643 Ει
1661 4599 1721 4643 nos
1751 4581 1820 4645 eius
1847 4577 2032 4644 altitudinis
2053 4579 2242 4646 reverentia

233 4665 372 4747 spiritus
392 4665 551 4730 instinctu
573 4664 696 4731 laetum
720 4687 791 4731 esse
814 4664 979 4744 dixissem,
998 4673 1036 4729 ut
1053 4686 1088 4730 se
1106 4663 1210 4731 eDeo
1263 4683 1330 4727 non
1350 4662 1507 4745 perculsi,
1530 4665 1662 4746 penitus
1684 4666 1822 4730 serutari
1844 4664 2054 4745 audebimus,
2078 4665 2241 4750 quomodo

232 4751 360 4833 primus
382 4750 481 4815 homo
504 4751 677 4815 alienaret:
707 4774 745 4818 ae
766 4773 833 4817 non
857 4751 966 4834 potius
990 4751 1110 4833 ubique
1133 4769 1209 4815 eon·

134 4832 138 4841 ⁴
233 4835 418 4915 tenderem,
443 4834 563 4901 diaboli
584 4837 795 4921 instigatione
822 4844 856 4902 et
877 4836 1009 4919 proprio
1031 4836 1139 4902 cordis
1160 4836 1211 4900 sui

1334 4919 1365 5039 ὲ)
1383 4919 1424 5001 Dc
1442 4919 1613 5013 correptione
1632 4922 1764 5015 et’gratia
1783 4937 1843 5002 cap.
1862 4921 1902 4977 10.
2013 4993 2020 5004 ι
2093 4990 2100 5004 ι

304 5057 334 5121 1)
354 5057 427 5111 Add.
452 5058 472 5111 il
496 5057 541 5138 lup
564 5058 681 5138 attribue
705 5075 741 5113 un
764 5059 838 5114 tiltre
861 5058 906 5126 qui
929 5064 972 5112 est
988 5042 1160 5127 inseparablc
1180 5058 1213 5112 de
1266 4992 1366 5127 prinae)
1378 4989 1634 5138 &opnppgppnheu
1651 4989 1751 5045 dem
1770 4998 1879 5139 {Mtte
1898 4991 1946 5046 des
1963 5007 2075 5047 caneux
2091 4991 2112 5045 ss
2130 5006 2160 5046 w
2178 4990 2241 5046 sm

235 5138 286 5179 son
305 5139 416 5180 essonae
435 5132 464 5179 et
481 5127 594 5180 maraste
612 5127 710 5181 divine.
1337 5124 1368 5191 3)
1396 5124 1444 5180 διο
1503 5141 1596 5195 eaeeps
1621 5132 1647 5181 ct
1675 5124 1824 5181 Gadanus.
1866 5127 2039 5183 Rasum
2064 5143 2121 5182 ooo
2146 5127 2244 5184 verbm

304 5191 755 5264 praecurrentemque.
1267 5194 1405 5250 inusitata.
1467 5195 1538 5250 allos
1553 5195 1638 5263 plane
1654 5197 1761 5251 omittit.

236 4992 440 5001 -.-..——.—.
