4702 5926
116 333 177 397 tal
873 332 1136 401 MIOHAELIS
1160 331 1373 401 SERVETI.

2072 344 2138 409 582

114 521 248 588 Interea
282 517 322 585 de
354 520 474 602 spiritu
505 526 618 586 sancto
646 527 748 599 tacet,
778 541 877 604 quem
908 522 988 587 ahbi
1022 543 1097 588 oum
1151 541 1286 604 corpore
1314 531 1348 588 et
1376 525 1487 590 anima
1512 525 1713 609 compositus
1740 525 1996 608 superveniente
2015 529 2138 612 spiritu

115 611 290 687 [666166]
323 606 424 672 verbo
457 604 640 671 confundit:
675 627 783 688 neque
818 607 852 671 id
880 608 1003 686 solum,
1038 608 1096 674 sed
1151 608 1314 672 formatur
1335 608 1377 674 ad
1398 611 1579 696 imaginem
1600 611 1673 677 Dei.
1719 609 1818 691 Quod
1835 609 1995 679 Servatus
2017 635 2138 698 expro-

115 689 316 776 persuadere
338 698 491 769 conatur,
513 691 642 755 nullum
665 713 685 757 6
706 692 912 758 Tertulliano
935 693 1011 776 poni
1034 693 1099 759 dis·
1150 690 1241 772 brat,
1270 714 1324 757 me
1350 717 1473 778 negare
1502 697 1639 763 insitum
1666 695 1854 762 hominibus
1876 697 1942 762 Dei
1970 700 2135 783 spiritum,

116 779 251 845 crimen.
316 778 423 841 Docet
454 777 678 842 Tertullianus
710 777 822 842 Deum
859 780 996 843 minime
1028 800 1099 846 esse
1151 777 1248 859 quale
1280 778 1337 858 611,
1372 781 1450 845 61111
1481 803 1654 866 exponam.
1698 783 1764 848 Hic
1797 802 1875 848 vero
1904 783 1980 848 16161
2010 785 2138 854 6616166
2214 792 2217 798 ’

116 884 259 941 carnem,
282 884 320 928 ao
342 863 479 928 verbum
497 862 632 927 minime
655 885 787 928 carnem
810 865 942 943 factum,
965 865 1042 947 quia
1064 866 1099 930 in
1151 862 1297 946 effugere
1324 884 1391 929 non
1416 873 1540 949 potest,
1569 869 1626 951 qui
1652 889 1713 933 sua
1740 869 1901 950 figmenta
1921 890 1982 952 pro
2004 871 2137 937 Irenaei
2252 873 2254 879 ’

116 971 250 1017 6666661
273 950 527 1031 transfiguratus
549 950 602 1025 sit,
626 948 684 1014 sed
700 950 777 1031 quia
799 971 931 1015 carnem
952 949 1097 1030 indutus,

116 1056 155 1101 ec
177 1033 264 1118 quod
285 1035 533 1117 transfiguratio
553 1035 763 1118 interemptio
786 1035 830 1100 sit
850 1034 993 1117 pristini:
1018 1035 1098 1101 Ser-

115 1128 212 1188 vatus
231 1118 368 1185 eandem
387 1139 476 1184 nunc
497 1119 605 1185 carnis
623 1119 777 1185 deitatem
800 1122 835 1183 16
854 1121 988 1186 Christo
1010 1143 1097 1187 com·

114 1207 316 1282 miniseitur,
340 1225 425 1287 quae
447 1205 526 1269 olim
547 1206 611 1269 fuit
631 1205 737 1271 verbi:
768 1206 988 1271 substantiam
1015 1228 1098 1289 quae

115 1298 196 1356 tunc
216 1292 308 1357 verbi
331 1297 416 1369 6661,
440 1312 529 1355 6666
550 1312 621 1356 esse
642 1292 765 1357 carnis:
796 1291 936 1374 denique
965 1312 1097 1357 carnem

114 1397 186 1443 csse
205 1376 326 1441 Deum.
360 1374 412 1441 ..si
440 1396 515 1441 cum
542 1398 580 1441 eo
608 1379 767 1442 consertis
793 1377 946 1443 manibus
967 1379 1097 1443 Tertul-

113 1463 222 1528 lianus
243 1469 424 1547 pugnaret,
445 1483 513 1526 non
535 1471 645 1545 posset
663 1464 769 1546 magis
791 1484 833 1527 66
855 1465 999 1546 66616666
1022 1485 1097 1529 eum

114 1548 286 1632 stringere.
322 1549 427 1631 Atqui
444 1549 586 1612 ferream
603 1549 745 1612 frontem
768 1548 822 1611 hio
840 1569 966 1632 quoque
988 1558 1096 1613 osten·

114 1642 172 1712 tat,
196 1654 232 1699 se
254 1632 369 1698 eadem
389 1635 509 1715 ubique
526 1633 642 1698 docere
664 1634 798 1712 iactans,
822 1642 856 1698 et
877 1642 988 1699 tamen
1011 1635 1097 1698 nihil

114 1719 157 1784 ad
178 1740 250 1784 rem
271 1719 387 1785 iacere.
433 1718 523 1799 Quid
546 1719 607 1783 hoc
629 1718 701 1783 est?
739 1718 866 1796 Sermo,
890 1720 1095 1785 Tertulliano

114 1811 208 1882 teste,
230 1824 362 1868 66666
379 1806 679 1888 transfiguratione,
702 1804 755 1870 vel
774 1803 996 1870 demutatione
1018 1805 1096 1870 sub-

115 1891 259 1954 stantiae
279 1909 356 1955 6666
377 1890 484 1955 166666
506 1897 564 1968 666,
586 1911 648 1955 666
669 1891 815 1954 mixtura
836 1890 987 1973 quadam,
1011 1891 1097 1957 sicut

115 1977 275 2042 electrum
286 1977 311 2052 ¹)
332 1996 374 2040 66
396 1996 475 2041 auro
504 1982 536 2040 et
559 1982 696 2059 argento
718 1976 904 2041 conficitur:
933 1975 991 2041 sed
1019 1978 1097 2059 quia

115 2063 270 2128 incarne
291 2081 328 2127 66
349 2061 549 2140 exhibuerit,
578 2061 777 2127 substantias
798 2083 875 2127 suas
897 2062 1097 2146 proprietate

116 2147 288 2213 distinctas
322 2148 477 2212 retinens.
521 2149 572 2213 Ac
606 2146 740 2212 tandem
770 2147 937 2213 concludit
962 2149 999 2211 in
1027 2168 1096 2212 una

115 2231 243 2299 Ohristi
265 2252 405 2316 persona
428 2232 591 2316 duplicem
612 2253 684 2298 csse
706 2239 844 2298 statum:
872 2233 949 2315 quia
976 2232 1094 2313 alioqui

115 2319 171 2384 vel
184 2337 299 2383 sermo
321 2326 407 2384 66661
422 2327 583 2397 16666666,
605 2318 660 2384 vel
676 2339 752 2384 earo
769 2326 900 2381 mortua
918 2339 983 2382 non
1000 2329 1095 2396 esset,

115 2406 144 2470 si
166 2423 274 2470 sermo
301 2411 388 2469 esset
413 2423 591 2470 conversus
616 2405 653 2468 in
675 2423 818 2468 carnem.
862 2402 940 2467 16116
964 2403 1095 2468 Servati

115 2489 240 2554 deliriis
261 2488 398 2555 obtusae
417 2497 496 2555 sunt
517 2490 677 2555 lectorum
699 2508 809 2553 aures:
832 2508 886 2552 me
904 2493 1016 2552 tamen
1038 2510 1095 2553 ex·

68 2622 73 2631 »
115 2583 168 2640 tra
194 2595 265 2640 rem
292 2576 408 2659 vagari
431 2576 537 2659 fingit.
584 2573 695 2654 Quid?
725 2574 860 2639 hoccine
888 2584 939 2638 est
966 2583 1096 2657 praeter

114 2681 185 2724 rem
208 2662 331 2743 vagari,
353 2660 598 2724 Tertullianum
619 2661 667 2723 ita
688 2660 891 2723 contrarium
914 2660 1095 2737 ostendere,

115 2752 153 2810 ut
175 2745 307 2830 singula
334 2747 404 2809 eius
430 2745 532 2810 verba
560 2766 636 2810 cum
662 2743 797 2808 totidem
819 2743 949 2809 Servati
972 2744 1096 2810 deliriis

114 2834 151 2896 in
172 2840 340 2897 certamen
357 2830 580 2896 committam?
624 2830 758 2894 Interea
778 2839 817 2893 ut
837 2829 959 2912 aliquid
981 2840 1096 2896 contra

115 2918 245 2994 afferat,
275 2918 486 2998 conqueritur
513 2917 670 2981 omissum
690 2915 790 2980 fuisse
811 2936 831 2979 6
850 2937 904 2980 166
925 2916 1033 2980 166661
1055 2917 1096 2981 16

113 3003 209 3070 166161
231 3001 362 3067 divinae
379 3011 564 3085 conspectu.
604 3000 709 3082 Quasi
727 3021 793 3065 non
811 3002 878 3064 iam
895 3002 971 3083 plus
989 3001 1096 3069 decies

115 3095 213 3172 caput
240 3087 303 3152 hoc
333 3086 531 3165 discussum,
561 3095 595 3151 et
621 3086 722 3152 solide
750 3088 936 3168 expositum
958 3107 978 3151 a
1001 3088 1094 3154 nobis

113 3174 222 3238 fuerit.
247 3175 297 3238 Ac
315 3180 384 3238 tam
401 3173 537 3239 vernilis
545 3174 575 3249 ²)
597 3181 647 3238 est
665 3175 736 3238 eius
754 3173 944 3250 scurrilitas,
966 3176 1094 3256 61661-

112 3259 335 3326 chritudinem
357 3258 419 3324 loci
436 3259 525 3324 illius
542 3259 701 3336 iactando,
725 3269 838 3322 contra
850 3262 924 3336 [pag.
939 3262 1011 3338 166]
1026 3269 1094 3324 tam

113 3345 202 3411 clara
224 3345 411 3409 testimonia
432 3342 592 3428 oppedcre
615 3366 680 3408 non
703 3344 838 3408 dubitet.

199 3430 240 3493 Iu
262 3430 393 3495 Irenaei
420 3430 617 3494 testimoniis
642 3431 760 3494 iterum
784 3426 987 3494 excutiendis
1010 3429 1093 3495 dabo

113 3533 247 3596 operam
278 3535 321 3578 ne
351 3515 528 3581 lectoribus
561 3516 625 3579 sim
657 3513 797 3580 fastidio.
842 3515 888 3578 Et
920 3522 1009 3580 certe
1041 3538 1094 3581 me

112 3598 217 3683 pudet
247 3599 393 3665 laborem
426 3602 513 3667 hunc
545 3610 705 3665 retexere.
759 3599 827 3664 Sed
858 3602 1012 3682 quoniam
1045 3602 1093 3666 ita

113 3686 201 3769 cogit
223 3682 354 3749 Servati
376 3686 581 3769 improbitas,
613 3686 673 3750 1166
695 3685 864 3750 molestiae
886 3705 1014 3749 mecum
1037 3685 1092 3750 de·

112 3778 232 3835 vorent
254 3770 298 3853 pii
316 3771 463 3836 lectores.
492 3773 598 3835 Docet
615 3772 781 3846 Irenacus,
803 3771 837 3833 in
862 3772 969 3853 figura
989 3770 1095 3835 homi-

112 3857 166 3922 nis
187 3858 298 3921 Iesum
327 3856 475 3938 patribus
495 3856 677 3937 loquutum.
722 3856 813 3919 Hinc
830 3876 949 3938 corpus
967 3856 1094 3922 increa-

112 3952 184 4006 tum
207 3941 297 4006 elicit
307 3945 334 4019 ⁸)
358 3939 528 4019 Servatus,
551 3943 603 4006 oui
626 3962 785 4023 66666666
803 3962 922 4005 666166
943 3941 1094 4022 imponit,

113 4027 199 4109 6661
220 4047 240 4090 6
261 4036 371 4091 merite
393 4026 526 4090 1666661
550 4047 684 4109 6666666
707 4026 852 4090 alienum
874 4035 932 4091 est.
977 4027 1093 4091 Homi-

112 4116 165 4178 nis
194 4134 272 4195 ergo
300 4113 476 4183 stultitiam
504 4111 623 4176 meritc
651 4112 807 4189 refutavi,
835 4112 892 4193 qui
913 4111 978 4176 tale
1001 4133 1092 4196 speo-

112 4210 201 4262 trum
224 4198 264 4262 de
286 4198 391 4263 nihilo
414 4198 477 4263 sibi
499 4198 667 4263 confinxit.
712 4197 870 4261 Graviter
896 4196 950 4261 hie
972 4206 1092 4262 stoma-

113 4283 240 4358 chatur,
263 4287 339 4365 quia
358 4292 525 4367 spectrum
543 4283 691 4348 dixerim.
740 4284 838 4364 Atqui
857 4304 922 4346 non
941 4282 1092 4367 intelligo

113 4365 244 4443 1666661
265 4369 365 4433 161666
386 4373 537 4453 figuram,
561 4369 622 4433 suh
644 4390 709 4451 qua
730 4369 883 4451 apparuit
903 4368 991 4432 filius
1013 4369 1091 4433 Dei:

113 4449 172 4515 scd
196 4473 315 4516 nomon
342 4455 405 4518 hoe
432 4454 640 4521 accommodo
669 4452 709 4517 ad
732 4452 863 4520 Serveti
885 4455 1091 4537 praestigias.

113 4536 184 4601 Nec
206 4537 264 4601 abs
284 4558 321 4600 re
341 4542 601 4605 commentitium
623 4561 694 4604 6666
716 4539 869 4617 11611666,
893 4539 980 4621 6661
1003 4539 1093 4604 velut

112 4643 156 4686 66
178 4621 316 4687 Irenaeo
345 4624 437 4700 citet,
471 4625 512 4689 ad
539 4626 719 4709 imaginem
749 4626 858 4691 vultus
886 4633 944 4690 aut
964 4625 1092 4708 figurae

113 4707 239 4772 Christi
267 4707 463 4789 plasmatam
492 4710 592 4776 1111666
624 4731 756 4777 6666661
784 4711 886 4775 Adae.
931 4710 1018 4776 Nam
1051 4709 1091 4775 de

112 4794 222 4877 6111616
248 4793 326 4870 1666,
355 4814 454 4874 66661
476 4792 635 4860 Servatus
656 4803 813 4872 ostentat,
841 4795 935 4861 nulla
955 4817 1091 4878 prorsus

112 4879 236 4957 meptio
265 4881 317 4943 fit:
352 4878 409 4943 661
438 4878 523 4961 6661
557 4880 654 4945 16166
680 4882 842 4963 perfectus
874 4880 931 4959 sit,
967 4885 1023 4964 qui
1050 4904 1092 4947 ex

116 5036 122 5041 .
132 5037 190 5041 r...-
202 5033 320 5042 ...ae-.-

183 5099 212 5157 1]
230 5115 265 5152 116
283 5098 380 5152 mestis.

182 5167 212 5230 2)
233 5168 337 5221 servilis
356 5167 432 5221 Baro
448 5173 474 5221 et
490 5167 578 5222 Amat.
597 5168 747 5234 (61166666).
767 5200 772 5209 -

181 5234 211 5302 3)
231 5235 280 5290 fait
297 5235 412 5291 distillas
430 5252 480 5305 par
497 5235 641 5292 l'allambic
658 5236 692 5291 16
711 5252 762 5293 666
779 5250 902 5292 cerveau.

1150 950 1259 1014 verbis
1281 951 1403 1015 retulit.
1440 953 1522 1017 Dixi
1539 953 1664 1019 insulse
1685 952 1840 1036 colligere
1859 952 2045 1035 Servatum,
2068 979 2136 1022 non

1149 1054 1220 1098 esse
1249 1055 1434 1101 sermonem
1463 1038 1529 1102 nisi
1557 1039 1614 1121 qui
1642 1047 1881 1121 repraesentet:
1918 1041 1996 1122 quia
2024 1042 2136 1106 tradat

1149 1118 1309 1186 Irenacus
1330 1122 1501 1186 Abraham
1534 1125 1835 1207 repraesentatione
1861 1124 2025 1205 didicisse,
2059 1148 2135 1193 ver·

1150 1204 1229 1268 bum
1251 1207 1315 1270 Dei
1344 1208 1412 1272 1666
1436 1208 1611 1274 hominem.
1646 1208 1797 1292 Superbe
1818 1210 1990 1276 invehitur
2012 1211 2134 1278 Serve·

1150 1299 1214 1367 tus,
1237 1300 1271 1355 et
1288 1313 1341 1357 me
1363 1295 1596 1375 grammaticae
1623 1316 1661 1361 ao
1685 1295 1784 1361 simul
1807 1307 1977 1362 maternae
1998 1297 2136 1382 linguae

1149 1374 1304 1458 ignarum
1339 1397 1411 1443 esse
1445 1378 1572 1444 clamat.
1624 1381 1776 1444 Primum
1809 1382 1896 1445 sitne
1925 1402 1967 1446 ex
1999 1384 2135 1466 propria

1149 1460 1241 1525 verbi
1270 1468 1391 1527 natura
1417 1475 1678 1546 repraesentare,
1701 1487 1768 1530 non
1790 1465 1936 1548 disputo:
1969 1467 2028 1532 sed
2057 1478 2134 1534 tan-

1149 1551 1219 1609 1661
1243 1551 1316 1625 [pag.
1343 1553 1416 1629 167]
1445 1549 1524 1631 6611
1544 1550 1674 1615 Ι666661
1702 1551 1805 1616 verba
1832 1552 2051 1617 contineant·
2077 1555 2133 1619 Ab

1148 1629 1210 1694 hoc
1231 1631 1315 1696 nodo
1334 1653 1370 1696 66
1388 1634 1542 1717 66661161
1559 1635 1729 1713 Servatus,
1751 1643 1826 1718 post
1843 1635 1884 1700 de
1902 1637 1996 1703 verbi
2012 1647 2135 1702 natura

1149 1714 1342 1783 videbimus.
1373 1720 1725 1802 Repraesentationem
1741 1721 1902 1787 Irenaeus
1920 1730 2024 1800 vocat,
2044 1723 2135 1805 quod

1149 1800 1303 1867 Ohristus
1322 1815 1490 1887 assumpto
1507 1806 1650 1873 hominis
1668 1826 1812 1889 corpore,
1836 1808 1966 1872 futurae
1984 1809 2149 1886 666616-4

1148 1888 1346 1953 carnationis
1373 1890 1551 1971 quoddam,
1586 1900 1624 1956 ut
1656 1893 1704 1956 ita
1735 1891 1864 1974 loquar,
1898 1890 2134 1959 documentum

1148 1972 1336 2038 ostenderit
1381 1975 1512 2059 Oorpus
1546 1976 1629 2041 illud
1658 1975 1819 2042 Servetus
1847 1977 1921 2043 vult
1948 1977 2049 2043 161666
2080 1978 2134 2043 in-

1148 2065 1292 2122 creatam
1315 2061 1406 2125 verbi
1428 2060 1661 2140 substantiam,
1687 2069 1725 2126 ut
1747 2062 1915 2144 corporale
1936 2063 2036 2127 166611
2057 2085 2135 2128 ver-

1148 2143 1236 2207 bum.
1281 2144 1386 2210 Porro
1418 2147 1512 2213 verbi
1545 2148 1803 2230 repraesentatio
1830 2146 1936 2229 qualis
1964 2149 2022 2226 sit,
2053 2147 2134 2212 alibi

1148 2226 1274 2292 dietum
1295 2236 1356 2296 est.
1400 2232 1470 2297 Neo
1493 2233 1559 2298 scio
1581 2234 1615 2296 16
1638 2252 1702 2316 666
1721 2231 1850 2297 Galliae
1869 2232 1991 2316 angulo
2009 2232 2134 2299 didice-

1147 2315 1192 2376 rit
1220 2334 1334 2380 vocem
1358 2316 1484 2383 Porotta
1510 2317 1636 2383 larvam
1664 2337 1781 2383 sonare
1808 2339 1892 2400 quae
1922 2317 2025 2384 oculis
2054 2339 2133 2384 con-

1148 2399 1293 2481 spicitur.
1337 2401 1378 2467 In
1401 2403 1499 2468 tertio
1521 2403 1591 2468 loeo
1613 2404 1790 2469 Irenaeum
1812 2403 1900 2469 clare
1923 2403 2132 2469 demonstra·

1147 2485 1259 2550 611666
1287 2484 1328 2550 16
1355 2488 1473 2553 166611
1500 2490 1665 2554 creatione
1692 2488 1797 2571 loqui,
1822 2489 1864 2552 ‘in
1889 2509 1954 2570 qua
1974 2490 2070 2555 Deus
2097 2511 2134 2554 66

1148 2568 1384 2651 quodammodo
1405 2574 1497 2639 nobis
1518 2575 1553 2638 in
1572 2575 1672 2640 verbo
1690 2573 2020 2655 comprehensibilem
2039 2573 2133 2639 exhi·
2226 2612 2229 2618 «

1147 2655 1228 2719 1616.
1273 2657 1410 2722 Mentiri
1437 2681 1490 2723 me
1526 2658 1686 2724 Servatus
1719 2658 1848 2724 elamat.
1893 2660 1997 2741 Atqui
2032 2660 2135 2725 verba

1147 2740 1290 2806 fideliter
1311 2764 1331 2806 a
1351 2765 1404 2808 me
1421 2745 1537 2809 referri
1554 2766 1596 2811 ne
1616 2746 1689 2828 ipse
1706 2742 1837 2826 quidem
1858 2745 2029 2810 infitiatur.
2064 2744 2135 2810 Sed

1148 2826 1359 2909 phreneticus
1382 2829 1480 2896 homo
1501 2831 1564 2895 sibi
1585 2829 1674 2897 credi
1696 2829 1783 2907 vult,
1805 2829 1982 2895 Irenaeum
2005 2831 2045 2896 ab
2068 2830 2133 2895 alio

1148 2911 1190 2976 ad
1211 2912 1301 2977 aliud
1323 2916 1474 2980 transire.
1519 2914 1618 2996 Quod
1640 2914 1774 2979 tandem
1795 2915 1831 2978 in
1849 2917 1916 2979 fine
1933 2913 2073 2994 subiicit,
2096 2917 2133 2980 in

1147 3006 1304 3064 contextu
1335 3021 1401 3066 non
1435 3000 1566 3080 heberi,
1605 3001 1743 3065 lectores
1776 3022 1818 3065 ex
1851 2999 1960 3065 661166
1993 3000 2132 3066 discant

1148 3082 1268 3164 Quarti
1295 3085 1357 3150 loci
1387 3086 1521 3162 solutio,
1556 3107 1639 3169 quae
1660 3106 1680 3150 a
1702 3085 1795 3151 nobis
1825 3084 1926 3150 allata
1947 3086 2024 3163 fuit,
2047 3086 2132 3150 nihil

1146 3170 1339 3252 perplexum
1373 3173 1529 3237 continet.
1573 3172 1691 3236 Patres
1726 3180 1860 3237 sanctus
1892 3181 2021 3254 martyr
2052 3169 2134 3236 dicit

1147 3256 1265 3338 spiritu
1286 3257 1477 3340 prophetico
1499 3256 1621 3323 vidisse
1642 3255 1831 3338 passibilem
1849 3255 1914 3319 Dei
1935 3255 2050 3332 filium,
2074 3256 2133 3338 qui
2164 3283 2166 3286 ·

1147 3348 1228 3407 61166
1256 3342 1468 3425 impassibilis
1496 3351 1576 3406 6666
1621 3340 1673 3405 De
1707 3341 1833 3406 visione
1864 3340 1914 3403 rei
1947 3341 2132 3421 praesentis

1147 3426 1202 3509 agi
1229 3426 1351 3490 clamat
1372 3425 1541 3494 Servatus.
1585 3427 1682 3491 Esto:
1713 3447 1756 3489 an
1784 3425 1858 3490 ideo
1885 3444 2040 3506 corporea
2067 3426 2133 3490 fuit

1146 3510 1239 3577 verbi
1261 3513 1460 3590 substantia,
1489 3510 1574 3596 quod
1597 3531 1733 3594 corpore
1755 3509 1888 3574 ahands
1911 3518 2042 3592 sumpto
2064 3511 2132 3577 fao-

1147 3605 1291 3662 tumeat
1314 3597 1464 3663 visibile?
1510 3597 1606 3678 Quod
1633 3597 1785 3679 quintum
1813 3595 1914 3660 etiam
1941 3595 2049 3660 locum
2077 3617 2132 3661 ca-

1147 3683 1309 3748 lumniose
1329 3682 1371 3747 ad
1393 3703 1468 3748 suas
1490 3704 1595 3765 nugas
1614 3680 1795 3759 detorserit,
1818 3679 1897 3745 hinc
1918 3680 2022 3764 liquet
2043 3681 2133 3764 quod

1146 3769 1304 3832 Irenaeus
1326 3768 1366 3832 de
1382 3768 1529 3851 imagine
1551 3766 1615 3833 Dei
1637 3767 1784 3849 loquens,
1808 3787 1882 3831 eam
1905 3765 2048 3832 hominis
2070 3787 2131 3832 na-

1146 3864 1242 3917 turae
1264 3854 1460 3935 insculptam
1483 3855 1583 3918 fuisse
1604 3852 1777 3936 intelligit,
1806 3850 1886 3920 dnm
1908 3852 2131 3936 spiritualium

1147 3937 1307 4003 donorum
1327 3939 1488 4022 particeps
1511 3948 1561 4004 est
1581 3940 1702 4016 factus,
1731 3935 2006 4019 quemadmodum
2029 3959 2132 4020 supra

1146 4022 1269 4106 liquido
1299 4024 1444 4106 exposui.
1490 4023 1631 4091 Servate
1645 4026 1669 4106 ¹)
1698 4023 1792 4087 nulla
1823 4032 1875 4088 est
1901 4024 1967 4087 Dei
1993 4024 2131 4108 61116166,

1146 4111 1211 4174 6161
1233 4111 1268 4173 16
1290 4129 1441 4192 corpore,
1476 4120 1513 4175 ut
1540 4111 1722 4176 increatum
1755 4108 1846 4173 verbi
1875 4128 2008 4189 corpus,
2043 4107 2132 4190 quod

1145 4192 1206 4259 sibi
1228 4216 1288 4278 per
1312 4197 1476 4260 somnium
1497 4197 1637 4272 creavit,
1672 4194 1820 4259 retineat.
1864 4194 1907 4257 Ι6
1935 4201 2028 4257 66666
2059 4193 2131 4257 loco

1145 4282 1191 4346 116
1213 4282 1369 4347 66616666
1390 4282 1491 4359 16661,
1519 4289 1558 4345 61
1584 4280 1728 4357 nullum,
1756 4279 1820 4343 nisi
1841 4279 1877 4342 in
1897 4297 2033 4342 assensu
2053 4282 2130 4356 [pag.

1149 4371 1222 4447 166]
1243 4367 1401 4450 effugium
1424 4367 1574 4449 reperiat.
1621 4365 1689 4431 Sed
1711 4366 1838 4428 interea
1858 4361 1933 4426 falsi
1956 4363 2130 4430 convictus

1145 4460 1286 4517 tenetur.
1331 4451 1418 4516 Nam
1446 4461 1483 4515 ut
1513 4450 1640 4517 aboleat
1668 4457 1835 4514 aeternam
1868 4447 1961 4513 verbi
1990 4468 2129 4531 genera-

1145 4538 1281 4616 tionem,
1309 4537 1478 4602 contendit
1499 4537 1638 4601 Irenaeo
1666 4540 1749 4598 testc
1772 4531 1911 4598 verbum
1934 4553 1977 4597 66
2000 4533 2129 4616 virgine

1145 4644 1216 4689 esse
1233 4623 1396 4707 genitum:
1420 4643 1520 4704 quum
1539 4621 1697 4685 Irenaeus
1715 4618 1824 4700 potius
1842 4617 2007 4700 duplicem
2025 4639 2128 4700 gene-

1144 4710 1305 4773 rationem
1325 4709 1479 4785 innuena,
1500 4705 1600 4771 fidem
1619 4711 1766 4769 nostram
1786 4723 1845 4768 suo
1863 4702 2022 4786 suffragio
2039 4722 2129 4767 eom-

1144 4796 1267 4879 probet.
1303 4793 1380 4858 Non
1398 4793 1508 4858 miuus
1530 4791 1616 4856 clare
1638 4789 1673 4853 16
1696 4788 1834 4872 66661616
1857 4788 1926 4854 1666
1943 4794 2130 4853 monstrata

1144 4879 1277 4944 anobis
1299 4880 1362 4943 fuit
1383 4880 1453 4943 eius
1475 4875 1621 4959 perfidia.
1656 4874 1796 4940 Irenaeo
1819 4874 1908 4938 enim
1925 4872 2007 4938 haec
2024 4870 2130 4937 verba

1144 4966 1275 5043 tribuit,
1306 4962 1394 5046 quod
1421 4962 1519 5028 realis
1547 4982 1613 5026 666
1642 4961 1686 5025 611
1707 4961 1796 5025 16166
1816 4966 1943 5043 6616661
1965 4965 1999 5022 66
2020 4957 2135 5025 filium

1214 5237 1243 5305 1)
1261 5252 1292 5292 ee
1309 5234 1380 5291 beau
1396 5205 1561 5303 theologica.
