4702 5926
173 317 291 378 ,000
459 398 461 401 Υ
716 285 719 291 ’
847 261 848 265 ¹
1132 305 1376 379 SERVETI,
1875 317 1879 322 ’
2182 307 2248 369 600

227 501 391 569 claritatis,
424 496 487 560 Hic
499 497 523 578 ¹)
546 495 698 560 decimum
719 496 860 573 occurrit,
882 494 964 576 quod
982 494 1076 559 lesus
1096 489 1209 556 Siroch
1259 495 1346 575 facit.
1392 492 1431 558 Si
1451 496 1535 560 enim
1554 494 1666 573 credis,
1700 493 1783 559 liunc
1804 514 1870 560 csse
1893 494 2000 576 filium
2020 493 2095 573 Dei,
2128 494 2247 559 asmodi

220 592 295 669 post
315 605 389 649 suos
414 584 559 659 maiores,
591 581 691 660 capite
711 581 820 660 prinro
846 582 901 658 ait,
929 600 999 645 eam
1019 581 1210 659 sapientiam
1260 581 1455 658 salvatorem,
1489 581 1556 644 iam
1577 581 1680 645 credis
1700 580 1853 644 mundum
1880 583 1916 645 in
1936 585 2063 662 peccato
2087 599 2154 644 esse
2175 599 2246 643 con-

226 675 300 738 oisu
315 670 476 751 plerisque
497 666 703 747 apparuisse,
725 665 852 745 eiusque
879 667 1011 746 speciem
1032 666 1114 744 ipsis
1134 663 1209 726 olim
1260 667 1411 743 stitutum,
1444 667 1526 730 unde
1552 666 1675 730 salvari
1695 665 1849 748 indiqeal:
1865 695 1867 697 ·
1884 686 1981 746 qumu
2011 667 2085 730 item
2116 666 2245 731 dicator

224 759 329 822 uisam
345 757 601 836 perspectamque
621 751 730 832 fuisse.
752 750 837 814 Eam
864 752 970 831 ipsam
998 751 1046 813 ait
1064 746 1205 823 Boruch‚
1261 752 1330 830 ipse
1358 752 1597 832 redemptionem
1625 750 1728 832 facere
1761 751 1951 816 credentium
1978 753 2076 831 prius
2105 751 2243 830 captivo·

228 843 304 908 alim
325 841 429 905 visam
456 838 495 902 ab
517 835 704 900 homiuibus.
767 836 877 900 Vidcri
904 840 1038 916 poterut,
1070 835 1101 897 si
1135 837 1208 910 [pag.
1260 856 1342 899 rum.
1396 836 1470 900 Non
1491 842 1549 915 est,
1589 837 1671 917 quod
1706 836 1806 900 aliam
1838 836 1888 900 hic
1916 838 1951 900 iu
1974 836 2243 918 pacdobaptismc,

229 932 305 1007 000]
334 931 487 990 crottam
508 922 647 987 lucidum
668 921 836 1001 speculum,
864 923 1017 1002 etimapo
1038 919 1205 995 claritatis,
1260 921 1360 985 aliam
1382 921 1427 985 ibi
1447 923 1484 985 in
1505 942 1606 999 coeno,
1630 927 1658 985 et
1678 921 1757 986 alibi
1778 921 1879 985 aliam
1898 921 1994 1002 pidem
2014 927 2049 986 tu
2070 920 2129 985 tibi
2145 921 2244 987 dissi·

227 1019 263 1078 ut
291 1013 340 1076 ait
374 1010 451 1075 liber
473 1007 662 1088 Sapientiae.
718 1005 772 1069 Ea
807 1007 881 1086 ipso
912 1012 981 1070 erat
1014 1007 1049 1069 in
1081 1003 1210 1067 sublimi
1261 1007 1366 1070 mitem
1381 1008 1508 1089 pinqos.
1555 1007 1643 1070 Nam
1664 1007 1732 1088 ipse
1754 1011 1800 1070 est
1817 1006 1907 1087 filius
1923 1006 1997 1085 Dei,
2010 1027 2074 1081 ceu
2094 1006 2244 1084 coelestis,

227 1099 345 1175 sedens,
380 1096 470 1161 ouius
491 1093 628 1169 thronus,
661 1092 727 1155 sice
748 1091 871 1169 solium,
905 1096 974 1155 erat
994 1091 1028 1153 in
1050 1089 1138 1168 niobe,
1173 1088 1209 1152 in
1263 1093 1318 1171 qui
1349 1093 1411 1157 sibi
1443 1093 1597 1156 medentes
1624 1093 1667 1156 ad
1697 1092 1839 1157 coelestia
1870 1097 2036 1174 reperierat,
2065 1097 2094 1156 et
2119 1091 2244 1157 coelesti

228 1183 331 1248 Masis
362 1178 565 1255 tabernaculo,
597 1182 625 1242 ot
651 1176 831 1241 Salomonis
863 1175 983 1256 templo,
1012 1174 1129 1240 Ecclrs.
1151 1178 1207 1236 24.
1261 1177 1325 1240 cibo
1348 1178 1462 1257 pascit.
1524 1177 1596 1242 Una
1629 1183 1675 1241 est
1702 1178 1841 1241 omnium
1875 1178 1968 1258 rides,
2007 1198 2105 1242 unum
2137 1182 2242 1256 caput,

235 1269 439 1335 Undecimum
460 1264 602 1340 occurrit,
624 1262 706 1343 quod
726 1263 807 1326 sieut
829 1262 915 1342 apud
938 1261 1141 1337 Salomonem,
1163 1260 1208 1323 ito
1261 1282 1328 1325 una
1346 1263 1545 1343 fundamenti
1568 1267 1672 1343 petro,
1708 1283 1772 1343 quo
1804 1264 1942 1328 meditm
1962 1262 2057 1328 Iesus
2088 1263 2143 1327 ille
2176 1282 2244 1326 esse

229 1355 317 1436 opud
335 1352 473 1417 Esaiam
494 1349 611 1415 dicitur
632 1347 706 1412 olim
728 1349 764 1411 iu
781 1347 849 1411 Dec
870 1347 985 1412 creatio
1006 1350 1034 1410 et
1054 1345 1208 1426 fmnratio,
1259 1368 1353 1412 cerus
1372 1346 1462 1427 {ilius
1478 1347 1543 1413 Dei
1564 1347 1710 1425 salvator,
1732 1353 1761 1412 et
1781 1348 1817 1411 id
1837 1348 1985 1413 credundo
2007 1351 2077 1413 cius
2099 1350 2136 1412 in
2152 1346 2244 1412 nobis

133 1436 137 1445 '
230 1439 381 1506 Christus
403 1439 471 1519 ipse
497 1436 533 1498 in
554 1433 622 1496 Deo
643 1437 765 1497 erectus
798 1438 826 1496 et
855 1433 1013 1514 forooatus
1047 1430 1139 1512 (Eso.
1163 1434 1208 1491 45
1260 1433 1363 1497 uirtus
1389 1435 1586 1515 coqnoscitur.
1633 1432 1721 1498 Haec
1753 1454 1821 1498 uno
1852 1434 1931 1513 fida
1962 1438 1991 1497 ct
2024 1435 2060 1498 in
2087 1432 2243 1512 baptismo

229 1530 258 1589 et
282 1525 350 1606 46).
402 1521 493 1585 Miro
513 1519 674 1584 uerborum
706 1517 877 1582 concordio.
931 1517 1025 1580 Adde
1057 1516 1210 1579 ruunen
1260 1519 1444 1598 requiritur,
1479 1525 1507 1583 et
1528 1520 1563 1582 in
1584 1538 1676 1583 coena
1697 1519 1879 1599 requiritur,
1914 1524 1943 1583 et
1964 1520 2000 1583 in
2020 1519 2154 1599 reliquis
2176 1538 2243 1582 oru-

228 1610 383 1686 ultimam,
411 1627 491 1686 quoe
513 1605 651 1667 sumitur
673 1602 712 1667 ab
734 1603 886 1680 omuibus,
915 1603 970 1682 qui
992 1599 1131 1665 hebraice
1151 1619 1209 1664 ure»
1260 1603 1353 1667 nibus
1375 1602 1627 1668 Christianorum
1653 1604 1774 1668 cethus
1794 1624 1917 1685 semper
1937 1605 2122 1686 requiritur,
2153 1608 2183 1667 et
2204 1624 2243 1668 eu

229 1714 326 1776 quom
346 1693 547 1773 scripserunt.
594 1689 681 1752 Nam
716 1690 746 1753 si
776 1688 873 1752 realis
899 1687 956 1751 illa
984 1687 1030 1750 ibi
1051 1685 1209 1768 sipiifica-
1259 1708 1299 1752 ea
1319 1693 1492 1769 sequuntur
1513 1691 1627 1754 omnim
1672 1689 1719 1753 At
1740 1694 1773 1753 tu
1794 1692 1876 1754 satis
1902 1690 1959 1754 tibi
1978 1689 2091 1770 fecisse
2112 1690 2242 1768 uideris,

230 1780 323 1844 batur
342 1780 391 1842 rei
408 1778 573 1841 distinctae
587 1776 753 1857 peneratia
777 1773 942 1855 insiquiter
962 1771 1017 1835 hoc
1036 1773 1149 1852 suisset
1169 1771 1208 1835 ab
1260 1775 1291 1837 si
1305 1794 1366 1853 per
1386 1775 1689 1839 communicationem
1716 1775 1807 1839 illam
1829 1775 2015 1839 idiomatum
2036 1772 2244 1855 sophisticam

230 1867 278 1931 eis
298 1868 447 1940 notatum,
470 1866 541 1925 onte
562 1864 679 1940 etpost
703 1858 821 1923 Christi
842 1858 1017 1922 adventum.
1057 1855 1123 1920 Res
1142 1861 1209 1919 tam
1260 1860 1416 1937 concedas,
1438 1860 1520 1925 hunc
1540 1860 1694 1924 hominem
1716 1880 1783 1925 csse
1801 1860 1906 1939 filiurn
1927 1860 2007 1925 Dei:
2037 1861 2161 1942 alioqui
2182 1880 2245 1924 non

230 1951 369 2033 insiqnis
390 1948 557 2029 insiqniter
577 1948 644 2009 erat
664 1945 809 2009 notarrdo.
866 1942 913 2006 At
947 1962 1034 2006 nenio
1068 1960 1209 2021 unquam
1260 1965 1326 2009 csse
1345 1965 1415 2008 oere
1433 1944 1547 2025 tilium.
1594 1945 1771 2026 Sophistica
1798 1966 1869 2028 erqo
1895 1951 1941 2009 est
1960 1945 2039 2026 tides
2067 1952 2133 2024 tuo,
2161 1948 2245 2010 sicud

230 2036 273 2100 ibi
296 2034 376 2099 tolio
398 2033 549 2116 copitaoit.
587 2030 724 2095 Tantum
745 2029 800 2094 hoc
827 2030 975 2093 dicerunt
1002 2031 1132 2092 ueteres:
1166 2026 1210 2089 ln
1260 2029 1430 2109 sophistica
1458 2035 1502 2094 est
1523 2033 1606 2095 ratio
1626 2037 1691 2109 tuo,
1725 2031 1808 2111 quod
1828 2031 1878 2095 hic
1899 2031 1986 2095 horno
2008 2032 2132 2096 dmotur
2152 2031 2245 2111 filius

230 2119 296 2186 Dei
328 2119 494 2200 sapientia,
534 2117 615 2180 velut
643 2115 679 2179 in
711 2115 822 2179 auimo
854 2114 1000 2191 hominis,
1040 2131 1092 2177 res
1124 2111 1209 2176 alias
1261 2113 1334 2193 Dei,
1355 2116 1420 2197 e1)
1453 2117 1535 2196 quod
1561 2118 1659 2181 sitin
1681 2115 1824 2196 catilius
1846 2117 1932 2181 alius
1954 2116 2113 2180 inclusus.-
2148 2118 2245 2196 quasi

230 2206 374 2286 conspici.
420 2203 603 2267 Fascinotis
630 2199 778 2281 sophistis
803 2206 831 2265 et
857 2200 983 2282 linquae
1004 2202 1129 2261 sanotae
1149 2198 1208 2260 im·
1261 2201 1383 2263 nomine
1408 2201 1452 2263 sit
1479 2201 1529 2265 hic
1547 2202 1646 2281 silius,
1678 2222 1741 2265 non
1761 2222 1796 2265 re
1816 2203 1899 2283 ipsu.
1941 2201 1992 2266 Ea
2013 2204 2126 2284 maqis,
2163 2204 2245 2282 quia

224 2291 339 2372 peritis
370 2288 535 2355 debebatur
561 2291 664 2353 uestra
685 2286 802 2366 illusio,
831 2285 867 2349 in
888 2305 982 2367 reque
1003 2281 1210 2348 Antichristi:
1258 2284 1379 2366 falsum
1399 2290 1436 2349 tu
1456 2287 1617 2368 supponis.
1667 2285 1802 2350 Falsum
1833 2292 1892 2365 cst,
1925 2289 2007 2366 quod
2037 2287 2142 2369 hnqis,
2176 2307 2246 2353 esse

229 2381 265 2441 ut
287 2375 393 2439 Deum
414 2374 562 2451 10000000,
590 2372 801 2452 impossibilia
827 2372 863 2434 in
891 2389 925 2434 eo
945 2369 1083 2454 finqotis,
1107 2373 1135 2432 et
1155 2367 1208 2432 ho-
1260 2371 1364 2451 hlium
1387 2372 1422 2435 in
1441 2371 1526 2452 hlio;
1547 2393 1644 2454 quum
1665 2392 1728 2436 nou
1747 2372 1837 2452 filius
1858 2373 1893 2436 in
1913 2372 1992 2454 filio,
2020 2373 2074 2438 sed
2089 2377 2183 2453 pater
2205 2374 2246 2436 in

202 2492 208 2503 ·
229 2463 345 2526 minem
366 2480 431 2526 esse
451 2458 628 2524 naturalem
648 2457 754 2537 hlium
775 2457 900 2540 nepotis.
1259 2455 1327 2536 filio
1348 2476 1418 2521 uere
1438 2458 1571 2537 dicatur,
1593 2457 1685 2522 Deus
1705 2458 1740 2520 in
1764 2456 1894 2523 Christo.
1940 2458 2025 2523 Nooi
2046 2479 2130 2535 sanc,
2156 2459 2246 2538 quod

1261 2547 1295 2604 tu
1316 2561 1376 2605 non
1398 2545 1505 2625 000οΊ)
1526 2544 1636 2621 eredis,
1669 2542 1750 2606 hunc
1777 2544 1930 2608 hominem
1952 2562 2020 2612 esse
2039 2544 2143 2623 tilium
2166 2543 2245 2622 Dei,

1261 2628 1338 2707 quio
1360 2647 1422 2690 non
1442 2649 1512 2693 uere
1532 2629 1642 2706 credis,
1674 2628 1756 2692 hurso
1783 2629 1936 2692 homiuem
1957 2650 2023 2694 esse
2041 2630 2183 2711 qenitum
2205 2629 2246 2693 de

525 2711 755 2779 EPISTOLA
781 2710 919 2778 NONA.
1261 2712 1435 2776 substantia
1452 2714 1525 2779 Dei.
1557 2713 1621 2778 Sed
1642 2714 1715 2794 quis
1735 2718 1764 2776 te
1785 2715 1916 2779 daemon
1936 2715 2246 2780 cornmuuicationem

1262 2797 1352 2861 illam
1374 2803 1449 2876 [pag.
1468 2805 1543 2877 602]
1572 2799 1757 2863 idiomatum
1783 2801 1830 2863 ita
1858 2801 1895 2865 de
1924 2800 2098 2864 charactere
2126 2799 2247 2864 bestiae

322 2884 425 2951 Citari
447 2884 512 2961 tibi,
545 2888 573 2947 et
602 2885 636 2946 iu
658 2904 757 2946 uuum
777 2883 916 2947 relectos
938 2882 981 2946 ad
1002 2884 1030 2943 te
1051 2879 1126 2944 misi
1148 2899 1210 2942 om
1260 2902 1382 2947 sumere
1408 2884 1535 2950 docuit?
1586 2883 1693 2948 Hocnc
1722 2884 1832 2949 cooillo
1860 2886 1944 2949 dixit
1964 2886 2100 2949 coelestis
2131 2889 2245 2964 pater:

158 2978 162 2984 '
232 2994 286 3038 nes
307 2969 578 3052 eoonqelistorum,
600 2969 812 3050 apostolorum
833 2973 861 3031 et
878 2965 1104 3048 discipulorum
1122 2965 1209 3043 locos
1262 2967 1327 3032 Hic
1354 2974 1400 3033 cst
1430 2969 1520 3049 filius
1546 2970 1658 3034 orcus?
1718 2969 1799 3034 Ecce
1828 2992 1911 3051 puer
1942 2971 2057 3035 meus?
2121 2970 2246 3034 Annon

232 3059 268 3122 iu
289 3057 402 3139 quibus
423 3055 460 3119 de
479 3054 542 3134 fide
562 3054 599 3134 fil
619 3055 741 3132 matio,
762 3058 791 3116 et
814 3055 847 3117 in
869 3052 983 3134 quihus
1004 3050 1041 3114 de
1062 3050 1210 3114 credendo
1260 3054 1357 3132 eides,
1403 3056 1708 3120 communicationem
1750 3055 1840 3120 illam
1884 3077 1992 3121 rerum
2029 3054 2246 3120 invisibilium

229 3143 267 3224 tit
287 3142 415 3208 mutio:
448 3146 484 3203 ut
511 3139 584 3204 benc
605 3139 714 3204 videas
741 3139 818 3219 quid
839 3139 889 3204 illi
910 3143 983 3202 tunc
1003 3135 1209 3213 crediderunt,
1260 3144 1420 3218 sumptam
1441 3161 1506 3204 esse
1527 3141 1565 3206 de
1586 3140 1777 3204 Antichrisli
1803 3142 1954 3218 doctrino,
1989 3143 2024 3206 in
2052 3161 2118 3222 quo
2139 3141 2246 3222 ciperet

231 3229 358 3310 etquid
380 3225 567 3292 credendum
587 3225 762 3290 domumnt.
809 3222 914 3288 Citam
940 3221 999 3288 libi
1020 3241 1057 3285 eu
1079 3218 1208 3299 Iocum,
1260 3224 1414 3303 illusores,
1449 3231 1511 3290 tres
1543 3227 1815 3309 doemoniorum⁸)
1848 3227 2007 3308 spiritus?
2060 3224 2126 3290 Per
2146 3245 2246 3306 qreom

230 3336 268 3380 ea
290 3315 398 3379 omnia
420 3313 463 3377 ad
484 3311 539 3377 hoc
558 3312 677 3391 scripta
696 3330 771 3390 esse,
803 3314 837 3373 ut
857 3309 967 3375 credas
988 3306 1095 3370 Iesum
1118 3306 1209 3371 illum
1248 3311 1446 3388 'conceditur
1456 3315 1484 3392 ⁴)
1518 3312 1624 3376 Deum
1651 3313 1687 3375 in
1708 3312 1800 3375 asino
1820 3312 1927 3378 mori?
1972 3311 2024 3376 Ab
2045 3311 2245 3377 Autidiristo

232 3400 437 3465 Nazarenum
470 3417 536 3462 esse
567 3417 674 3461 oerum
695 3395 852 3461 Messium
880 3394 986 3475 filium
1007 3390 1081 3470 Dei,
1115 3393 1209 3472 idque
1261 3395 1418 3460 inreritum
1439 3403 1484 3462 est
1504 3397 1665 3477 sophisma
1685 3397 1775 3475 illud,
1810 3399 1852 3462 ad
1879 3397 2109 3463 obliterandum
2134 3391 2245 3462 cirum

229 3482 701 3564 amminiculantibus.
724 3487 781 3546 20.
815 3481 904 3546 Haec
928 3479 1046 3545 Christi
1064 3477 1144 3557 tues
1170 3476 1209 3541 ab
1259 3480 1366 3561 tilium
1376 3481 1450 3547 Dei.
1474 3482 1584 3547 Filius
1594 3481 1659 3547 Dei
1675 3481 1820 3547 itaoobis
1837 3488 1881 3548 est
1893 3483 1990 3562 tuneo,
2012 3483 2094 3552 sicut
2104 3484 2243 3565 spiritus
2348 3552 2349 3558 ἵ

121 3571 125 3577 ’
229 3573 311 3653 ipsis
332 3569 481 3651 apostolis
508 3574 554 3632 est
583 3569 629 3631 ita
656 3567 840 3648 simpliciter
866 3566 1064 3646 praedicata,
1097 3568 1125 3628 ct
1155 3563 1209 3627 hac
1260 3572 1388 3632 sanctus
1408 3573 1454 3632 est
1474 3568 1589 3632 mulus.
1634 3566 1744 3632 Filius
1760 3567 1824 3633 Dei
1850 3569 1897 3633 rto
1917 3569 2005 3633 oobis
2025 3574 2069 3633 est
2090 3573 2242 3646 niomuus,
2348 3611 2349 3627 ,

230 3658 282 3723 illi
307 3657 461 3722 credentes
488 3654 651 3734 iustificati
684 3658 764 3717 sunt.
810 3652 936 3717 Paulus
968 3650 1031 3714 ait:
1075 3648 1144 3712 Nos
1174 3650 1209 3711 in
1260 3653 1341 3718 sient
1361 3654 1496 3734 spiritns
1516 3657 1646 3718 sanctus
1666 3654 1702 3716 in
1722 3653 1807 3718 mulo
1824 3654 2003 3732 moreretur,
2031 3659 2087 3718 ant
2110 3653 2242 3736 ariqelus
2348 3663 2349 3695 t

233 3741 392 3807 Christum
414 3739 521 3804 Iesum
543 3739 741 3816 credidimus,
763 3743 797 3801 ut
817 3736 1074 3817 testificaremur,
1100 3734 1207 3798 Galat.
1261 3738 1296 3801 in
1315 3739 1414 3803 asino.
1443 3738 1512 3802 Hoc
1532 3738 1622 3816 adde,
1643 3739 1725 3819 quod
1746 3744 1914 3821 onhquom
1932 3740 2242 3805 communicationem

155 3858 160 3867 ·
195 3830 197 3833 ’
230 3833 264 3892 2.
310 3825 375 3890 Per
406 3825 487 3888 hunc
514 3824 623 3888 Iesum
654 3825 756 3888 munis
789 3823 846 3903 qui
878 3822 974 3886 credit
1006 3818 1208 3899 iustihcatur,
1261 3814 1351 3887 Cam
1372 3824 1514 3901 inducas,
1536 3824 1693 3889 ostendere
1707 3825 1806 3904 prius
1825 3824 1923 3902 debes,
1958 3826 2081 3890 esseio
2102 3824 2174 3889 Dea
2195 3825 2243 3887 in·

231 3914 338 3979 Actor.
370 3916 422 3974 13.
481 3907 519 3972 Si
545 3909 619 3990 quis
640 3928 711 3990 erqo
732 3908 832 3972 aliam
853 3927 918 3972 esse
952 3905 1208 3970 Christianorum
1260 3908 1416 3973 visibilem
1435 3911 1538 3974 olium
1559 3909 1598 3973 ab
1620 3909 1742 3973 homine
1763 3910 1875 3989 tilium.
1906 3909 1974 3975 Hoc
1990 3929 2062 3974 ocra
2079 3930 2242 3991 nuriqimm

230 3996 455 4078 iustificantem
480 3993 585 4074 fidem
611 3993 852 4074 praedicaverit,
885 3993 927 4056 sit
948 3990 1123 4056 anuthmna.
1171 3989 1209 4054 Si
1260 4000 1444 4060 ostensurus
1464 4015 1505 4059 es.
1558 3994 1661 4061 Unum
1682 3994 1738 4058 hoc
1758 3997 1833 4059 item
1846 3997 1961 4077 capita.
2004 3994 2083 4059 Esto
2099 4017 2163 4076 per
2184 4001 2243 4059 tro-

232 4083 362 4168 onqelus
378 4082 421 4148 dc
442 4080 519 4144 coelo
537 4079 628 4142 atiud
649 4078 793 4157 docuerit,
815 4082 890 4156 [pag.
909 4081 985 4154 601]
1008 4076 1110 4140 Paulo
1131 4076 1208 4140 diei·
1254 4099 1336 4162 pum
1352 4080 1497 4161 aliquem,
1518 4085 1574 4145 aut
1593 4080 1756 4160 sophisma
1772 4080 1863 4159 unc,
1885 4080 1935 4145 hic
1955 4080 2043 4144 horno
2063 4082 2244 4145 nomirictur

231 4177 284 4236 tur
318 4167 492 4233 anathema.
558 4165 645 4244 Quae
678 4164 716 4228 de
744 4160 1010 4244 promissionibus
1040 4167 1074 4225 tu
1105 4163 1209 4226 dicere
1258 4165 1347 4244 plius
1368 4164 1442 4243 Dei,
1475 4185 1657 4247 quanquam
1683 4185 1794 4230 revera
1823 4187 1885 4231 nan
1906 4168 1949 4230 sit
1971 4165 2131 4230 staturalis
2152 4167 2243 4247 filices

225 4261 324 4338 potes,
357 4274 396 4320 00
417 4251 476 4316 hac
494 4251 556 4332 fide
578 4249 684 4313 munia
704 4253 887 4330 sequuntur,
921 4253 956 4312 ul
976 4249 1147 4312 accessorio
1169 4267 1208 4312 eu
1260 4249 1340 4314 Dei:
1371 4255 1415 4313 est
1445 4252 1557 4315 saltem
1581 4251 1741 4316 naturalis
1759 4249 1850 4330 filius
1872 4250 2010 4330 Mariae,
2044 4256 2080 4315 ut
2111 4250 2244 4316 habetur

231 4362 288 4407 suo
309 4337 490 4421 primipali.
543 4335 630 4399 Nam
662 4336 693 4398 si
725 4335 834 4414 crutis,
868 4335 975 4416 ipsum
1006 4352 1070 4396 esse
1102 4332 1208 4413 filium
1261 4333 1374 4399 Matth.
1399 4341 1418 4398 1
1440 4340 1469 4401 ct
1491 4337 1597 4400 Leucae
1621 4342 1649 4399 1.
1695 4335 1752 4400 Ibi
1773 4337 1856 4401 euim
1876 4337 2000 4415 dicitur,
2021 4337 2104 4418 quod
2127 4336 2245 4402 Maria

231 4426 306 4504 Dei,
327 4424 429 4488 credis
449 4424 555 4504 ipsum
576 4440 642 4485 csse
663 4421 699 4483 in
722 4419 893 4502 prornissis
914 4438 1061 4495 veracem,
1090 4422 1209 4500 etpro-
1253 4422 1378 4502 peperit
1396 4421 1500 4498 hlium
1522 4442 1615 4488 sicum
1641 4423 1894 4504 prinoioqenitum,
1928 4442 2018 4504 quem
2042 4424 2166 4488 uocauit
2195 4421 2246 4486 Ie-

230 4509 331 4575 missa
347 4509 453 4572 omnio
468 4506 664 4588 coruplere.‘²)
703 4505 766 4569 Per
782 4505 862 4569 hane
878 4504 978 4569 solam
996 4503 1072 4568 Iesu
1091 4502 1209 4568 Christi
1260 4526 1338 4570 sum.
1386 4505 1423 4569 Si
1444 4526 1514 4589 erqo
1536 4506 1586 4570 hic
1612 4508 1680 4571 siue
1706 4513 1794 4588 tropo
1815 4512 1860 4572 cst
1879 4528 1971 4573 cerus
1989 4506 2080 4588 filius
2102 4507 2246 4587 Mariae,

186 4640 189 4645 -
212 4600 218 4611 '
229 4595 324 4677 tidem
344 4594 462 4659 dantur
482 4614 565 4658 nunc
580 4592 808 4672 prornissioues
829 4609 942 4654 omues.
988 4588 1102 4654 Omnes
1123 4595 1209 4669 quot·
1260 4595 1288 4654 et
1309 4590 1362 4654 ills
1383 4592 1453 4654 sinc
1477 4596 1564 4672 tropo
1590 4597 1637 4657 est
1655 4612 1749 4657 occurs
1768 4592 1857 4673 filius
1878 4592 1957 4658 Dei:
1989 4594 2058 4658 iam
2088 4596 2248 4676 sequitur,

232 4685 306 4764 quot
326 4680 463 4761 scriptae
484 4678 561 4744 olim
580 4681 653 4740 suit
672 4677 907 4758 prunissiones,
936 4695 997 4754 per
1016 4674 1096 4738 hanc
1114 4674 1209 4754 tidem
1260 4676 1341 4741 duos
1361 4695 1428 4739 esse
1448 4677 1517 4740 sine
1537 4682 1626 4758 tropa
1653 4697 1740 4743 ceros
1765 4677 1859 4758 filios,
1892 4681 1927 4742 in
1954 4698 2055 4743 uuum
2081 4682 2251 4747 cumcilum

230 4767 350 4832 dantur
370 4784 454 4830 nunc
473 4784 549 4829 cero
567 4761 687 4842 puncta
703 4759 905 4838 credentibus,
926 4760 1008 4822 hunc
1029 4778 1095 4822 esse
1113 4759 1210 4824 illum
1260 4760 1373 4825 unitos.
1420 4759 1569 4844 Papismi
1589 4762 1693 4829 000010
1710 4767 1778 4828 toto
1797 4765 1994 4840 mumdum,
2028 4764 2112 4831 hunc
2149 4766 2253 4835 nonu

230 4852 336 4933 tilium
356 4850 423 4917 Dei
437 4849 642 4932 promissum,
664 4848 720 4927 qui
734 4846 898 4928 proruisse
917 4844 1032 4924 iruplet.
1062 4842 1116 4908 Ea
1136 4845 1210 4926 ipsa
1859 4878 1862 4881 ,
2183 4915 2184 4919 Ἰ

144 4985 146 4989 .
230 4938 310 5018 tides
330 4955 388 5001 nos
407 4934 533 5015 prioris
553 4937 676 4997 nostrae
696 4931 822 5013 inopiae
843 4949 881 4994 ac
904 4928 1052 4994 miseriae
1072 4930 1211 4993 conscios
1332 4998 1361 5062 1)
1381 5017 1415 5054 eo

180 5117 183 5123 .
1330 5067 1361 5133 2)
1380 5085 1444 5124 vere
1462 5085 1513 5123 am.
1594 5099 1598 5103 -

301 5140 332 5206 1)
350 5140 427 5194 Hinc.
1331 5136 1361 5199 3)
1379 5138 1547 5193 daemonum.

301 5206 333 5274 2)
349 5207 470 5276 implore.
1330 5203 1361 5272 4)
1379 5206 1498 5262 ucffitur
1513 5205 1587 5263 Deus
1604 5212 1652 5264 etc.
1703 5208 1705 5213 ’
