4800 5902
996 295 1181 378 reeens
1203 312 1268 377 nii
1289 309 1482 378 Bonane.

236 316 297 379 207
2181 315 2245 377 208

235 521 379 565 errorem
402 518 498 563 suum
520 519 588 562 non
610 498 728 562 minori
751 499 969 564 obstinatione
991 520 1090 582 quam
1112 498 1212 564 auda·
1265 499 1423 578 Proinde,
1446 498 1533 581 quod
1555 506 1670 564 mutua
1691 499 1778 564 inter
1801 519 1861 564 nos
1883 499 2067 564 coniunctio
2090 499 2245 580 postulat,

235 588 285 652 cia
307 586 390 649 tueri
411 584 564 666 perrexit
594 583 729 648 Interea
746 606 848 666 quum
865 585 1003 651 iactaret
1024 608 1059 650 se
1079 586 1116 649 in
1139 584 1213 649 aliis
1265 596 1375 651 vestra
1407 585 1645 665 subscriptione
1674 582 1800 649 Christi
1832 583 2029 662 doctrinam,
2063 583 2246 668 sacnlegiis

233 670 378 736 ecclesiis
407 667 593 752 complures
620 668 742 733 habere
771 691 791 735 a
825 690 886 735 sua
913 680 1006 754 parte
1035 670 1211 747 ministros,
1264 671 1412 753 protervi
1440 676 1474 734 et
1500 670 1587 734 male
1614 670 1722 734 feriati
1744 670 1888 735 hominis
1909 676 2101 753 gravatam,
2130 670 2243 735 levare

233 754 471 839 postulavimus
500 775 520 816 a
547 751 674 818 Senatu
710 762 822 819 nostro
858 778 900 820 no
938 756 1031 838 prius
1067 756 1108 820 de
1143 763 1213 819 tota
1265 764 1298 820 et
1320 776 1465 820 asserere
1492 776 1535 819 ne
1557 755 1750 838 gravemini.
1796 753 1894 836 Quod
1916 754 1993 836 quia
2015 775 2074 819 vos
2100 753 2189 819 ultro
2211 763 2245 819 et

233 861 362 906 summa
384 841 624 922 pronunciaret,
647 860 746 922 quam
769 840 881 905 habito
903 841 1058 907 ecclesiae
1081 850 1212 905 vestrae
1264 840 1406 906 libenter
1437 841 1582 906 facturos
1614 841 1824 919 confidimus,
1857 841 1966 905 anxiis
1998 840 2051 906 vel
2080 840 2244 906 accuratis

233 947 390 1007 responso
427 932 653 1008 cognosceret,
695 924 892 991 nebulonem
932 926 1026 990 illuni
1064 924 1212 1008 improbe
1264 926 1416 1008 precibus
1442 924 1611 992 vobiscum
1638 945 1736 1010 agere
1764 939 2045 1008 supervacaneum
2072 935 2131 991 est
2175 925 2246 991 Nos

233 1011 383 1095 suffragii
406 1012 507 1075 vestri
530 1009 626 1073 titulo
645 1010 745 1074 abuti.
786 1010 848 1076 Ille
874 1012 968 1076 initio
997 1010 1121 1095 pudore
1145 1012 1211 1076 vic·
1264 1010 1419 1091 vicissim,
1442 1011 1547 1077 sicubi
1567 1012 1643 1076 usui
1665 1012 1728 1076 erit
1745 1012 1836 1077 vobis
1858 1018 1974 1076 nostra
1990 1032 2099 1093 opera,
2118 1009 2161 1076 ad
2178 1011 2247 1076 fra·

233 1106 286 1162 tiis
309 1096 521 1177 ecclesiarum
544 1094 664 1160 iudicia
690 1117 758 1160 non
779 1095 937 1175 abnuere,
967 1096 1024 1162 sed
1053 1096 1210 1174 cavillari,
1265 1103 1398 1161 ternum
1431 1117 1528 1162 omne
1560 1096 1703 1163 officinm
1738 1119 1869 1180 semper
1906 1104 2038 1180 paratos
2071 1095 2244 1163 habebitis

232 1204 292 1250 vos
314 1183 430 1246 marito
457 1188 591 1264 propter
630 1180 824 1246 familiarem
858 1204 934 1247 cum
968 1183 1069 1247 fratre
1098 1191 1210 1247 nostro
1263 1181 1382 1248 Valete
1415 1183 1576 1248 camssimi
1608 1190 1641 1247 et
1673 1181 1870 1248 observandi
1897 1182 2026 1247 fratres.
2077 1180 2245 1248 Dominus

233 1268 374 1334 Calvino
406 1288 504 1332 usum
538 1265 644 1330 videri
677 1275 853 1349 suspectos.
907 1266 1050 1333 Senatus
1088 1276 1209 1345 tamen,
1264 1289 1323 1333 vos
1345 1268 1464 1350 spiritu
1486 1289 1545 1333 suo
1566 1273 1675 1352 regat,
1698 1268 1827 1333 labores
1848 1276 1978 1333 vestros
1999 1265 2187 1345 benedicat,
2211 1274 2245 1333 et

233 1354 329 1419 sicuti
351 1375 372 1417 a
393 1352 486 1417 nobis
508 1361 644 1435 rogatus
666 1359 745 1430 erat,
764 1371 823 1417 vos
840 1353 968 1417 censuit
985 1352 1209 1418 consulendos.
1263 1353 1434 1418 ecclesiam
1459 1361 1607 1419 vestram
1634 1361 1774 1419 tueatur.
1820 1353 1988 1420 Genavae.
2021 1358 2059 1416 14
2082 1352 2244 1419 Novemb.

232 1439 310 1504 Huc
332 1458 459 1520 quoque
481 1437 616 1503 accessit
639 1436 723 1519 quod
746 1448 892 1502 vestram
914 1438 1084 1503 ecclesiam
1102 1437 1210 1520 impli-
1266 1442 1357 1503 1551.

232 1523 337 1591 cahat.
359 1522 552 1606 Zuinglium
574 1522 662 1586 enim
681 1542 759 1604 prae
777 1522 850 1587 aliis
868 1523 1020 1589 omnibus
1039 1523 1209 1600 damnans,
1348 1525 1486 1590 Fratres
1507 1532 1541 1590 et
1562 1547 1671 1609 symm
1694 1533 1764 1590 stae
1787 1525 1889 1590 vestri

233 1609 466 1693 Bullingerum
487 1607 634 1672 eiusdem
651 1627 763 1673 secum
782 1630 853 1673 esse
872 1610 1055 1673 sententiae
1072 1608 1210 1674 mentie-
1671 1548 1817 1676 loannes
1839 1608 2007 1675 Calvinus.
2023 1609 2053 1691 ¹)

231 1695 339 1761 batur.
391 1694 433 1757 In
460 1692 621 1758 ministris
654 1693 752 1757 etiam
789 1695 859 1777 agri
887 1694 1067 1759 Beruensis
1102 1701 1211 1758 astute
1675 1695 1800 1760 Abelus
1821 1695 2025 1777 Pouppinus.

234 1779 363 1845 dissidii
396 1799 510 1843 ansam
543 1779 697 1861 captavit.
747 1778 816 1844 Nos
843 1799 922 1844 vero
957 1781 1005 1844 sic
1039 1778 1210 1845 ecclesiam

232 1874 380 1931 nostram
403 1866 554 1948 cupimus
575 1863 635 1930 hac
657 1872 748 1946 peste
769 1865 914 1948 purgari,
938 1886 980 1929 ne
1000 1864 1077 1929 inde
1098 1865 1212 1947 fugata

234 1951 353 2017 vicinis
375 1959 498 2015 noceat
544 1950 689 2014 Tametsi
718 1960 830 2014 autem
852 1959 980 2026 nostra,
1009 1960 1042 2013 et
1062 1948 1211 2032 publicae

233 2035 490 2119 tranquillitatis,
513 2055 711 2118 magnopere
733 2036 881 2113 interest,
903 2056 1002 2118 quani
1017 2037 1209 2118 profitemur

233 2119 416 2187 doctrinam
434 2128 543 2187 vestro
562 2141 724 2186 consensu
741 2120 926 2203 approbari,
949 2142 1017 2185 non
1035 2128 1209 2185 esttamen

232 2206 319 2289 quod
340 2206 437 2271 fidem
457 2215 601 2271 vestram
624 2206 736 2270 multis
759 2205 866 2273 verbis
889 2206 1110 2288 imploremus.
1133 2205 1209 2270 Non

233 2294 346 2377 ignota
375 2300 426 2356 est
457 2292 549 2357 vobis
582 2291 694 2355 fratris
730 2293 835 2357 nostri
866 2290 998 2357 Calvini
1027 2291 1207 2367 Institutio,

233 2399 330 2460 quani
354 2378 407 2443 hic
428 2378 601 2460 praecipue
624 2376 881 2460 oppugnandam
903 2378 990 2442 susci
1016 2378 1048 2440 it.
1095 2374 1206 2457 Quam

232 2474 424 2529 reverenter
451 2482 488 2525 ac
520 2461 626 2527 sobrie
654 2462 721 2528 illio
756 2460 796 2526 de
830 2463 959 2527 arcanis
1022 2463 1053 2526 ei
1081 2460 1209 2526 iudiciis

233 2548 381 2625 disserat,
405 2546 593 2630 praedicare
615 2547 698 2611 nihil
717 2551 844 2624 attinet,
868 2548 944 2629 quio
962 2549 1042 2612 satis
1059 2546 1208 2611 luonlen-

232 2643 287 2698 tus
308 2654 367 2717 per
389 2652 424 2697 se
446 2634 539 2697 testis
557 2640 607 2697 est
624 2631 715 2697 liber.
760 2632 830 2698 Nec
852 2652 930 2698 vero
953 2631 1130 2714 quidquam
1154 2631 1209 2696 hic

234 2717 388 2784 docemus
415 2718 478 2782 nisi
512 2717 597 2800 quod
632 2739 724 2783 sacro
752 2717 817 2781 Dei
850 2717 952 2784 verbo
979 2717 1146 2800 proditum
1172 2716 1209 2780 in

232 2802 371 2870 eeclesia
388 2812 499 2869 vestra
525 2804 593 2867 iam
621 2801 697 2868 inde
724 2826 744 2868 a
770 2804 924 2869 restituta
950 2802 1116 2886 evangelii
1136 2802 1208 2868 luce

1675 1779 1814 1847 Iacobus
1836 1778 2037 1845 Bernardus.

1675 1865 1868 1933 Ludovious
1891 1864 2134 1948 Trepperellus.

1675 1949 1866 2017 Iiudoviens
1888 1950 2052 2037 Oogneus.

1674 2036 1831 2102 Nicolaus
1852 2035 2030 2102 Gallasius.

1675 2122 1873 2188 Franciscus
1894 2121 2113 2205 Bourgoinus.

1674 2207 1817 2273 Ioannes
1837 2207 2007 2292 Pyrerius.

1674 2292 1894 2377 Raymondus
1913 2292 2115 2359 Ohauvetus.

1674 2377 1831 2443 Nicolaus
1851 2377 1988 2443 Parens.

1673 2463 1818 2529 Michael
1840 2461 1888 2528 Oo
1912 2484 1960 2529 us.

1673 2549 1815 2614 Ioannes
1836 2549 1887 2613 Fa
1927 2570 1953 2612 r.

1673 2635 1706 2698 A
1727 2631 1851 2700 Sancto
1873 2632 2017 2698 Andrea.

1673 2719 1817 2783 Ioannes
1839 2717 2010 2784 Baldinus.

1673 2804 1720 2869 M.
1743 2803 1948 2869 Malisianus.

231 2889 384 2955 obtinuit
415 2886 504 2953 Satis
527 2889 690 2966 convenit,
711 2887 777 2953 fide
795 2909 856 2954 nos
877 2889 1064 2953 iustificari:
1093 2886 1151 2954 sed
1172 2888 1209 2951 in

233 2996 271 3040 eo
305 2981 442 3056 apparet
473 2973 578 3040 solida
606 2974 671 3039 Dei
703 2971 940 3049 misericordia,
976 2993 1077 3056 quum
1109 2972 1210 3039 fidem

231 3058 451 3143 intelligimus
464 3059 629 3144 gratuitae
646 3057 832 3142 adoptionis
844 3080 916 3124 esse
929 3060 1087 3123 fructum:
1110 3057 1209 3140 adop-

232 3144 357 3211 tionem
384 3164 465 3209 vero
494 3165 536 3209 ex
558 3151 694 3210 aeterna
714 3144 780 3210 Dei
807 3144 967 3210 electione
988 3145 1099 3209 fluere.
1142 3143 1210 3209 Hie

1672 2888 1848 2972 Philippus
1871 2888 1911 2954 de
1928 2890 2087 2956 Ecclesia.

1646 3180 1850 3187 Ἡ

233 3238 345 3295 antem
366 3230 538 3313 impostor,
567 3251 670 3313 quum
691 3229 884 3296 electionem
913 3249 956 3294 ex
981 3228 1046 3295 fide
1067 3228 1211 3312 pendere

231 3316 339 3398 fingit,
362 3322 435 3380 tum
456 3314 556 3381 fidem
578 3316 684 3398 ipsam
705 3336 771 3380 non
789 3316 900 3380 minus
916 3335 958 3380 ex
975 3316 1106 3398 proprio
1118 3321 1210 3379 motu

231 3400 376 3467 hominis
394 3420 493 3484 quani
510 3423 552 3466 ex
569 3401 703 3469 coelesti
718 3401 934 3484 inspiratione
951 3401 1038 3465 oriri
1061 3400 1211 3465 Rursum

230 3497 328 3554 extra
345 3489 603 3552 controversiam
615 3495 675 3565 est,
697 3486 783 3569 quod
801 3486 1102 3570 pereunthomines
1124 3485 1210 3567 ipso-

231 3593 308 3637 rum
336 3573 480 3722 3alitiae
508 3572 739 3656 imputandum
767 3593 848 3722 eqlse.
887 3570 961 3638 sed
988 3573 1023 3634 in
1051 3569 1209 3720 reqrobis,

253 3677 314 3722 uos
373 3677 431 3722 eus
458 3679 578 3723 arcano
605 3679 664 3722 suo
696 3659 832 3724 consi'o
867 3666 926 3722 tan
947 3678 1024 3721 nam
1056 3657 1126 3720 ini
1173 3677 1209 3719 os
1353 3690 1361 3708 ·
1488 3690 1496 3707 ·
1531 3690 1540 3708 ·
2006 3695 2014 3710 ·

231 3679 391 3806 qraeterit
417 3764 455 3808 ac
483 3742 618 3820 deserit,
646 3743 775 3808 illustre
804 3763 839 3806 se
866 3677 990 3826 prodert
1013 3677 1210 3815 ‚humiligtdti's
1261 3690 1390 3827 Acus)
1440 3702 1730 3773 mmmmm
1776 3692 2089 3829 Genqvensfflm
2141 3725 2240 3779 cum

230 3764 476 3894 documentum.
525 3824 752 3910 Hjeruuymu's
780 3835 891 3893 sutem
919 3828 982 3893 iste
1010 3827 1095 3891 nihil
1123 3828 1210 3891 iuste
1308 3811 1571 3921 Hieronymo
1602 3811 1655 3894 de
1686 3813 2071 3922 praedestinatione
2103 3813 2196 3897 Dei.

232 3934 253 3978 a
281 3910 354 3976 Deo
380 3913 451 3976 fieri
480 3911 644 3990 concedit,
679 3913 744 3978 nisi
772 3913 865 3979 ouius
898 3914 983 3977 ratio
1016 3912 1077 3977 sub
1106 3911 1209 3977 oeulis

232 3998 341 4081 posita
362 3998 474 4062 iaceat
518 3998 592 4063 Hoc
620 3998 760 4081 denique
782 3999 950 4064 internos
972 4000 1077 4063 fixum
1099 4008 1149 4063 est
1171 4018 1208 4063 ac
1263 3993 1357 4075 (Oeae
1372 3993 1462 4074 pidre
1489 3998 1534 4058 est
1559 4013 1621 4058 urta
1649 3995 1750 4074 espace
1779 3994 1816 4059 de
1837 4003 1967 4076 rapport
1993 3996 2106 4078 official
2126 3997 2240 4080 crowd

232 4104 438 4150 concessum:
473 4082 584 4148 Deum
605 4085 641 4148 iii
663 4084 833 4150 hominum
860 4085 1000 4169 peccatis
1022 4084 1136 4165 culpae
1158 4104 1209 4147 so·
1255 4099 1324 4160 par
1353 4078 1398 4143 lea
1420 4076 1587 4143 Mmtstrea
1617 4079 1656 4144 de
1681 4077 1801 4144 Getice
1828 4081 1849 4144 ὰ
1879 4102 1955 4146 ceria
1982 4083 2037 4148 des
2064 4082 2175 4166 e'pla'sas
2201 4082 2240 4146 de

232 4170 319 4235 cium
342 4166 482 4233 adscribi
509 4170 558 4233 fas
581 4191 647 4233 non
670 4191 757 4248 esse,
786 4193 846 4237 neo
867 4171 936 4236 ullo
958 4169 1054 4235 modo
1076 4171 1111 4232 in
1134 4189 1209 4232 enm
1262 4163 1352 4242 Bae,
1374 4164 1412 4227 de
1432 4162 1538 4229 Beroe
1558 4168 1587 4227 et
1606 4164 1644 4229 de
1661 4163 1788 4229 Zuriclr.
1824 4165 1918 4231 Octre
1938 4167 2150 4248 deaanploire
2170 4187 2240 4232 coit-

233 4261 419 4336 eompetere
450 4255 575 4337 peccati
609 4277 738 4320 nomen.
788 4256 830 4321 Id
861 4267 972 4323 tamen
1004 4277 1070 4320 non
1104 4253 1210 4319 obstat
1262 4249 1349 4315 saed
1369 4269 1437 4314 aaa
1459 4249 1612 4314 Arabicas
1633 4250 1671 4314 de
1684 4248 1813 4330 aenae,
1838 4251 1951 4316 Procas
1972 4251 2141 4331 aeaeae,
2165 4250 2242 4316 Pe-

233 4340 407 4421 quominus
428 4340 512 4404 miro
532 4340 673 4422 quodam
690 4351 724 4408 et
739 4339 1063 4424 incomprehensibili
1080 4339 1208 4417 iudicio,
1262 4355 1311 4402 cce
1333 4333 1491 4400 dilucides
1515 4334 1557 4399 N.
1571 4340 1601 4415 7,
1623 4335 1649 4399 it
1669 4355 1707 4400 en
1728 4337 1825 4401 aaa
1841 4338 1930 4401 *daca
1950 4339 2051 4420 copias
2074 4336 2237 4415 eatae,

231 4445 291 4506 per
303 4422 463 4489 Batauam
485 4435 520 4490 et
540 4427 696 4509 reprobos
717 4438 876 4510 tanquam
898 4430 967 4493 irae
989 4447 1068 4492 suae
1086 4446 1231 4509 organa,
1262 4441 1329 4487 aaa
1351 4419 1504 4486 Arabicas
1525 4419 1626 4485 eccles.
1656 4420 1713 4485 VI.
1734 4426 1804 4486 tona.
1826 4428 1893 4487 105
1916 4422 1985 4488 Fol.
1999 4427 2068 4489 492
2088 4428 2117 4488 et
2135 4420 2238 4488 VIII.

232 4531 350 4575 manus
379 4531 460 4575 suae
492 4514 673 4594 potentiani
701 4533 874 4590 exercens,
908 4535 996 4579 nunc
1025 4511 1138 4576 fideles
1168 4509 1210 4575 ad
1261 4513 1331 4572 rom.
1357 4512 1402 4571 43
1431 4505 1498 4571 Fut.
1524 4510 1593 4571 132
1619 4507 1848 4573 amaremur
1873 4507 1967 4573 Β.Ι.
1996 4514 2025 4574 at
2049 4507 2186 4572 XXIX
2213 4513 2241 4574 et

231 4596 426 4679 patientiam
448 4596 591 4675 erudiat,
614 4618 704 4663 nunc
725 4599 875 4664 hostibus
893 4598 962 4663 suis
983 4618 1105 4680 poenas
1122 4596 1209 4659 infli-
1261 4613 1322 4659 ane
1351 4596 1441 4656 autre
1472 4592 1554 4657 dens
1586 4592 1613 4656 le
1643 4592 1785 4674 Raptae
1816 4594 1855 4659 de
1887 4593 1920 4658 la
1955 4593 2123 4660 Venerato
2153 4592 2241 4660 cont

232 4689 290 4765 gat
311 4681 424 4764 quales
447 4692 624 4748 merentur.
669 4684 736 4749 Hic
759 4684 914 4766 profanus
936 4695 1078 4766 nugator
1099 4680 1209 4746 Deum
1256 4679 1376 4762 popliir
1413 4676 1477 4742 Vol.
1500 4678 1542 4742 A.
1566 4698 1603 4759 p.
1627 4682 1694 4742 151
1723 4679 1803 4743 saie.
1847 4679 1893 4743 Le
1913 4683 1992 4744 aare
2013 4701 2036 4746 a
2057 4679 2105 4745 ἑτέ
2120 4678 2240 4763 athlie,

232 4774 328 4833 reatu
356 4768 485 4834 involvi
523 4769 684 4846 clamitat,
724 4791 826 4851 quum
859 4770 932 4834 eius
964 4768 1209 4851 providentiam
1260 4765 1345 4830 mais
1371 4783 1407 4827 cn
1423 4764 1535 4842 paria
1553 4763 1733 4845 satlcmait,
1751 4786 1816 4847 par
1838 4764 2005 4846 Hottinper
2025 4764 2044 4829 l.
2068 4786 2092 4833 c.
2109 4788 2145 4849 p.
2171 4768 2241 4829 735

232 4875 346 4918 rerum
374 4855 523 4918 omnium
549 4855 709 4920 arbitram
735 4855 882 4920 facimus.
932 4853 1085 4936 Denique
1112 4873 1209 4918 omne
1261 4850 1342 4916 suiv.
1370 4847 1466 4913 Dans
1487 4848 1519 4912 tu
1538 4846 1701 4915 &aaa
1723 4849 1762 4914 de
1780 4848 1896 4916 Sicaler
1924 4851 1989 4916 Vol.
2005 4857 2026 4915 7
2030 4857 2051 4915 6
2072 4871 2111 4917 ou
2134 4855 2242 4917 nouae

233 4937 410 5004 iaruman
431 4941 517 5005 inter
539 4960 671 5005 eausam
693 4948 853 5004 remotam
875 4948 908 5004 et
928 4938 1153 5004 absconditam
1175 4947 1209 5004 et

231 5025 432 5171 {ropinquas
454 5024 587 5103 tollens,
616 5044 791 5090 aerumnas
820 5035 932 5091 saneto
954 5024 1012 5090 Iob
1039 5025 1209 5107 impositas
1262 5040 1466 5051 ’m‘-

258 5130 297 5207 ‚01
324 5130 407 5193 opus
435 5111 562 5176 ⁰⁰¹¹⁸⁰¹⁸i
584 5131 661 5210 ‚⁰⁰¹¹
692 5111 831 5210 patitur,
865 5111 960 5211 (inin,
978 5111 1102 5193 Pariter
1134 5129 1209 5174 (lum
1331 5139 1716 5208 normanorumque
1731 5146 1796 5194 aaut
1807 5141 1906 5196 verbe:
1924 5139 1958 5192 14
1969 5157 2028 5196 nov.
2041 5139 2108 5194 1551
2127 5147 2152 5195 et
2167 5156 2242 5212 seqq.

233 5191 362 5260 diabolo
384 5202 418 5259 et
435 5195 611 5261 Chaldaeis
633 5205 667 5262 et
683 5194 821 5262 Sabaeis
842 5196 1026 5263 latronibus
1043 5217 1118 5262 reus
1140 5197 1207 5261 fiat.
1262 5211 1331 5266 Post
1346 5225 1407 5264 earu
1424 5207 1529 5278 aequa
1545 5209 1767 5276 adempturum
1782 5225 1868 5277 mppr.

1557 3532 1835 3600 ·XXXIX.
