4702 5926
116 321 179 385 589
871 314 1135 383 MIOHAELIS
1158 314 1370 384 SERVE'PI.
2067 329 2130 391 590

116 506 313 591 ingenitum,
337 511 371 569 et
392 525 576 571 sermonem
599 505 758 589 genitum,
781 503 862 569 duos
884 504 1007 569 clamat
1027 504 1100 568 fieri
1153 525 1254 587 quum
1296 505 1383 587 ignis
1428 506 1601 590 gehennae
1647 506 1692 571 sit
1736 514 1899 588 aeternus,
1949 530 2015 574 non
2067 512 2134 576 iam

117 592 205 669 deos,
228 611 302 674 pag.
328 595 378 655 30.
422 591 521 657 Unde
553 591 661 673 ipsum
694 590 808 654 ludere
841 596 986 673 apparet.
1032 588 1099 654 Sed
1151 590 1293 668 trinitas,
1338 589 1396 655 sed
1441 593 1644 673 quaternitas
1693 592 1730 656 in
1770 592 1843 659 Deo
1896 595 1940 661 sit
1986 596 2133 677 evidens,

116 699 182 761 qua
204 679 331 742 ratione
352 676 481 756 nititur,
503 685 542 741 ut
564 683 632 740 tam
649 677 765 742 acerbe
783 682 974 741 succenseat
995 674 1100 740 tribus
1175 675 1266 754 atris,
1300 676 1369 756 filii,
1403 677 1538 760 spiritus
1572 684 1607 743 et
1639 678 1735 762 ignis.
1799 678 1897 760 Quod
1930 680 1959 746 si
1993 681 2135 749 thronus

115 764 267 848 personis
289 764 422 828 realiter
443 760 629 828 distinctis?
674 760 764 842 Quia
782 767 958 844 nequeunt,
980 759 1099 842 inquit,
1187 761 1216 825 ei
1239 758 1387 840 addatur,
1415 764 1482 828 iam
1504 763 1812 844 1616661616]
1841 766 1884 830 sit
1902 766 2133 849 quintcrnitas.

116 851 152 915 in
173 856 320 914 mentem
341 848 464 926 venire,
498 869 582 930 quac
615 848 677 913 sub
709 867 842 913 sensum
870 866 938 910 non
967 846 1098 925 cadunt,
1152 844 1292 926 Quaerit
1312 853 1434 929 postea,
1456 848 1543 914 sitne
1565 849 1697 915 trinitas
1718 849 1863 931 luminis,
1883 852 1982 917 nubis
2000 859 2033 918 ει
2054 854 2133 919 6611-

115 955 190 1018 pag.
215 938 265 1000 32.
310 934 366 999 An
398 933 577 999 tolerabilis
613 941 664 998 est
695 933 776 998 haee
809 930 935 996 bestiae
968 932 1098 1009 ferocia,
1151 932 1247 1015 ginis.
1292 932 1444 1015 Denique
1472 934 1519 999 sie
1546 935 1742 1018 multiplicat
1762 957 1930 1019 personas,
1965 945 2004 1002 ut
2037 938 2133 1003 inex-

116 1020 205 1103 quod
225 1021 423 1085 immensam
444 1021 510 1084 Dei
538 1020 687 1103 gloriam,
721 1027 755 1084 ct
785 1038 905 1083 areana
938 1018 1099 1083 essentiae
1150 1016 1302 1099 plieabile
1335 1019 1379 1084 sit
1410 1019 1518 1084 chaos.
1572 1021 1754 1102 Postquam
1788 1023 1860 1087 sine
1894 1023 1991 1088 modo
2023 1026 2133 1089 omnia

118 1105 189 1171 eius
211 1105 371 1189 mysteria
397 1126 467 1168 non
494 1111 625 1170 tantum
660 1103 847 1168 intellectus
881 1103 934 1167 sui
966 1100 1098 1167 modulo
1151 1102 1307 1182 confudit,
1343 1104 1465 1170 fatetur
1501 1106 1537 1168 in
1558 1104 1632 1170 Deo
1661 1128 1728 1170 non
1755 1105 1851 1172 modo
1874 1116 1940 1172 tres
1962 1129 2131 1192 personas,

116 1191 261 1268 motitur,
303 1188 361 1254 sed
398 1190 486 1254 int'ra
520 1211 636 1256 sensus
671 1210 747 1255 suos
782 1189 943 1255 subiicere
976 1187 1097 1253 audet?
1151 1189 1206 1253 vel
1227 1188 1444 1272 hypostaseis,
1481 1190 1536 1254 sed
1571 1192 1669 1255 etiem
1704 1200 1772 1258 tres
1808 1195 1977 1273 aasentias,
2010 1196 2132 1278 pagina

117 1274 201 1356 Quis
234 1277 323 1340 nu'nc
349 1276 498 1352 miretur,
532 1278 561 1340 si
594 1276 695 1340 talem
728 1273 916 1357 superbiam
950 1273 1099 1339 horribili
1153 1277 1224 1336 706.
1280 1274 1354 1340 Hoc
1393 1277 1499 1358 primo
1538 1277 1740 1342 exsecrabile
1779 1285 1829 1343 est
1865 1279 1928 1360 piis
1967 1280 2130 1359 omnibus,

116 1363 272 1428 caecitate
300 1360 431 1444 punivit
465 1360 651 1426 Dominus?
712 1361 804 1425 Eant
841 1380 931 1425 nunc
965 1358 1098 1424 Serveti
1151 1357 1333 1441 simplicem
1362 1380 1399 1424 ac
1420 1360 1624 1426 individuam
1646 1363 1711 1427 Dei
1733 1365 1911 1429 essentiam
1931 1365 1968 1428 in
1990 1375 2058 1431 tres
2080 1387 2131 1430 se·

116 1447 277 1532 discipuli,
310 1454 344 1512 et
365 1448 586 1530 persuadeant
613 1445 675 1512 hoc
697 1466 769 1510 esse
790 1445 868 1509 fidei
890 1445 1098 1528 principium,
1152 1464 1234 1509 aare.
1280 1445 1350 1510 Nec
1372 1447 1545 1529 quisquam
1567 1467 1609 1511 011
1632 1455 1701 1512 tota
1729 1447 1969 1515 haereticorum
1990 1450 2131 1516 colluvie

116 1532 200 1598 nihil
221 1534 368 1616 recipere
390 1532 457 1597 nisi
479 1531 565 1615 quod
587 1531 722 1614 capiunt
743 1531 885 1595 hominis
907 1551 1033 1595 sensus.
1151 1550 1237 1594 unus
1246 1532 1373 1596 exstitit
1383 1542 1460 1596 ante
1472 1531 1658 1611 Servetum,
1685 1534 1740 1615 qui
1752 1534 1814 1598 sibi
1825 1534 1861 1598 in
1876 1534 1939 1598 hac
1950 1544 2044 1618 parte
2056 1543 2129 1601 tan·

203 1618 275 1683 Iam
297 1619 326 1683 ε1
347 1617 455 1684 106616
478 1618 578 1683 habet
606 1615 695 1682 aliud
718 1614 850 1682 Servati
873 1616 992 1700 dogma
1012 1614 1100 1697 quod
1150 1622 1221 1679 tum
1243 1615 1394 1682 licentiae
1416 1617 1517 1681 daret.
1562 1617 1631 1683 Sed
1665 1618 1752 1684 unde
1784 1627 1921 1703 repente
1954 1629 2021 1693 tam
2055 1641 2129 1703 pro-

117 1712 218 1788 66616
252 1703 432 1787 attigimus,
466 1705 630 1769 exstincta
663 1704 761 1766 tertia
792 1722 934 1786 persona
966 1710 1098 1766 tantum
1149 1701 1241 1767 fusus
1275 1709 1333 1780 est,
1367 1710 1406 1767 ut
1436 1711 1505 1768 tres
1537 1724 1693 1786 personas
1725 1706 1761 1769 in
1794 1726 1863 1770 una
1896 1707 2037 1771 essentia
2062 1728 2130 1771 non

117 1790 256 1856 restabit
278 1789 430 1854 dualitas.
475 1790 656 1873 Ipsammet
688 1790 777 1852 enim
805 1789 1000 1871 sapientiam
1020 1808 1098 1852 cou-
1149 1786 1268 1867 ferens,
1291 1787 1401 1853 Deum
1429 1789 1466 1852 in
1498 1795 1567 1853 tres
1595 1793 1755 1854 essentias
1783 1790 1921 1856 lacerari
1947 1791 2128 1857 concedat?

117 1875 226 1942 tendit
260 1895 331 1941 esse
365 1875 527 1957 spiritum,
561 1875 683 1958 pagina
705 1878 756 1939 86.
806 1872 903 1939 Unde
938 1872 1096 1955 sequitur,
1150 1869 1246 1951 Quia,
1268 1873 1384 1955 inquit,
1418 1873 1518 1940 verbo
1551 1881 1585 1939 et
1618 1876 1748 1957 spiritui
1775 1884 1887 1941 sancto
1910 1876 2057 1941 admixta
2079 1884 2130 1943 est

114 1960 181 2026 nisi
202 1981 289 2025 unus
312 1967 345 2025 et
367 1960 430 2024 duo
452 1960 541 2026 idem
557 1961 700 2038 valeant,
725 1959 829 2024 solam
849 1979 920 2024 esse
941 1959 1001 2023 filii
1022 1978 1096 2040 per·
1148 1959 1253 2039 portio
1275 1968 1453 2023 creaturae.
1498 1960 1590 2042 Ergo
1612 1960 1647 2034 iu
1670 1959 1791 2024 deitate
1812 1961 1997 2026 faeculenta
2015 1970 2049 2035 ει
2065 1963 2128 2026 116-

115 2065 229 2112 sonam
255 2065 337 2129 quae
364 2047 452 2129 patri
476 2045 678 2128 respondeat.
724 2044 861 2122 Verum,
897 2044 961 2109 alio
984 2050 1097 2126 postea
1148 2063 1231 2124 pura
1260 2044 1324 2108 erit
1345 2045 1507 2109 essentiae
1540 2046 1682 2127 partitio.
1728 2043 1797 2110 Sed
1828 2045 1926 2111 redeo
1960 2046 2001 2111 ad
2034 2047 2128 2111 illam

114 2134 226 2216 ipsum
265 2132 352 2214 rapit
391 2153 451 2198 sua
491 2133 627 2215 vertigo,
667 2140 706 2195 ut
746 2129 827 2195 duas
866 2148 1024 2213 personas
1060 2129 1096 2192 in
1147 2127 1240 2193 verbi
1262 2139 1295 2194 et
1317 2130 1452 2211 spiritus
1473 2128 1687 2195 identitatem.
1732 2131 1773 2194 In
1796 2132 1985 2216 archetypo,
2018 2133 2128 2215 inquit

114 2217 249 2284 Christo
272 2216 422 2284 excudat.
467 2219 509 2283 ln
527 2217 606 2296 solo,
628 2217 745 2299 inquit,
768 2222 842 2295 [pag.
864 2220 937 2293 178]
960 2234 1096 2297 corpore
1148 2215 1270 2297 pagina
1294 2219 1364 2294 165,
1398 2215 1477 2282 11601
1498 2214 1585 2280 idem
1614 2224 1725 2281 essent
1745 2216 1894 2296 verbum,
1928 2218 2063 2300 spiritus
2096 2224 2130 2282 ει

115 2311 149 2369 et
184 2303 302 2386 spiritu
330 2303 408 2368 Iesu
427 2303 553 2369 Christi
573 2302 690 2368 modus
718 2302 848 2366 deitatis
882 2308 932 2364 est
964 2299 1095 2383 duplex,
1148 2298 1216 2377 lux,
1251 2307 1285 2364 et
1318 2307 1403 2366 esset
1431 2302 1535 2366 nubes
1558 2301 1672 2366 eadem
1695 2301 1794 2366 simul
1817 2323 1931 2384 aquea,
1965 2322 2061 2367 aerea
2095 2310 2129 2367 et

114 2387 201 2454 unde
237 2397 270 2453 01
305 2388 389 2454 duae
423 2388 580 2454 dicuntur
622 2407 791 2470 personae,
804 2389 827 2464 ¹)
867 2384 989 2469 pagina
1025 2387 1094 2447 129.
1147 2385 1254 2468 ignea,
1287 2386 1379 2468 prius
1413 2393 1524 2451 tamen
1558 2387 1749 2452 referuntur
1769 2388 1908 2454 verbum
1935 2394 1970 2452 et
1991 2388 2127 2469 spiritus

115 2472 212 2556 Quod
236 2482 346 2539 autem
374 2476 573 2558 principium
600 2493 759 2554 personae
786 2471 921 2555 spiritus
949 2470 1097 2554 assignat
1148 2491 1247 2551 quam
1269 2471 1340 2536 lux:
1363 2473 1454 2554 prius
1474 2493 1559 2555 aqua
1580 2482 1614 2537 et
1635 2494 1701 2550 aer,
1725 2494 1823 2555 quam
1845 2473 1940 2557 ignis.
1986 2473 2052 2538 Hic
2074 2473 2128 2539 vel

114 2561 210 2643 quale
255 2560 454 2640 0611161661)
495 2579 667 2641 nunquam
710 2578 770 2641 pro
809 2555 951 2622 absurdo
991 2555 1094 2620 duxit.
1148 2557 1313 2621 senarium
1335 2578 1512 2623 numerum
1533 2558 1688 2624 concedat
1713 2565 1927 2637 6006660661,
1954 2557 2008 2624 vel
2029 2578 2128 2623 omne

114 2644 211 2710 Adde
233 2646 320 2727 quod
341 2646 533 2710 innumeras
556 2643 762 2729 hypostaseis
789 2641 943 2707 audacter
965 2640 1026 2707 sibi
1047 2642 1095 2705 fa·
1148 2640 1323 2707 discrimen
1347 2642 1449 2708 tollat.
1493 2643 1567 2708 Iam
1592 2644 1620 2709 si
1648 2664 1789 2726 persona
1810 2643 1859 2708 illi
1881 2643 2128 2727 dispositionem

112 2730 228 2797 bricat.
271 2731 340 2796 Per
361 2730 525 2809 deitatem,
559 2729 676 2812 inquit,
709 2747 792 2810 quae
819 2749 909 2793 nunc
932 2735 982 2792 est
1003 2727 1039 2791 in
1060 2747 1096 2792 re
1148 2733 1252 2806 sonat,
1285 2726 1455 2795 videamus
1488 2748 1652 2811 quaenam
1683 2728 1865 2800 secundum
1898 2731 2008 2813 ipsum
2042 2728 2130 2794 inter
2200 2781 2201 2784 .

115 2818 240 2899 quavis,
261 2823 371 2899 potest
391 2815 485 2881 Deus
506 2836 631 2880 novum
653 2812 814 2879 mundum
836 2832 956 2892 creare,
981 2820 1016 2878 et
1060 2833 1096 2877 er
1147 2820 1275 2897 patrem
1298 2821 1333 2878 et
1353 2815 1459 2879 filium
1481 2816 1525 2879 sit
1546 2815 1670 2880 relatio.
1706 2815 1836 2899 Pagina
1859 2819 1930 2892 696,
1953 2821 2128 2897 postquam

114 2902 204 2968 illam
228 2901 434 3017 hppostatice
455 2921 622 2985 apparere,
655 2910 777 2982 quanto
809 2900 914 2984 magis
940 2919 999 2981 per
1027 2834 1095 2963 ‹hi-
1147 2900 1210 2964 sibi
1232 2901 1273 2964 ab
1295 2900 1434 2965 adversa
1455 2909 1550 2983 parte
1573 2901 1699 2976 obiecit,
1726 2901 1753 2965 si
1777 2903 1812 2965 in
1835 2901 1968 2964 homine
1990 2900 2126 2965 Christo

114 2995 218 3053 tatem
241 2986 388 3053 chrisa?
411 2988 535 3071 pagina
559 2991 629 3050 150.
680 2984 854 3067 Quomodo
887 2992 997 3049 autem
1031 2984 1095 3068 hy·
1147 2992 1198 3049 est
1225 2986 1419 3052 verbumst
1452 2987 1598 3069 spiritus,
1631 3008 1690 3052 cur
1723 2985 1863 3053 verbum
1896 2987 2004 3068 potius
2036 2986 2126 3052 filius

112 3072 271 3157 postatico
292 3073 402 3137 Deum
431 3073 609 3159 constituat
629 3072 665 3135 in
688 3078 737 3136 tot
758 3070 916 3154 personis,
945 3069 1096 3154 Epistola
1147 3078 1296 3136 vocetur:
1347 3071 1534 3155 respondet,
1581 3093 1768 3155 quanquam
1814 3082 1993 3155 utrumque
2035 3080 2127 3136 certa

114 3171 208 3224 sexta
225 3159 329 3223 lirsius
348 3157 500 3237 declarat,
520 3157 606 3241 quod
620 3156 714 3222 Deus
731 3157 777 3222 sit
793 3158 829 3221 in
847 3157 938 3240 ligno
956 3155 1094 3240 lignum,
1146 3156 1275 3221 ratione
1298 3156 1362 3220 dici
1384 3158 1495 3241 possit,
1528 3158 1564 3222 in
1595 3158 1692 3241 modo
1725 3165 1838 3222 tamen
1872 3176 1944 3221 esse
1971 3154 2125 3220 differen-

112 3245 150 3309 in
172 3245 279 3327 lapide
301 3244 395 3327 lapis,
417 3244 453 3309 in
474 3243 588 3309 arbore
611 3242 716 3309 arbor.
726 3245 753 3321 Β)
776 3242 906 3307 Deinde
924 3242 1094 3325 inApolo·
1147 3244 1236 3321 tiam,
1259 3245 1335 3325 quia
1356 3243 1391 3306 in
1413 3242 1513 3309 verbo
1534 3263 1663 3325 semper
1685 3253 1756 3307 erat
1777 3242 1923 3325 spiritus,
1946 3241 1982 3304 in
2005 3241 2126 3322 spiritu

115 3331 177 3412 gia,
199 3330 321 3414 pagina
344 3334 416 3409 698,
449 3330 636 3412 1016161604)
670 3329 781 3396 106661
807 3328 903 3393 illum
925 3349 967 3393 01
988 3329 1094 3410 primo
1147 3328 1310 3406 verbum,
1328 3327 1435 3395 virtus
1462 3325 1587 3407 eadem,
1619 3327 1804 3394 substantia
1831 3326 1946 3390 eadem
1967 3326 2061 3391 verbi
2092 3333 2126 3391 et

98 3416 220 3498 'capite
254 3417 372 3482 Mosis:
411 3417 588 3482 Faciamus
627 3413 796 3480 hominem
835 3413 876 3478 ad
916 3413 1095 3497 imaginem
1147 3414 1292 3496 spiritus.
1336 3413 1378 3477 In
1395 3434 1556 3490 sermone,
1579 3413 1671 3479 velut
1692 3413 1727 3476 in
1749 3435 1786 3477 re
1804 3419 1939 3476 externe
1962 3416 2036 3490 [pag.
2051 3410 2126 3491 1'80]

114 3508 276 3565 noscam:
310 3521 411 3585 quum
434 3503 527 3567 Deus
561 3499 706 3584 loquitur
738 3507 772 3564 et
798 3498 959 3582 praecipit
979 3501 1093 3579 monti,
1145 3500 1227 3576 visa,
1250 3507 1322 3564 erat
1342 3499 1472 3564 interne
1494 3504 1669 3564 contentus
1690 3498 1833 3581 spiritus.
1877 3495 2027 3562 Verbum
2045 3516 2124 3581 ergo

114 3591 174 3650 εει
191 3586 335 3668 pluviae,
354 3594 413 3652 aut
428 3587 537 3671 lapidi,
556 3586 702 3669 loquitur
719 3584 842 3663 deitati,
885 3604 948 3649 uae
971 3586 1007 3648 in
1025 3586 1094 3650 sin·
1146 3583 1188 3649 ad
1210 3603 1328 3668 eorpus
1361 3583 1468 3666 ipsum
1501 3583 1561 3648 filii
1583 3585 1694 3665 potius
1716 3581 1891 3667 spectabat.
1935 3581 2003 3647 Ubi
2035 3603 2124 3648 nuno

113 3670 200 3754 gulis
222 3679 281 3736 est.
316 3670 447 3739 Suntne
464 3672 538 3738 ideo
557 3672 692 3737 deitates
711 3669 844 3736 realiter
884 3670 1093 3752 'stinctae?⁶)
1145 3668 1319 3735 distinctae
1375 3668 1595 3753 hypostases?
1654 3670 1721 3734 imo
1749 3668 1827 3732 'ubi
1877 3666 1961 3733 duae
2011 3687 2123 3732 essen·

112 3757 280 3822 Personae
302 3757 348 3822 ibi
370 3757 435 3824 dici
455 3765 601 3841 possunt,
624 3776 708 3840 quae
730 3754 871 3821 andiunt
892 3775 1007 3821 vocem
1017 3756 1092 3821 Dei.
1145 3757 1225 3835 tiae,
1262 3776 1366 3838 quum
1394 3776 1436 3819 ne
1470 3756 1557 3821 inter
1591 3776 1747 3838 personas
1782 3752 1914 3836 quidem
1947 3752 2123 3819 discrimen

113 3840 243 3922 Quibus
264 3843 374 3908 verbis
396 3844 552 3923 annectit,
586 3840 672 3926 quod
693 3841 759 3907 iam
782 3841 965 3920 citavimus,
997 3862 1094 3924 posse
1145 3840 1330 3924 relinquat?
1396 3840 1510 3918 Porro,
1555 3861 1621 3922 qua
1664 3841 1791 3906 ratione
1837 3838 1973 3923 spiritus
2019 3837 2126 3904 sancti

112 3926 224 3995 Deum
246 3950 336 3994 nunc
365 3950 424 4011 per
445 3928 610 4006 deitatem,
634 3946 718 4010 quae
740 3933 791 3992 est
826 3926 861 3990 in
893 3947 931 3991 re
966 3928 1093 4009 quavis,
1145 3936 1240 4011 pater
1282 3928 1326 3991 sit
1364 3925 1466 4005 Deus,
1512 3925 1627 3990 definit
1666 3947 1739 4009 pag.
1784 3930 1854 3990 187.
1899 3922 1995 3990 Sicut
2033 3932 2129 4006 pater

111 4035 237 4081 novum
278 4015 441 4079 mundum
480 4034 600 4093 creare,
646 4033 707 4096 per
752 4011 843 4077 illam
889 4012 1096 4096 hypostatice
1146 4014 1293 4090 luminis,
1328 4012 1446 4094 inquit,
1480 4020 1515 4076 et
1536 4019 1631 4096 pater
1652 4011 1783 4095 gloriae,
1820 4032 1857 4076 ac
1885 4010 1999 4076 cadem
2021 4013 2130 4092 figura

113 4118 281 4184 apparere,
323 4108 356 4165 et
394 4120 543 4166 seorsum
583 4119 689 4184 agere.
740 4099 787 4163 Et
827 4097 936 4164 adhuc
974 4098 1094 4165 nebulo
1147 4100 1266 4165 dicitur
1298 4108 1394 4181 pater
1420 4096 1609 4182 sapientiae,
1645 4110 1679 4162 et
1705 4104 1798 4180 pater
1819 4097 1921 4174 verbi,
1956 4095 1985 4160 si
2006 4095 2129 4177 absque

112 4206 225 4251 vocem
260 4187 418 4250 trinitatis
453 4187 599 4271 proferre
627 4183 772 4263 audebit,
805 4190 844 4248 ut
877 4205 953 4248 suos
987 4184 1094 4251 fumos
1147 4185 1280 4250 homine
1294 4188 1318 4262 ¹)
1352 4185 1433 4249 haec
1466 4183 1543 4263 olim
1577 4182 1752 4267 intelligas.
1809 4180 1971 4246 Videmus
2007 4186 2129 4261 quanto

112 4270 283 4335 venditet?
328 4271 491 4338 Videmus
520 4271 609 4336 enim
636 4275 796 4353 quotquot
828 4275 908 4335 sunt
941 4270 975 4333 in
1005 4276 1095 4335 terra
1147 4292 1222 4337 cum
1250 4269 1392 4335 ludibrio
1421 4269 1462 4335 de
1493 4275 1627 4334 aeterna
1654 4268 1747 4334 verbi
1781 4266 1935 4351 genitura
1963 4263 2129 4339 interdum

112 4352 247 4436 lapides,
274 4357 328 4422 vel
351 4359 469 4434 trunci,
491 4356 629 4422 totidem
651 4356 745 4421 illum
766 4355 904 4421 induere
925 4356 999 4420 Deo
1020 4377 1094 4438 per·
1173 4357 1284 4422 arriat.
1336 4354 1497 4436 Quamvis
1519 4355 1607 4421 enim
1629 4353 1806 4438 figurative
1828 4371 1900 4416 eam
1923 4369 1959 4416 se
1982 4350 2129 4432 accipere

114 4458 221 4504 sonas.
266 4440 427 4509 Videmus
460 4444 560 4508 etiam
592 4462 661 4507 non
692 4441 767 4526 plus
795 4441 927 4507 deitatis
961 4440 1094 4508 concedi
1149 4379 1302 4520 declarat,
1336 4443 1408 4524 ipsa
1434 4448 1548 4506 tamen
1574 4442 1684 4524 figura
1709 4439 1746 4503 in
1771 4435 1915 4502 nihilum
1940 4434 2066 4513 recidit,
2099 4434 2130 4500 si

112 4524 244 4607 spiritui
266 4534 391 4605 sancto,
419 4548 517 4609 quam
539 4529 635 4610 ferro,
663 4537 721 4592 aut
747 4527 921 4609 lapidibus.
965 4526 1096 4612 Pagina
1148 4550 1214 4594 non
1249 4527 1346 4592 aliter
1373 4534 1526 4592 censetur
1546 4527 1640 4592 Deus
1662 4531 1756 4607 pater
1778 4522 1879 4602 verbi,
1911 4542 2010 4604 quam
2032 4521 2130 4586 lumi·

114 4612 176 4674 699
212 4611 319 4676 tribus
349 4615 497 4694 personis
535 4613 598 4680 hoc
635 4619 810 4698 praetextu
849 4612 967 4694 illudit,
1007 4612 1095 4697 quod
1148 4634 1238 4693 num,
1259 4612 1512 4690 misericordiae,
1547 4608 1778 4676 consolationis
1811 4614 1845 4672 et
1876 4608 2129 4673 6060166016-

1149 4700 1252 4764 nium.
1263 4700 1292 4778 ²)
1316 4697 1406 4779 Quid
1424 4700 1453 4763 si
1471 4705 1550 4762 tunc
1569 4694 1708 4762 Serveto
1726 4693 1812 4758 nihil
1828 4701 1961 4776 praeter
1977 4690 2128 4757 umbram

182 4813 213 4877 1)
231 4814 312 4870 Ha„
327 4815 424 4871 „nima
440 4816 523 4871 ,aba
540 4815 638 4872 dmm,
653 4817 685 4872 4„
696 4818 809 4938 {aum
1147 4786 1212 4850 fuit
1233 4783 1391 4868 spiritus?
1426 4784 1517 4848 Hine
1538 4789 1628 4848 certe
1649 4786 1814 4864 sequetur,
1835 4781 1948 4845 Deum
1969 4777 2035 4844 nisi
2054 4796 2128 4841 um·

182 4882 213 4949 2)
231 4891 315 4952 quant
333 4886 349 4938 1
368 4900 397 4938 ce
423 4883 485 4952 qu’il
505 4885 620 4939 attribue
645 4886 696 4940 tl’
723 4888 791 4954 sprit
812 4903 847 4941 un
866 4892 1094 4942 commencenent
1147 4871 1300 4936 hratilem
1322 4870 1421 4935 fuisse
1443 4868 1536 4934 verbi
1555 4875 1691 4950 patrem.
1743 4864 1800 4931 Sic
1833 4875 1943 4929 autem
1973 4864 2045 4946 ipse
2077 4860 2127 4925 di·

114 4951 148 5005 de
167 4968 303 5033 P0r⁸9111¹0
322 4954 366 5020 ‘1⁰5
385 4955 439 5006 ⁸0st
457 4969 573 5033 8919999
591 4969 658 5007 W
677 4954 702 5008 ¹⁰
721 4963 818 5023 temps.
1150 4965 1236 5021 serte
1257 4956 1403 5038 loquitur
1424 4954 1547 5038 pagina
1569 4957 1641 5016 217.
1685 4950 1874 5015 Videndum
1898 4950 1996 5013 otiam
2015 4954 2128 5026 restat,

182 5019 212 5086 3)
231 5038 258 5074 16
276 5023 372 5075 arbore
392 5022 472 5073 arbor
489 5027 573 5076 omar.
593 5022 627 5076 Θ.

182 5088 211 5152 4)
231 5090 344 5143 roulant
365 5097 500 5143 monstror
523 5107 575 5158 que
595 5105 624 5143 ce
643 5105 759 5157 passage
779 5128 785 5142 .
805 5130 811 5145 .
831 5131 836 5143 .
856 5132 862 5145 .
884 5107 918 5145 ne
941 5091 990 5146 tait
1007 5093 1095 5161 past

112 5173 215 5226 propos
231 5175 303 5279 ppur
319 5173 437 5227 prcuver
455 5157 481 5210 la
500 5159 610 5211 Trinite.
1220 5162 1251 5223 ll
1270 5176 1333 5215 sans
1350 5157 1447 5225 regard
1465 5159 1497 5213 do
1515 5157 1679 5213 l’humanite.

182 5224 212 5295 b)
262 5243 292 5281 oe
310 5242 414 5281 comato
431 5226 505 5282 deest
521 5228 674 5297 1119011160.
1222 5231 1253 5300 2)
1271 5239 1299 5284 61
1313 5230 1444 5283 bonorum
1462 5229 1576 5282 omnium
1593 5227 1676 5281 016111.
1697 5223 1730 5278 G.
