4762 5918
158 356 200 418 21
982 354 1047 422 DE
1070 355 1346 425 SOANDALIS.
1557 366 1559 371 ’
1969 378 1973 382 ’
2138 370 2182 436 22

155 544 217 614 sed
237 544 325 610 ultro
348 542 489 627 dataque
507 562 606 626 opera
649 564 686 609 er
707 544 853 611 salebrae
875 565 988 611 omnes
1014 543 1139 611 1111111-
1190 553 1333 629 possent
1379 545 1448 614 Sed
1469 547 1558 613 unde
1586 547 1649 614 hcc
1670 548 1880 630 scandalum,
1906 551 2044 620 nisiex
2064 548 2181 626 nostra

157 638 251 709 sant,
281 629 375 714 quasi
399 651 468 695 una
496 627 577 696 haec
606 565 673 695 ilhs
695 630 739 696 eit
766 631 845 697 volu
868 637 937 709 tas,
966 631 1139 714 ingenium
1192 631 1434 714 teneritudine?
1480 633 1636 699 Ohristus
1664 655 1777 702 secum
1798 635 1885 701 mori
1913 658 1974 704 nos
2002 640 2095 708 iubet
2138 651 2180 711 11

157 716 301 802 spinosis
321 714 571 798 quaestionibus
592 715 740 799 fatigare.
775 651 945 798 Quidquid
966 715 1139 782 minimam
1191 719 1280 785 vitae
1302 739 1381 784 suae
1402 718 1506 783 simus
1527 719 1714 802 participes.
1747 721 1815 787 Per
1837 723 2030 790 societatem
2051 693 2178 811 pas'sio-

156 823 238 890 prae
260 822 296 867 se
322 801 388 866 fert
414 800 626 867 absurditatis
647 801 805 884 speciem,
834 801 948 867 sedulo
977 801 1139 884 colligunt
1190 824 1271 868 num
1301 825 1439 869 suarum
1473 804 1592 871 ducere
1625 826 1685 870 nos
1717 806 1792 872 vult
1825 807 1867 872 ad
1901 829 1996 875 suam
2024 813 2176 896 gloriam

157 897 193 957 et
214 888 335 956 aeriter
352 888 533 971 exagitant,
556 907 599 952 ne
615 886 790 953 videantur
807 886 849 952 ad
868 885 1069 954 credendum
1086 889 1139 952 ni·
1190 888 1267 957 Non
1288 889 1403 972 iniqua
1431 889 1591 970 conditio,
1621 890 1650 954 si
1677 889 1756 975 quid
1776 893 1813 956 in
1834 892 1930 960 nobis
1952 906 2040 962 esset
2062 900 2177 982 aequi·

157 975 224 1041 mis
239 973 360 1041 faciles.
393 971 431 1039 si
444 993 509 1056 qua
522 973 620 1038 etiam
641 974 749 1037 estin
768 973 937 1039 nonnullis
955 974 1138 1056 scripturae
1189 975 1276 1040 tatis.
1322 973 1392 1040 Sed
1412 975 1510 1040 multi
1531 984 1691 1058 cuperent
1712 975 1884 1042 Christum
1910 979 2033 1047 habere
2055 984 2177 1067 glorio-

158 1062 240 1128 loois
269 1058 394 1126 dissidii
421 1065 456 1123 et
487 1060 726 1143 repugnantiae
753 1060 892 1141 species,
919 1080 993 1124 eam
1021 1058 1138 1142 cupide
1190 1081 1264 1125 sum
1286 1061 1416 1144 sepulta
1437 1062 1544 1128 crucis
1560 1063 1743 1127 mentione:
1767 1061 1854 1147 quod
1872 1065 1945 1131 fieri
1966 1069 2092 1151 nequit.
2123 1071 2175 1136 Ao

160 1145 338 1229 arripiunt:
359 1165 397 1211 11
416 1144 528 1210 omnia
537 1143 698 1209 eiusmodi
709 1145 897 1211 testimonia
907 1144 1137 1223 coacervando,
1190 1167 1232 1211 ne
1250 1166 1289 1210 eo
1307 1145 1438 1228 quidem
1456 1148 1602 1213 contenti
1624 1147 1677 1213 cul
1703 1169 1766 1228 am,
1789 1169 1873 1232 quae
1891 1151 1926 1214 in
1943 1151 2023 1234 ipsis
2041 1153 2174 1236 residet,

159 1229 332 1299 venditant
360 1251 458 1296 suum
486 1246 636 1296 acumen.
680 1229 754 1298 Hoc
779 1251 877 1313 porro
899 1250 1005 1313 genus
1033 1229 1138 1295 homi·
1189 1231 1225 1295 in
1258 1229 1443 1298 doctrinam
1480 1234 1491 1298 i
1533 1253 1586 1299 am
1619 1238 1652 1298 tr
1695 1241 1806 1300 ueunt.
1852 1232 1909 1301 Sic
1942 1237 2022 1301 olim
2050 1239 2175 1323 Caper·
2219 1257 2224 1265 ·

157 1338 239 1384 num
270 1315 384 1382 morbo
410 1334 511 1398 prope
537 1315 713 1380 insanabili
740 1316 877 1382 laborat
922 1316 1009 1380 Nam
1037 1337 1137 1398 quum
1189 1317 1298 1382 naitas
1329 1317 1450 1383 durum
1506 1317 1603 1385 bristi
1635 1339 1823 1385 sermonem
1855 1340 1928 1387 esse
1960 1322 2192 1392 clamitabant

157 1424 215 1470 eos
242 1401 367 1485 pudeat
394 1399 574 1485 quidquam
595 1402 739 1480 nescire,
767 1401 855 1466 nihil
877 1408 991 1467 tamen
1013 1399 1138 1467 discere
1190 1402 1319 1552 311111.
1333 1407 1362 1483 6,
1377 1405 1447 1488 60);
1470 1424 1574 1487 quum
1593 1405 1630 1469 in
1651 1405 1742 1488 ipsis,
1761 1426 1827 1470 non
1847 1406 1885 1470 in
1902 1425 2064 1491 sermone,
2087 1417 2176 1476 esset

156 1489 332 1556 sustinent
365 1487 495 1552 Verum
517 1486 595 1569 quia
616 1487 780 1569 simplices
801 1487 993 1570 plerumque
1012 1494 1046 1552 et
1057 1486 1137 1551 alio·
1212 1489 1321 1554 uritia.
1377 1489 1558 1570 Miramur,
1597 1490 1627 1555 si
1656 1490 1808 1557 cordatos
1839 1491 1962 1557 habere
1996 1492 2175 1577 discipulos

156 1576 217 1658 qui
244 1595 313 1640 111
334 1572 491 1637 indociles
512 1572 697 1656 percellunt
718 1593 777 1639 sua
799 1573 966 1651 iactantia,
994 1572 1138 1638 breviter
1189 1574 1272 1638 velit
1299 1575 1388 1640 filius
1421 1576 1500 1655 Dei,
1534 1597 1601 1641 non
1635 1576 1766 1654 molles,
1800 1596 1909 1660 neque
1944 1578 2173 1647 effeminatos?

156 1662 256 1726 istam
279 1657 514 1725 'scandalorum
545 1664 675 1742 partem
708 1658 872 1742 attingere
900 1677 1034 1724 neeesse
1060 1658 1136 1723 tuit:
1190 1659 1365 1740 Miramur,
1387 1661 1416 1725 si
1433 1683 1493 1727 sua
1510 1661 1656 1746 insignia
1668 1664 1693 1745 ¹)
1715 1663 1840 1745 gestari
1856 1663 1896 1729 ab
1917 1662 1999 1747 ipsis
2015 1664 2174 1732 11111111

156 1766 226 1813 111
248 1744 334 1828 quod
357 1744 469 1827 paucis
486 1742 596 1811 verbis
615 1743 777 1809 removeri
794 1743 932 1828 possint,
955 1744 1072 1826 quibus
1095 1764 1137 1810 ne
1189 1766 1339 1831 pugnare
1362 1745 1424 1811 sub
1446 1747 1569 1812 vexillo
1592 1768 1650 1812 suo
1670 1746 1802 1812 iubeat?

155 1832 294 1916 longum
316 1829 449 1914 quidem
470 1830 627 1896 volumen
644 1829 818 1896 sufficeret
853 1828 921 1895 Sed
942 1829 1049 1913 primo
1067 1829 1137 1896 loco
1275 1832 1365 1898 Huic
1375 1831 1489 1898 morbo
1500 1832 1609 1899 affinis
1620 1841 1671 1898 eet
1683 1832 1767 1898 alter
1777 1831 1843 1912 ille,
1861 1853 1960 1917 quem
1971 1831 2050 1900 dixi.
2084 1835 2173 1902 Nam

154 1915 313 1984 monendi
330 1936 445 1981 sumus
462 1922 585 1993 omnes,
605 1919 748 1996 [11111]
767 1922 803 1980 11
820 1916 856 1980 11
872 1913 1023 2000 legendis
1033 1917 1137 1999 serip-
1188 1918 1296 1983 earnis
1324 1918 1497 2003 abnegatio
1526 1940 1580 1984 res
1607 1925 1675 1982 tam
1702 1918 1841 1983 molesta
1869 1929 1921 1984 est
1947 1925 1985 1983 ut
2006 1920 2129 1987 multos
2151 1943 2173 1988 a

155 2003 245 2067 turis
272 2022 368 2084 quam
381 2026 382 2029 ¹
395 2001 531 2083 spiritus
551 2000 617 2066 Dei
644 2001 733 2065 viam
759 2008 922 2067 monstrat
948 2010 1135 2067 teneamus:
1188 2002 1324 2069 scholae
1339 2002 1467 2069 Christi
1486 2023 1618 2070 accessu
1631 2002 1816 2070 deterreat:
1839 2005 1930 2082 alios,
1948 2004 2006 2069 ubi
2028 2007 2173 2090 ingressi

157 2109 245 2172 quac
272 2095 359 2153 certe
389 2085 490 2168 plana
510 2087 589 2151 'erit
612 2108 650 2152 ac
684 2085 862 2170 aequabilis
896 2086 938 2152 ad
965 2085 1135 2153 Christum
1187 2089 1327 2167 fuerint,
1361 2088 1476 2172 procul
1508 2089 1671 2155 extrudat
1715 2090 1769 2154 De
1797 2098 1931 2172 peccato
1957 2090 2110 2174 originali
2136 2100 2173 2157 et

157 2171 388 2257 aspirantibus.
433 2171 563 2238 Deinde
584 2193 626 2238 ne
650 2172 885 2256 complicandis
907 2173 1136 2255 quaestionum
1188 2174 1414 2240 communibus
1442 2183 1581 2240 naturae
1606 2174 1698 2240 vitiis
1727 2172 1905 2256 disputari,
1934 2181 2100 2258 utcunque
2122 2176 2170 2241 fe-

156 2257 253 2324 ncdis
269 2258 432 2343 ingeniosi
454 2264 648 2342 appetamus
665 2279 737 2324 esse
754 2266 812 2323 ant
828 2258 948 2324 videri:
968 2265 1136 2343 postremo
1187 2267 1278 2325 rent:
1302 2257 1367 2325 Dei
1389 2261 1585 2343 gratiamae
1606 2257 1733 2324 Christi
1751 2258 1909 2324 beneficia
1926 2258 1995 2326 suis
2014 2260 2170 2328 laudibus

154 2365 200 2411 ne
226 2365 305 2409 mox
333 2364 544 2426 respuamus,
573 2344 600 2411 si
627 2343 705 2427 quid
734 2345 828 2411 nobis
855 2349 907 2410 est
931 2345 1005 2410 inco
1054 2345 1136 2408 'tum
1187 2345 1299 2411 ornari
1319 2344 1462 2411 libenter
1484 2343 1678 2411 concedent:
1701 2341 1760 2409 scd
1781 2343 1836 2408 ubi
1855 2343 1897 2409 ad
1915 2345 2079 2411 curandos
2101 2348 2170 2413 sin-

153 2431 209 2497 111
232 2431 430 2496 abstrusum.
474 2430 538 2495 Est
559 2430 621 2495 hoc
643 2431 762 2496 vitium
784 2450 851 2496 non
872 2449 976 2514 parva
1020 2430 1135 2514 ignum
1188 2431 1340 2516 gulorum
1367 2431 1499 2496 morbos
1526 2435 1664 2498 ventum
1691 2437 1758 2507 est,
1787 2431 1865 2511 quia
1885 2430 1970 2496 acris
1994 2437 2045 2496 est
2066 2431 2171 2497 medi·
2209 2496 2212 2503 ,

154 2515 426 2599 reprehensione:
461 2514 547 2598 quod
567 2515 757 2600 ignorantia
777 2516 813 2581 in
835 2514 1004 2581 fastidium
1024 2517 1136 2580 statim
1188 2518 1277 2596 cina,
1305 2538 1379 2582 eam
1406 2518 1643 2583 contumaciter
1668 2523 1832 2582 recusant
1877 2516 1931 2581 Ita
1956 2517 2079 2583 multos
2097 2537 2170 2582 oer-

155 2600 244 2684 apud
272 2600 395 2666 multos
418 2600 568 2683 erumpit.
613 2601 662 2666 At
682 2622 761 2668 vero
788 2623 907 2685 parum
932 2601 1136 2667 reverentiae
1188 2623 1267 2667 nere
1289 2602 1381 2681 licet,
1410 2603 1529 2686 quibus
1555 2601 1783 2686 evangelium,
1814 2600 1902 2682 quod
1933 2601 2041 2684 primo
2070 2609 2171 2686 gustu

154 2688 230 2753 Deo
251 2687 387 2764 tribuit,
408 2686 464 2768 qui
486 2685 618 2752 oracula
639 2687 710 2752 ciue
731 2707 803 2752 esse
826 2709 868 2751 ne
892 2696 941 2764 at,
971 2705 1136 2770 quaecun·
1187 2688 1372 2772 placuerat,
1407 2687 1506 2753 simul
1533 2707 1570 2754 ao
1597 2686 1913 2770 pupugitjpsorum
1942 2688 2169 2766 conscientias,

156 2794 222 2856 que
239 2793 307 2837 non
325 2772 520 2854 assequitur.
555 2771 645 2852 Qtrid
663 2773 753 2837 enim
770 2773 832 2837 hoc
849 2708 938 2837 ahud
955 2781 1014 2850 est,
1037 2791 1135 2854 quam
1188 2772 1383 2857 plusquam
1412 2794 1563 2839 amarum
1590 2772 1697 2839 videri
1725 2771 1839 2855 coepit.
1885 2770 2036 2851 Scilicet,
2067 2794 2172 2855 quum

155 2858 324 2924 infinitam
343 2855 410 2924 Dei
429 2857 626 2940 sapientiam
648 2879 766 2925 sensus
786 2858 893 2924 nostri
911 2857 1053 2938 modulo,
1075 2857 1136 2924 hoo
1188 2872 1296 2925 sermo
1317 2859 1383 2925 Dei
1405 2857 1535 2944 gladius
1558 2857 1603 2924 sit
1629 2858 1784 2940 utrinque
1813 2877 1943 2934 secans,
1972 2879 2076 2940 quum
2098 2861 2171 2925 eius

155 2951 209 3010 eet
229 2950 336 3010 totum
357 2943 469 3009 orbem
493 2943 596 3093 digito
624 2965 691 3010 uno
712 2943 845 3010 metiri?
890 2942 1136 3026 (111111111-
1187 2951 1299 3028 partes
1323 2945 1391 3011 sint
1411 2965 1478 3011 non
1500 2964 1639 3027 arguere
1660 2941 1757 3010 modo
1778 2948 1813 3008 et
1833 2941 2076 3026 reprehendere
2098 2965 2170 3010 ma·

155 3030 275 3095 foetam
303 3029 493 3095 fatemura
622 3051 695 3096 esse
721 3030 933 3113 scripturam,
960 3050 1004 3094 ne
1031 3028 1137 3094 multa
1187 3031 1308 3098 nifesta
1329 3031 1426 3110 vitia,
1454 3029 1512 3096 sed
1534 3050 1638 3113 usque
1659 3027 1702 3095 ad
1723 3049 1781 3095 cor
1800 3029 1957 3094 intimum
1985 3036 2170 3111 penetrare,

155 3114 224 3180 illic
246 3115 408 3181 contineri
424 3115 593 3195 miremur,
615 3136 714 3182 sensu
736 3123 849 3181 nostro
871 3114 997 3180 altiora.
1032 3114 1136 3180 Deni·
1188 3118 1508 3200 transfigereomnes
1530 3113 1701 3193 medullas,
1723 3113 1909 3180 discernam
1926 3115 2171 3182 inter-affectus

156 3200 801 3373 ettttttttrtttttttt
821 3199 1037 3353 tutte
1060 3200 1135 3266 ‘³¹⁰5
1187 3199 2170 3371 1111113111111111111111111111111ῗέῗὲ

730 3329 733 3338 “
1022 3336 1028 3350 ·
1261 3340 1270 3369 r
2159 3337 2169 3366 1

279 3371 489 3453 escandalc,
512 3372 599 3458 quod
622 3394 665 3439 ex
686 3373 864 3440 acerbitate
887 3371 1049 3451 nascitur,
1078 3379 1136 3438 aut
1188 3374 1244 3438 alii
1266 3372 1427 3457 rapiendi,
1451 3377 1528 3453 [pag.
1549 3378 1603 3452 at]
1632 3372 1689 3437 alii
1718 3369 1901 3449 scortandi,
1930 3369 1986 3434 alii
2008 3391 2169 3436 commes-

156 3456 312 3522 molcstia
339 3459 460 3538 erucis,
497 3468 531 3523 ct
559 3458 727 3525 doetrinae
754 3459 963 3536 austeritate,
992 3457 1136 3540 loquitur
1187 3458 1282 3524 sandi
1301 3459 1469 3526 licentiam
1491 3459 1554 3524 sibi
1574 3458 1716 3541 relinqui
1736 3456 1912 3540 postulant
1958 3451 2085 3520 Omnes
2105 3457 2169 3520 im·

155 3542 324 3608 Dominus
344 3545 379 3607 in
401 3545 564 3627 parabola,
586 3545 643 3610 ubi
660 3545 869 3629 evangelium
886 3544 1026 3609 sementi
1047 3563 1136 3609 com·
1187 3565 1275 3627 pune
1292 3545 1450 3612 vanitatis
1468 3563 1548 3609 suae
1569 3563 1703 3609 cursum
1719 3541 1873 3627 persequi
1890 3539 2039 3622 eupiunt
2076 3539 2168 3621 Quid

155 3639 257 3712 parat
278 3629 410 3712 (Matth.
434 3634 481 3710 13,
501 3630 545 3714 3).
589 3630 677 3695 Nam
700 3652 754 3696 ecs
782 3631 840 3713 qui
860 3629 1038 3712 ingruente
1059 3651 1134 3714 per·
1186 3629 1289 3714 igitur
1310 3629 1442 3707 mirum,
1466 3629 1494 3693 si
1515 3650 1536 3693 a
1555 3626 1689 3694 Obristo
1710 3650 1746 3694 se
1766 3624 1942 3692 avertant?

155 3715 352 3797 sequutione
373 3715 530 3783 deliciunt
550 3716 671 3782 semini
693 3715 818 3781 similes
838 3715 929 3793 facit,
952 3713 1038 3796 quod
1061 3714 1135 3779 abs-
1272 3715 1383 3798 Atqui,
1407 3713 1493 3779 dicet
1512 3713 1684 3798 quispiam,
1703 3712 1895 3780 scandalum
1906 3716 2093 3776 monstrare
2104 3711 2169 3783 hcc

155 3820 221 3882 que
248 3799 357 3868 radice
384 3802 592 3885 germinavit
635 3803 704 3866 Eos
731 3822 810 3868 vero
835 3800 872 3864 in
894 3799 1013 3883 quibus
1035 3800 1135 3865 suffo-
1187 3807 1251 3880 eet,
1279 3822 1346 3867 111
1368 3799 1493 3865 tollere.
1538 3799 1753 3882 Respondeo,
1782 3796 1934 3863 morbum
1957 3797 2060 3863 fuisse
2081 3796 2169 3862 indi·

156 3892 252 3950 catur
283 3887 434 3952 doctrina
466 3889 553 3953 euris
580 3887 717 3966 saeculi,
752 3885 871 3952 semini
902 3885 991 3949 inter
1022 3886 1134 3967 spinas
1186 3885 1347 3967 eandum,
1380 3894 1419 3950 ut
1445 3883 1628 3951 remedium
1660 3883 1795 3951 tandem
1822 3889 2009 3965 quaeratur.
2055 3882 2168 3948 (lorri-

154 3982 261 4051 enatc,
283 3993 368 4055 quae
389 3973 462 4038 eius
483 3973 629 4039 fructum
645 3993 683 4039 ae
701 3972 926 4038 maturitatem
943 3971 1133 4054 impediant.
1187 3971 1296 4056 ganda
1315 3973 1426 4055 potius
1447 3981 1519 4037 erat
1546 3973 1733 4037 animorum
1754 3968 1923 4048 mollities,
1947 3988 2047 4051 quam
2069 3989 2168 4051 quae-

153 4055 327 4123 Differunt
355 4057 560 4141 aliquantum
587 4058 668 4124 11111
696 4056 864 4124 scandala:
898 4055 956 4121 sed
983 4077 1059 4140 ego,
1086 4058 1135 4122 vi·
1187 4056 1283 4123 rendi
1304 4063 1513 4141 praetextus,
1543 4058 1599 4142 qui
1621 4056 1706 4122 nihil
1731 4054 1825 4120 nobis
1849 4053 2088 4138 suffragentur,
2116 4055 2168 4121 vi-

156 4143 278 4209 tandae
305 4143 507 4227 prolixitatis
534 4165 633 4211 eausa
658 4145 717 4210 sub
747 4165 813 4209 unc
841 4163 961 4227 genere
988 4161 1134 4226 compre-
1186 4143 1271 4209 tium
1308 4145 1450 4211 foveant.
1505 4143 1554 4208 At
1584 4162 1638 4207 res
1676 4148 1727 4207 111
1759 4140 1870 4206 ardua
1926 4138 2011 4220 Quis
2043 4139 2168 4223 negat?

155 4227 274 4294 hendo.
320 4229 485 4296 Audimus
507 4229 677 4296 Ohristum
702 4228 871 4312 discipulis
893 4228 962 4294 suis
983 4228 1135 4295 omnibus
1186 4229 1398 4295 Luctandum
1419 4235 1531 4298 tamen
1554 4235 1612 4306 cst,
1635 4248 1741 4310 neque
1761 4225 1796 4290 id
1817 4232 1931 4290 nostra
1951 4225 2085 4304 virtute,
2108 4224 2169 4292 scd

154 4314 422 4394 denuntiantem,
444 4324 482 4380 ut
499 4337 593 4382 suam
610 4316 747 4399 quisque
769 4335 900 4380 crucem
919 4314 1016 4379 tollat
1036 4314 1133 4399 (Luc.
1186 4315 1328 4381 Ohristi:
1351 4315 1407 4398 qui
1424 4313 1521 4380 sicuti
1537 4333 1599 4379 nos
1616 4310 1659 4377 ad
1676 4321 1844 4378 certamen
1864 4310 1977 4390 mittit,
1999 4310 2048 4375 ita
2066 4311 2169 4378 etiam

157 4405 188 4478 9,
205 4401 272 4485 23).
316 4400 483 4466 Audimus
505 4402 692 4467 hortantem
714 4400 757 4465 ad
777 4398 951 4465 subeunda
972 4399 1136 4483 quaelibet
1185 4400 1321 4467 instruit
1342 4399 1442 4466 armis
1469 4398 1663 4464 necessariis
1687 4397 1729 4464 ad
1749 4396 1957 4464 vincendum.
1997 4393 2075 4461 011
2091 4417 2168 4480 per·

155 4484 241 4564 odia,
263 4486 454 4553 discrimina
475 4495 508 4553 et
534 4487 709 4572 opprobria
735 4498 869 4570 propter
895 4506 1016 4551 nomen
1037 4506 1133 4550 suum
1185 4487 1368 4569 ciperomus
1389 4483 1469 4569 quid
1489 4484 1572 4551 illud
1593 4484 1716 4551 valeat:
1739 4483 1862 4549 Beatos
1884 4503 1956 4549 esse
1974 4483 2031 4565 qui
2052 4502 2167 4565 perse-

155 4571 293 4655 (Matth
316 4577 364 4651 10,
391 4574 456 4652 22).
507 4572 671 4638 Audimus
699 4579 901 4648 monentem,
935 4572 1008 4636 fieri
1037 4570 1133 4636 aliter
1165 4571 1377 4656 quutionem
1411 4571 1585 4654 patiuntur
1616 4571 1657 4636 cb
1696 4569 1857 4634 iustitiam
1891 4569 2166 4652 (11111111),

155 4675 228 4722 111
248 4675 350 4739 posse,
372 4658 454 4741 quin
475 4658 548 4725 odio
569 4659 674 4724 simus
696 4657 817 4741 impiis,
839 4657 920 4739 quin
940 4657 1132 4722 afflictiones
1184 4677 1282 4742 quam
1302 4656 1398 4724 facile
1417 4657 1512 4723 nobis
1534 4662 1621 4722 esset
1640 4655 1789 4734 eluctari,
1812 4654 1961 4720 1111111
1983 4653 2167 4720 offendicu-

153 4742 193 4807 in
220 4742 343 4809 mundo
369 4764 429 4810 noe
455 4753 613 4810 maneant
638 4744 769 4828 (Ioann.
789 4747 839 4822 16,
859 4741 926 4825 33).
969 4741 1133 4808 Audimus
1184 4743 1253 4808 lum
1271 4743 1377 4822 modo,
1396 4741 1455 4809 sed
1477 4762 1691 4825 quaecunque
1711 4761 1731 4805 a
1752 4738 1874 4805 mundo
1892 4747 1926 4805 et
1947 4759 2046 4806 carne
2068 4738 2166 4804 nobis

153 4829 428 4912 pronunciantem
455 4851 569 4897 omnes
596 4830 722 4909 beatos,
756 4829 813 4914 qui
844 4828 1132 4912 persequutionem
1182 4829 1397 4913 ingerunturl
1450 4828 1525 4894 ribi
1558 4826 1639 4893 adeo
1675 4826 1816 4894 molesta
1857 4831 1908 4892 est
1940 4822 2164 4908 persequutio,

153 4914 310 4979 veritatis
335 4935 433 4981 11111
459 4917 626 4982 sustinent
651 4915 787 5000 (Matth.
809 4919 837 4993 5,
859 4915 922 4994 10).
968 4913 1071 4980 Carni
1098 4921 1132 4979 et
1183 4923 1221 4981 ut
1254 4935 1274 4980 a
1303 4913 1437 4980 Ohristo
1469 4913 1606 4979 resilias.
1657 4911 1768 4982 0111
1793 4910 1910 4977 Nescis
1943 4906 2022 4992 quid
2052 4907 2165 4974 valeat

151 5001 310 5084 sanguini
343 5001 405 5068 hoc
436 5002 618 5067 maximum
650 4999 842 5067 scandalum
876 5005 949 5078 [pag.
982 5003 1036 5079 22]
1071 5007 1130 5065 est.

152 5084 286 5152 Natura
307 5088 396 5152 enim
423 5108 554 5154 crucem
576 5085 826 5152 reformidamus
849 5106 971 5152 omnes.
1015 5085 1132 5168 Itaque
1253 5136 1283 5203 1)
1303 5152 1347 5193 m
1366 5137 1505 5192 miden

152 5170 254 5236 multi
280 5170 343 5239 hae
373 5171 414 5238 de
441 5195 541 5240 11111
566 5173 735 5253 resiliunt,
763 5173 819 5256 qui
843 5172 985 5238 libenter
1011 5171 1132 5272 alioqui
1251 5177 1520 5300 qpoepesgem',
1544 5195 2064 5271 1111111111111111111111111
2082 5212 2169 5253 mm

153 5256 263 5323 filium
272 5258 339 5324 Dei
360 5260 645 5342 amplecterentur,
667 5259 727 5325 sia
745 5278 1004 5340 cruceseparare
1023 5278 1133 5341 rpsum
1183 5291 1217 5330 ne
1237 5292 1318 5345 quon
1335 5280 1424 5343 grette
1443 5274 1517 5328 leurs
1536 5287 1662 5340 rongnes.
1922 5348 1957 5403 2·
