4680 5910
933 96 997 162 nn
1020 54 1242 162 sarnam
1262 86 1363 198 nur.
1410 48 1650 125 ’‘r-2
1709 160 1736 179 „
1812 191 1817 199 .

158 241 388 354 1511551111
417 287 504 349 inter
536 285 727 350 haterculos
754 285 904 350 licentiae
936 283 1110 349 reverendi
1162 282 1282 349 electos
1304 281 1440 347 destitui
1462 279 1567 366 gloria
1589 279 1684 348 Det·
1707 281 1805 349 Unde
1826 282 1861 347 id
1882 251 2038 364 colliget
2064 292 2127 339 tt·

174 362 256 438 batis
280 372 373 435 favor
391 369 532 449 dederat,
552 379 590 433 ut
608 369 685 453 quid
709 369 766 434 uid
791 366 1015 435 somniaverat
1037 384 1111 433 ora*
1163 370 1197 434 in
1220 369 1411 451 omnesqui
1433 375 1620 451 peccarunt,
1646 368 1763 450 inquit,
1784 366 1994 433 ‘diffunditur
2016 366 2160 434 Christi

135 529 141 538 Γ
174 457 325 521 liinstar
346 457 468 521 iactare
490 454 640 521 auderet:
675 393 761 522 illem
792 457 853 521 sibi
881 464 976 519 extra
998 475 1111 519 mona-
1163 454 1279 538 gratia.
1292 456 1316 530 1)
1372 452 1476 536 Atqui
1503 474 1564 536 ego
1591 454 1638 518 sie
1666 453 1888 527 universalem
1907 453 1973 518 Dei
2002 455 2149 536 gratiam

142 543 267 607 'terium
291 540 448 623 permisit.
462 543 486 619 ¹)
530 541 600 605 Nos
635 563 721 620 vero,
756 545 835 605 non'
856 561 899 604 ex
930 539 1020 604 nuda
1047 539 1111 604 Dei
1164 560 1236 604 5555
1258 539 1438 616 15155551
1464 538 1500 603 in
1523 539 1585 603 hoc
1607 546 1720 604 tamen
1748 540 1847 604 situm
1872 559 1944 603 esse
1973 541 2148 618 [555155]

125 627 359 704 ῖ55555155115,
383 633 420 689 51
442 626 511 708 ipse
533 626 649 692 stolide
671 628 840 704 mentitur,
868 625 995 701 elicere,
1025 623 1111 706 quod
1164 624 1339 707 discrimen
1362 622 1495 688 addam:
1529 624 1614 706 quod
1646 646 1722 689 non.
1741 646 1855 690 omues
1877 623 2058 689 seeundum
2080 623 2149 688 Dei
2200 675 2202 678 .

116 644 255 795 ,llustra
275 721 452 795 oppugnat,
488 712 575 774 inter
607 712 727 777 electos
755 724 788 775 et
814 713 969 794 reprobos
996 709 1112 776 (115511-
1164 709 1367 793 propositum
1389 714 1594 787 (55551551)
2006 728 2012 737 ·
2112 736 2117 747 ·

107 821 216 886 3men,
246 796 303 862 sed
325 797 507 861 manifestis
530 795 704 879 solidisque
727 798 911 879 scripturae
932 795 1012 860 loeis
1035 816 1111 877 pro-
1249 796 1380 879 Argute
1402 794 1644 861 seratiocinari
1666 802 1771 877 putat,
1801 816 1901 877 quum
1924 793 2017 859 dicit:
2047 792 2149 858 Chri·
2178 875 2180 877 ι

98 895 112 945 ,ἕ
131 884 237 950 ditum
255 880 438 959 ostendere,
458 881 536 964 quid
560 882 708 965 pluribus
727 904 814 947 nunc
832 879 1019 947 contester?
1042 880 1113 950 Noa
1164 888 1234 945 stus
1254 880 1443 963 propitiatio
1462 888 1516 944 'est
1538 903 1597 964 pro
1620 880 1761 964 peccatis
1780 882 1882 950 totius
1904 878 2029 943 mundi.
2052 879 2149 962 Ergo
2214 881 2236 889 ⁸

95 993 104 1049 :51
133 992 175 1036 cx
203 967 293 1034 nuda
321 967 386 1032 Dei
421 968 637 1053 praescientia
675 989 824 1051 pugnare
860 967 962 1051 lingit.
1008 966 1112 1048 Atqui
1164 972 1260 1030 extra
1281 965 1442 1029 mundum
1465 968 1619 1048 reprobos
1642 966 1845 1031 constituant
1877 972 2006 1049 oportet
2036 965 2096 1046 551
2128 984 2150 1028 5

84 1117 85 1121 ,
132 1065 263 1139 apertos
290 1055 470 1136 scripturae
502 1052 589 1118 locos
620 1053 695 1136 plus
731 1053 847 1136 viginti
881 1075 900 1116 5
934 1074 985 1115 mc
1017 1053 1112 1134 prius
1165 1050 1291 1116 Christi
1309 1050 1561 1133 participatione
1584 1073 1695 1117 arcere
1718 1071 1773 1137 eos
1792 1050 1917 1116 volunt
1963 1050 2015 1115 Nc
2037 1049 2150 1114 valeat
2187 1093 2192 1100 -

85 1143 94 1159 ”
133 1143 251 1206 5115155
286 1140 451 1222 reperient
487 1138 667 1215 lectores'2).
702 1135 886 1220 Specialem
919 1137 1134 1203 electionem.
1163 1137 1199 1200 in
1221 1157 1378 1217 praesens
1401 1136 1582 1202 eommunis
1610 1137 1668 1201 illa
1695 1136 1830 1202 solutio:
1859 1136 2031 1201 Christum
2053 1137 2156 1201 suffi-'

131 1241 355 1292 commentum
388 1246 459 1289 esso
493 1233 642 1289 nostrum
664 1228 774 1289 iactat:
798 1224 874 1305 quia
895 1223 1003 1288 nullos
1019 1222 1112 1286 Deus
1164 1223 1290 1287 cienter
1310 1243 1370 1303 pro
1392 1222 1544 1287 omnibus
1567 1242 1698 1304 passum
1716 1244 1797 1301 csse,
1821 1221 2001 1288 efficaciter
2015 1228 2149 1287 tantum

80 1326 90 1356 ³·
133 1328 238 1379 certos
271 1310 421 1376 homiues
450 1309 595 1392 elegerit.
640 1311 687 1374 At
709 1309 863 1374 Christus
896 1329 939 1372 ox
972 1306 1112 1372 adverso
1164 1328 1223 1389 pro
1245 1307 1366 1373 electis.
1411 1306 1615 1390 Magnailla
1634 1307 1827 1386 absurditas,
1855 1308 1896 1372 ob
1926 1327 2025 1390 quam
2052 1306 2148 1389 plau-

70 1403 74 1410 '
134 1397 263 1472 elamat,
286 1418 321 1462 55
343 1397 426 1461 scire
448 1415 529 1477 quos
552 1395 697 1477 clegerit.
744 1394 876 1468 (Ioann.
903 1396 1044 1470 1515).
1154 1391 1324 1458 ’55515111
1351 1394 1439 1457 inter
1470 1413 1547 1458 suos
1580 1393 1731 1477 gregales
1758 1393 1938 1458 monachus
1970 1393 2148 1475 quaesivit,

219 1480 369 1546 Videatis
392 1492 511 1558 tamen,
546 1502 643 1562 quam
672 1479 789 1544 validis
816 1478 977 1545 machinis
1006 1489 1111 1542 aeter·
1165 1477 1253 1560 apud
1275 1498 1327 1541 me
1350 1476 1434 1542 nihil
1463 1478 1562 1543 habet
1589 1469 1754 1544 momenti
1765 1483 1793 1553 1)
1836 1480 1904 1544 Per
1932 1499 2149 1562 quascunque

55 1576 63 1647 f
134 1589 216 1632 num
239 1566 320 1631 illud
343 1567 406 1631 Dei
429 1565 600 1630 eonsilium
624 1566 804 1643 labefactet,
839 1586 903 1647 quo
925 1564 979 1627 alii
1003 1564 1037 1627 in
1060 1585 1112 1628 sa·
1163 1563 1279 1627 mundi
1318 1564 1434 1647 plagas
1473 1562 1611 1646 dispcrsi
1650 1565 1717 1629 sint
1755 1563 1877 1642 fideles,
1923 1564 2149 1647 expiationem

47 1670 62 1709 .;’
98 1690 103 1699 ·
133 1653 240 1717 lutam
273 1651 367 1717 electi
397 1662 483 1728 sunt,
517 1650 572 1714 5111
605 1651 705 1714 cxitio
739 1650 900 1716 destinati.
945 1649 1113 1713 Iustitiam
1165 1648 1290 1713 Christi
1312 1658 1417 1714 morte
1439 1656 1568 1731 partam
1591 1649 1633 1714 ad
1660 1671 1715 1715 eos
1737 1650 1878 1715 Ioannes
1900 1649 2059 1714 extendit:
2105 1647 2148 1714 Id

133 1738 198 1803 Dei
220 1759 262 1802 ex
284 1735 348 1802 fide
370 1735 497 1801 Paulus
519 1757 725 1801 communem
760 1737 838 1801 facit
872 1735 1039 1801 omnibus·
1057 1733 1112 1816 qui
1164 1743 1253 1799 certe
1275 1735 1480 1812 non‘obstat,
1504 1735 1679 1817 quominus
1701 1736 1831 1818 reprobi
1856 1736 1891 1799 in
1912 1734 2038 1799 mundo
2061 1733 2149 1801 elec·

42 1884 44 1889 .
133 1820 284 1890 eredunt:
325 1844 385 1887 nec
425 1821 668 1886 distinctionem
702 1820 856 1896 admittit,
884 1822 968 1903 quia
1000 1839 1113 1884 omnes
1166 1821 1208 1882 tis
1230 1821 1383 1902 permixti
1404 1821 1480 1891 sint.
1524 1820 1758 1891 Controversia
1785 1823 1883 1887 ctiam
1902 1828 2005 1898 caret,
2028 1819 2149 1890 Chris·

27 1933 34 1961 ι
132 1907 343 1991 peccaverint
387 1913 421 1971 et
459 1906 680 1971 destituantur
712 1905 818 1990 gloria
852 1906 914 1970 Dei
948 1897 1112 1984 (115553,
1166 1911 1238 1969 tum
1261 1904 1431 1988 expiandis
1460 1906 1560 1970 totius
1587 1906 1711 1970 mundi
1729 1908 1877 1988 peccatis·
1891 1906 2031 1972 venisse.
2078 1903 2149 1971 Sed

14 1988 33 2054 1⁵
83 1997 88 2005 '
133 1998 199 2068 22).
234 1994 356 2058 Fateor
377 2014 457 2057 sane
488 1993 551 2057 Dei
583 1993 742 2057 iustitiam
776 2012 876 2073 super
908 2012 1022 2056 omncs
1055 2012 1114 2073 per
1166 1992 1337 2056 confestim
1359 1992 1502 2057 occurrit
1517 1991 1575 2061 illa
1597 1991 1728 2057 solutio:
1752 1992 1797 2057 Ut
1815 1981 1963 2074 quisquis
1982 1991 2089 2057 credit
2110 1992 2150 2055 in

14 2078 16 2084 ’
132 2079 232 2144 fidem
254 2077 404 2143 diffundi
449 2076 518 2143 Sed
540 2076 626 2142 unde
649 2076 837 2142 hominibus
858 2074 949 2155 fides,
981 2077 1112 2141 nisiex
1165 2097 1241 2140 eum
1259 2098 1325 2141 non
1342 2086 1464 2158 percat,
1483 2076 1541 2141 sed
1558 2077 1679 2141 habeat
1696 2078 1799 2142 vitam
1817 2086 1995 2142 aeternam.
2014 2077 2147 2155 (Ioann.

5 2167 6 2174 ’
133 2164 279 2249 gratuita
301 2164 436 2247 spiritus
464 2162 728 2228 illuminatione?
773 2163 820 2226 Ilt
846 2183 928 2245 quos
955 2162 991 2226 in
1014 2160 1112 2228 Chri·
1166 2165 1194 2240 3,
1221 2164 1285 2238 15).
1318 2162 1388 2226 Nec
1410 2180 1487 2227 vero
1510 2162 1616 2245 qualis
1638 2164 1682 2226 sit
1704 2162 1828 2228 Christi
1850 2164 1966 2241 virtus,
1989 2162 2044 2228 vol
2066 2162 2149 2244 quid
2189 2164 2190 2167 ’

133 2261 222 2317 stum
244 2249 375 2315 credere
387 2248 512 2328 Paulus
534 2257 655 2326 censet,
679 2249 742 2312 nisi
764 2269 844 2331 quos
855 2258 948 2330 pater
965 2247 1113 2313 coelestis
1166 2268 1225 2330 por
1247 2269 1281 2312 se
1304 2247 1423 2326 valeat,
1446 2268 1534 2312 nunc
1557 2249 1742 2330 quaeritur:
1766 2247 1823 2314 scd
1841 2247 1958 2331 quibus
1979 2249 2149 2328 5511555-

133 2337 273 2402 traxerit
295 2335 422 2412 (Ioann.
448 2338 475 2409 6,
500 2333 578 2410 ab?
634 2333 789 2399 Christus
820 2343 909 2398 certe
946 2332 1113 2398 neminem
1165 2332 1244 2397 dum
1266 2333 1431 2398 exhibeat.
1476 2331 1574 2414 Quod
1596 2334 1624 2398 si
1652 2335 1687 2398 in
1709 2333 1772 2399 fide
1799 2335 1948 2400 consistit
1973 2336 2147 2416 possessio,

133 2423 170 2486 in
192 2422 260 2485 5515
282 2426 423 2502 reputat,
447 2420 511 2484 nisi
534 2417 631 2484 datus
654 2420 697 2483 sit
718 2440 738 2485 a
759 2427 876 2502 patre.
907 2417 979 2483 Sibi
1002 2425 1114 2483 autem
1166 2428 1203 2483 ct.
1218 2416 1300 2486 fides
1326 2440 1367 2484 ex
1396 2419 1515 2502 spiritu
1537 2417 1720 2502 adoptionis
1741 2426 1865 2499 manat,
1906 2426 2015 2498 restat,
2046 2421 2150 2484 utin

117 2513 208 2586 [pag.
230 2511 304 2584 154]
328 2504 421 2569 datos
444 2504 618 2587 praedicat,
653 2504 709 2587 qui
737 2514 813 2568 anto
847 2505 951 2587 patris
983 2504 1114 2568 fuerant
1165 2525 1341 2570 numerum
1364 2504 1505 2569 filiorum
1525 2506 1553 2569 is
1577 2504 1738 2572 duntaxat
1760 2507 1881 2572 ascitus
1903 2506 1955 2582 sit,
1978 2506 2034 2587 qui
2056 2504 2109 2569 fut
2133 2541 2148 2555 -
2186 2503 2190 2508 ’

135 2590 227 2668 (ibid.
253 2592 303 2666 17,
328 2597 369 2666 ι’).
415 2590 581 2654 Delirium
603 2611 701 2655 suum
734 2589 774 2654 dc
800 2588 863 2654 fida
892 2588 1113 2667 5515551151)-
1165 2611 1222 2655 rus
1245 2600 1295 2654 est
1316 2589 1443 2655 Christi
1474 2591 1644 2672 particeps.
1689 2591 1758 2656 Nee
1776 2618 1778 2623 ·
1793 2613 1869 2656 vero
1902 2590 1991 2655 aliud
2018 2590 2148 2656 Christi

56 2728 59 2738 .
135 2673 246 2741 trudet
268 2674 447 2758 Georgius:
484 2675 569 2757 quod
598 2674 747 2740 refellere
769 2695 836 2738 non
858 2686 909 2738 est
931 2674 1113 2756 praesentis
1166 2675 1309 2740 officium
1332 2675 1539 2742 commendat
1571 2677 1774 2760 evangelista
1795 2677 1947 2754 Ioannes,
1973 2698 2076 2760 quam
2109 2683 2147 2758 ut

134 2759 287 2827 instituti.
332 2761 477 2825 Tantum
499 2759 581 2837 dico,
614 2761 649 2823 in
681 2781 793 2824 omnes
827 2769 859 2822 et
881 2780 979 2840 super
1000 2780 1114 2823 omnes
1166 2769 1272 2825 morte
1301 2783 1360 2827 sua
1387 2761 1421 2825 in
1450 2783 1556 2825 unum
1589 2768 1767 2846 congreget
1798 2752 1863 2828 Dei
1896 2763 1981 2828 filios
2014 2760 2145 2840 (Ioauu.

135 2848 192 2931 551
224 2845 362 2911 credunt
394 2845 431 2909 in
453 2844 625 2910 Christum
658 2866 729 2910 csso
751 2845 815 2909 Dei
846 2844 1022 2908 iustitiam:
1057 2844 1114 2910 sed
1168 2847 1217 2922 11,
1238 2850 1302 2922 52).
1336 2846 1433 2913 Unde
1451 2846 1636 2929 colligimus
1654 2849 1804 2930 quamvis
1822 2869 1881 2930 per
1898 2848 2009 2930 ipsum
2026 2849 2146 2912 offera-
2216 2895 2238 2904 J

135 2931 249 2998 eodem
270 2929 375 2997 Paulo
407 2938 492 2996 teste
526 2930 666 3014 excipio:
700 2938 740 2994 ut
767 2929 823 2995 alii
849 2950 928 3013 prae
956 2927 1028 2994 aliis
1056 2950 1113 3019 exf
1166 2940 1221 2995 tur
1242 2936 1316 3010 [pag.
1339 2936 1412 3012 156]
1431 2933 1588 3007 omnibus,
1600 2933 1829 3011 reconciliatio,
1848 2934 2012 3018 peculiare
2030 2940 2145 3006 tamen

134 3017 266 3096 collant,
295 3038 362 3081 non
383 3016 447 3081 nisi
469 3038 488 3080 5
510 3016 578 3081 5515
599 3018 669 3081 Deo
692 3016 841 3093 discerni,
870 3037 912 3080 ne
941 3015 1014 3097 quis
1043 3014 1113 3098 glo·
1166 3037 1237 3081 csse
1259 3016 1371 3082 electis
1392 3016 1595 3095 beneficium,
1620 3030 1655 3082 ut
1676 3019 1711 3083 in
1734 3021 1820 3084 vitae
1837 3019 2029 3085 societatem
2051 3013 2146 3083 oolli-

134 3104 240 3169 rictur
263 3103 308 3180 (1.
332 3102 406 3168 Cor.
431 3108 460 3180 4,
485 3105 528 3179 7).
552 3102 647 3180 Item,
670 3109 708 3166 ut
730 3102 871 3168 sciamus
893 3122 977 3184 quae
1000 3123 1019 3165 a
1042 3098 1114 3164 Deo
1166 3111 1296 3185 gantur.
1341 3101 1537 3187 Quanquam
1559 3103 1638 3167 dum
1661 3106 1812 3171 omnibus
1834 3105 1946 3170 offerri
1968 3105 2048 3183 dico,
2073 3125 2145 3169 non

48 3261 51 3265 „
106 3189 257 3269 donata
277 3197 357 3253 sunt
378 3187 483 3267 nobis,
507 3207 583 3254 arra
604 3198 638 3253 et
658 3187 766 3271 sigillo
789 3187 925 3270 spiritus
946 3196 1113 3268 aeternam
1165 3189 1213 3251 ita
1234 3187 1366 3271 accipio,
1395 3189 1488 3271 quasi
1509 3188 1550 3254 ad
1573 3208 1688 3255 omnes
1714 3191 1836 3274 legatio
1870 3191 1928 3255 illa
1962 3190 2145 3274 perveniat,

134 3274 372 3340 haereditatem
394 3274 429 3339 in
451 3273 604 3340 cordibus
627 3274 747 3339 nostris
769 3272 937 3356 obsignari
970 3276 1014 3349 (2.
1039 3272 1112 3338 Cor.
1166 3295 1230 3356 qua
1268 3273 1428 3339 mundum
1467 3274 1530 3355 sibi
1561 3275 1750 3342 reconciliat
1781 3277 1882 3354 Deus,
1922 3284 2004 3342 teste
2036 3276 2145 3341 Paulo

11 3396 15 3402 ·
42 3418 43 3423 ,
136 3363 165 3438 1,
188 3365 253 3437 22).
288 3359 380 3438 Item,
401 3360 495 3425 nobis
518 3359 588 3424 dari
617 3368 654 3423 ut
682 3360 718 3423 in
741 3358 912 3424 Christum
943 3340 1114 3423 credamus
1166 3359 1211 3438 (2.
1236 3357 1309 3426 Cor.
1335 3363 1454 3441 518)
1490 3360 1547 3426 scd
1574 3360 1616 3424 ad
1644 3383 1726 3444 quos
1754 3363 1915 3446 pervenit,
1952 3385 1994 3427 nc
2028 3383 2143 3428 corum

135 3445 271 3528 (Philip.
302 3447 330 3521 1,
365 3448 430 3521 29).
485 3445 581 3524 Item,
615 3445 794 3510 illuminari
827 3444 948 3515 mentis
981 3451 1113 3509 nostrae
1167 3445 1298 3528 quidem
1325 3445 1477 3511 cordibus
1507 3444 1733 3512 indifferenter
1766 3445 1966 3533 obsignatur,
1999 3456 2037 3511 ut
2069 3455 2145 3512 rata

136 3529 255 3608 oculos,
277 3537 316 3593 ut
337 3531 480 3595 sciamus
500 3551 584 3612 quac
606 3531 649 3595 sit
675 3552 750 3613 spes
771 3530 953 3596 vocationis
980 3538 1114 3595 nostrae
1166 3531 1218 3595 sit.
1264 3529 1362 3611 Quod
1370 3535 1397 3609 ⁴)
1428 3531 1552 3597 nullam
1580 3552 1650 3597 csse
1678 3535 1899 3617 acceptionem
1926 3554 2147 3617 personarum

137 3614 273 3697 (Ephes.
298 3616 325 3691 1,
350 3616 413 3692 la).
459 3616 554 3693 Item,
585 3617 731 3681 fructum
753 3616 887 3699 spiritus
915 3636 987 3680 5555
1015 3614 1112 3680 fidem
1166 3617 1285 3699 garrit:
1331 3616 1435 3682 discat
1475 3619 1618 3700 primum
1659 3619 1737 3701 quid
1776 3620 1939 3703 significet
1976 3620 2147 3685 Personae
2264 3643 2267 3648 ‘¹

138 3699 264 3777 (Galat.
290 3704 319 3776 5,
342 3703 408 3776 22).
437 3700 626 3765 Discrimen
642 3722 713 3766 csse
731 3720 828 3783 negat
845 3702 970 3766 Paulus
1003 3701 1112 3777 (Rom.
1166 3722 1303 3767 nomen:
1338 3713 1409 3768 tum
1442 3703 1525 3768 nihil
1556 3705 1693 3770 facesset
1726 3705 1817 3770 nobis
1851 3704 2019 3770 molestiae
2041 3727 2084 3769 cx
2105 3727 2147 3770 ea

138 3789 168 3862 3,
187 3789 253 3862 23),
275 3804 350 3847 nem
376 3783 524 3849 eIudaci
546 3794 580 3849 et
601 3785 736 3851 Graeci:
758 3786 834 3867 quia
850 3794 1006 3868 utrosque
1026 3786 1114 3869 pari·
1166 3787 1337 3853 sententia
2047 3844 2049 3848 .

137 3879 188 3936 tor
209 3871 304 3935 Deus
325 3807 529 3934 adsalutem
551 3871 679 3936 invitat.
725 3869 792 3935 Sed
821 3869 904 3935 duae
930 3873 1012 3936 istae
1040 3894 1112 3955 spe·
1252 3875 1299 3937 ht
1329 3873 1456 3939 Paulus
1489 3873 1590 3952 docet,
1624 3874 1711 3940 velle
1744 3875 1855 3942 Deum
1887 3897 2000 3942 omnes
2033 3875 2146 3943 salvos

71 3966 74 3970 “
137 3959 211 4036 5155,
235 3957 270 4020 15
294 3955 343 4019 511
365 3954 538 4038 Georgius,
562 3963 667 4020 totum
687 3977 793 4039 genus
820 3956 1004 4021 humanum
1026 3978 1111 4022 com·
1503 3970 1505 3973 ’
2013 4003 2014 4006 ¹

136 3977 358 4191 prehendunt.
403 4040 500 4105 Esto:
531 4062 597 4105 non
620 4049 731 4106 tamon
752 4038 829 4105 indo
852 4043 990 4117 evincet,
1023 4042 1113 4124 sigil-

151 4129 232 4192 atim
253 4126 428 4208 unicuique
457 4126 627 4190 hominum
654 4127 801 4209 promitti
828 4127 996 4193 iustitiam.
1041 4127 1127 4205 Hoc,
1166 4179 1211 4249 ἡ
1229 4110 1811 4251 8¹1}{¹⁴1¹szeguffeufzfflluilggegss”leesffgffll
1829 4115 1921 4184 ⁸¹⁰¹¹²2
1946 4133 1981 4170 ⁰¹¹
1998 4115 2059 4170 ¹³5⁰ss
2080 4115 2144 4185 (11¹¹ss
2229 4170 2233 4173 -

13 4222 15 4225 ¹
137 4233 264 4362 guoque
278 4221 486 4310 ,1)01111111111111
514 4218 553 4276 111
574 4211 699 4309 1191111185
718 4212 796 4311 ,11111
829 4218 940 4278 tamen
974 4211 1114 4313 1611111111·
1236 4247 1265 4314 2)
1286 4247 1359 4329 Add.
1378 4249 1445 4302 dont
1467 4198 1544 4329 psile
1563 4252 1650 4305 sainct
1667 4199 1749 4319 Frui,
1772 4255 1819 4320 551
1837 4260 1959 4321 cmporte
1978 4270 2014 4307 un
2032 4226 2149 4308 moure·v

161 4319 218 4362 um
238 4305 311 4376 erit,
338 4319 505 4363 nemmem
527 4296 605 4362 bom
626 4297 726 4363 oblati
744 4305 936 4381 compotem,
959 4320 1024 4364 ms1
1040 4298 1115 4376 fide,
1168 4326 1241 4370 ment
1259 4325 1360 4370 certent
1379 4318 1415 4371 du
1433 4328 1521 4373 sanct
1538 4320 1631 4399 esprit.
1837 4346 1840 4349 Δ

137 4384 218 4450 fieri.
264 4384 382 4448 Restat
403 4391 441 4447 ut
463 4384 644 4449 monachus
672 4384 775 4449 fidem
800 4385 950 4449 omnibus
976 4385 1116 4467 promis·
1236 4385 1266 4450 3)
1285 4385 1348 4440 Hoc
1364 4401 1467 4440 comma
1485 4402 1535 4441 om·
1554 4403 1586 4440 m
1602 4388 1733 4443 cecam.

137 4490 234 4535 cuam
257 4470 362 4534 faciat.
409 4468 504 4550 Quod
527 4471 592 4533 iarn
621 4471 702 4535 satis
729 4471 874 4552 probavi,
904 4490 1000 4552 quam
1027 4470 1071 4534 sit
1097 4491 1118 4534 a
1169 4452 1378 4593 immi&
1393 4454 1689 4593 gfflmeffifflg
1704 4454 1807 4579 om
1815 4456 1949 4579 ἐπῇδε
1968 4462 2073 4579 113ωῶ
2118 4527 2145 4578 n·

137 4555 234 4621 Pauli
272 4562 384 4620 mente
422 4555 575 4620 alienum.
637 4557 764 4621 Verum
798 4557 998 4639 sequeturf)
1031 4556 1117 4621 solos
1169 4591 1282 4658 pallae,
1305 4594 1384 4646 m„
1401 4596 1490 4646 mm
1513 4593 1552 4647 sie
1568 4592 1704 4649 dem-t,
1729 4593 1765 4648 Ο,
1785 4592 1920 4648 brouulon
1937 4610 2044 4649 amasse
2063 4596 2144 4649 beau·

1170 4678 1241 4782 lcoup
1260 4661 1591 4759 deupassagesausquels
1607 4661 1627 4715 il
1644 4661 1715 4717 n'cst
1731 4663 1759 4716 ia
1774 4661 1869 4741 bcsoiu
1887 4661 1921 4716 de
1932 4662 2083 4731 respondre
2094 4678 2148 4732 par.
2178 4747 2183 4753 „

210 4795 239 4860 1)
258 4795 369 4863 remplir
387 4795 413 4849 lc
431 4793 528 4849 monde
547 4794 580 4848 (15
598 4809 759 4863 mensonges
777 4811 828 4864 par
845 4796 928 4848 lirrcs
945 4794 1091 4863 imprimes
1171 4744 1310 4852 tblldrhbht
1326 4736 1451 4865 ξ151111015ιὲ
1469 4729 2145 4869 1511111111ἓὲξοὲαὲἓξὲξωέἐξᾚξέιιέἷῖἓξὲ

60 4920 62 4924 ,
208 4861 239 4926 2)
257 4864 365 4944 Atqui.
385 4905 390 4914 .
410 4904 416 4917 .
436 4904 442 4916 .
466 4863 592 4917 lectores.
628 4862 706 4919 Haec
728 4879 833 4933 quoque
855 4864 957 4917 absum
979 4863 1119 4933 59511155
1171 4863 1317 4920 d’aillenra
1345 4865 1390 4945 ‘Et
1406 4867 1480 4920 aussi
1497 4865 1548 4935 i’ay
1566 4867 1698 4924 5511515151
1714 4869 1790 4922 (15515
1808 4841 1886 4922 hune
1896 4869 1983 4946 partic
1995 4883 2029 4937 cy
2040 4869 2145 4923 (155555.
2170 4941 2171 4944 Ἴ

141 4929 298 5049 ιωσηιέῑιιη
331 5001 336 5011 Ι
452 4999 467 5026 r
511 4998 518 5023 '
658 5002 663 5012 Ι
870 4986 872 4993 ⁴
1160 4933 2146 5058 8551555515ιο55115ιἪ5515151555555555515515555155·

227 4999 276 5064 >11
294 4999 397 5056 obtecta
415 4997 480 5069 quil
497 5008 677 5070 sensuyvroit
695 5016 746 5056 555
764 5000 866 5070 grande
885 5000 1031 5057 absurdtte.
1171 5017 1221 5058 uer
1237 5002 1279 5057 155
1298 5003 1416 5072 smples.
1452 5003 1508 5057 Ila
1531 5019 1598 5072 eque
1617 5022 1653 5060 55
1670 5020 1786 5073 passage
1805 5002 1914 5060 dasne
1929 5010 1978 5059 ete.

595 5280 621 5306 at

911 5396 954 5413 '⁵¹⁸-
