4786 5910
168 300 228 365 353
928 299 1414 370 Pssfflnusumhrlonu.
2116 313 2182 376 354

166 485 275 570 angeli
296 507 353 552 sus
375 487 479 553 iciunt
526 492 553 552 l.
576 487 648 554 Pet.
676 492 702 569 l,
730 491 792 569 12).
838 486 906 555 Sed
933 488 996 554 hoc
1022 489 1144 555 vitium
1197 507 1256 553 sno
1278 489 1345 553 fato
1368 486 1486 556 Stoici:
1520 491 1614 558 nobis
1641 490 1747 558 libera
1765 491 1833 558 Dei
1853 494 2008 562 voluntas
2030 497 2181 564 omnium

165 572 302 637 minime
324 509 503 652 tolerabile,
559 572 721 653 uodxnos,
754 573 873 657 quibus
898 573 993 638 humi
1014 581 1145 657 reptare
1197 573 1241 636 sit
1261 573 1471 639 moderatrix.
1496 575 1564 641 Sed
1582 578 1842 663 contingentiam
1855 581 1878 662 ¹)
1896 580 1969 646 tolli
1986 600 2029 646 ex
2045 583 2181 664 mundo,

165 658 224 725 vix
245 656 359 722 datum
380 666 440 736 est,
470 659 505 726 ni
532 657 539 671 ⁶
573 658 760 741 probamus,
788 659 854 725 nisi
876 658 963 743 qnod
984 667 1145 742 tanquam
1196 655 1329 724 videtur
1350 656 1538 725 absurdum.
1582 659 1712 728 Omitto
1734 685 1818 748 quae
1836 663 1874 730 in
1895 666 2016 733 scholis
2037 668 2181 736 usitatae

165 742 267 810 oculis
289 744 411 810 nostris
433 744 616 810 subiectum
637 742 804 829 despicere
823 744 928 811 liceat
957 744 1144 824 Caeterum,
1197 749 1276 808 sunt
1307 742 1542 812 distincmnes.
1605 746 1704 828 Quod
1735 749 1881 831 afferam,
1918 752 2068 836 simplex,
2102 774 2178 821 meo

165 835 203 895 ut
229 829 397 895 fructuosa
426 829 469 895 sit
496 829 654 909 doctrina,
688 837 760 895 tum
786 829 885 897 rudes
913 837 948 894 et
975 830 1145 913 imperitos
1196 826 1326 909 iudicio,
1361 836 1396 894 et
1422 831 1558 902 minime
1586 841 1735 898 coactum
1764 836 1838 916 erit,
1871 835 1991 902 deinde
2017 836 2060 902 ad
2088 839 2178 906 vitae

164 915 304 999 placare,
315 922 389 979 tum
397 915 620 997 improborum
632 914 813 982 calumnias
823 914 982 995 refellere,
990 919 1015 994 ¹)
1026 935 1145 1000 operae
1195 933 1294 978 usum
1316 914 1606 982 accommodatum.
1629 916 1686 985 Sic
1708 920 1843 985 evenire
1863 941 1999 990 necesse
2022 924 2178 1007 estquod

164 1000 308 1085 pretinm
327 1008 386 1066 est
416 1001 530 1066 Primo
547 1001 618 1067 loco
629 1000 810 1066 videndum
828 1008 887 1082 est,
905 1000 1067 1084 quomodo
1078 1001 1141 1066 Dei
1195 999 1313 1063 statuit
1350 1001 1452 1080 Deus,
1498 1009 1535 1066 ut
1573 1010 1684 1068 tamen
1723 1026 1831 1088 noque
1869 1009 2024 1090 praecise,
2069 1030 2178 1094 neque

165 1085 1145 1171 volunteererumomniumquesinmundogerunturcausa
1195 1092 1312 1167 suapte
1350 1092 1470 1151 natura
1513 1089 1737 1154 necessarium
1782 1090 1834 1158 sit
1899 1093 2102 1176 Exemplum
2139 1099 2178 1160 in

164 1172 222 1239 sit:
246 1192 352 1255 neque
369 1178 482 1237 tamen
492 1172 655 1237 malorum
665 1180 761 1238 antor
771 1173 815 1237 sit
824 1173 926 1238 Dens.
949 1171 1026 1238 Non
1037 1171 1143 1238 dicam
1196 1167 1321 1235 Christi
1350 1171 1477 1237 ossibus
1504 1172 1665 1240 familiare
1692 1174 1804 1242 habeo.
1849 1177 2023 1245 Christum
2056 1201 2177 1264 corpus

165 1278 240 1324 cum
262 1256 459 1341 Augustino,
482 1256 568 1339 quod
588 1264 700 1323 tamen
721 1265 760 1323 ut
781 1279 859 1325 vere
886 1259 927 1324 ab
953 1277 992 1323 eo
1019 1256 1144 1323 dictum
1195 1254 1341 1322 induisse
1371 1277 1507 1340 prorsus
1538 1266 1650 1324 nostro
1678 1260 1796 1341 simile,
1830 1262 1994 1347 scriptura
2025 1273 2175 1332 testatur.

164 1342 304 1409 libenter
326 1342 520 1425 amplector:
543 1342 587 1407 In
608 1350 749 1426 peccato,
779 1343 911 1410 sivein
933 1342 1029 1423 malo,
1057 1342 1144 1407 nihil
1197 1337 1310 1420 Quare
1336 1340 1466 1426 fragilia
1492 1341 1543 1407 illi
1570 1364 1645 1410 ossa
1672 1346 1782 1424 luisse,
1815 1347 1912 1414 fateri
1944 1369 2041 1416 nemo
2074 1372 2177 1419 sanus

164 1448 236 1494 esse
257 1428 482 1512 positivum.²)
526 1429 589 1495 Est
621 1429 709 1493 enim
742 1430 879 1514 argutia,
912 1449 996 1512 quae
1028 1427 1143 1493 multis
1196 1424 1365 1491 dubitabit
1411 1425 1480 1492 Sed
1501 1427 1565 1492 alia
1585 1429 1667 1494 mihi
1689 1430 1821 1498 videtur
1842 1453 1880 1499 ac
1901 1444 2054 1518 separata
2075 1450 2187 1520 quae:

164 1535 232 1579 non
253 1514 464 1580 satisfaceret.
508 1512 577 1580 Sed
598 1513 686 1579 alind
708 1513 791 1579 mihi
812 1514 1012 1597 principium
1034 1534 1142 1578 sumo:
1195 1510 1568 1590 sti0,anullumoseins
1578 1514 1687 1599 frangi
1697 1518 1848 1599 potuerit
1866 1517 1954 1583 Nam
1964 1519 2177 1604 integraom·

165 1597 259 1681 Quae
277 1619 449 1682 perperam
467 1606 501 1665 et
517 1599 639 1664 iniuste
657 1600 698 1665 ab
716 1599 904 1665 hominibus
914 1601 1010 1677 fiunt,
1028 1597 1142 1664 eadem
1195 1595 1253 1661 nia
1269 1604 1304 1661 et
1318 1596 1434 1663 illaesa
1443 1618 1588 1679 manere,
1607 1601 1684 1682 quia
1699 1602 1767 1666 fixo
1777 1602 1842 1669 Dei
1859 1602 1989 1670 decreto
2006 1606 2054 1670 ita
2070 1611 2178 1672 statu·

164 1691 255 1751 recta
276 1692 310 1750 et
329 1685 418 1751 iusta
439 1705 511 1750 esse
531 1684 597 1749 Dei
619 1704 727 1767 opera.
771 1685 845 1751 Hoc
879 1685 909 1751 si
933 1684 1041 1768 prima
1068 1705 1142 1767 spe·
1194 1683 1717 1767 tumeretnecessariocportuit.
1736 1688 2177 1775 Necveroquodareceptis

165 1771 213 1836 cie
247 1769 443 1853 quibusdam
469 1791 541 1836 esse
562 1769 767 1854 paradoxum
787 1769 926 1849 videtur,
960 1769 1078 1835 saltem
1099 1790 1143 1834 ne
1193 1766 1348 1850 loquendi
1369 1768 1484 1834 formis
1501 1767 1542 1833 de
1560 1772 1754 1837 necessitate
1771 1774 1953 1840 secundum
1971 1776 2102 1860 quidet
2120 1776 2177 1842 ab·

148 1856 234 1936 *sint
254 1856 301 1920 itu
322 1855 503 1935 fastidiosi„
516 1856 594 1939 quin
616 1855 786 1939 paulisper
806 1875 936 1921 mecum
954 1856 1143 1921 sustineant
1195 1851 1311 1934 solute,
1350 1853 1432 1918 item
1473 1857 1702 1939 consequentis
1741 1866 1774 1922 et
1814 1861 2079 1944 consequentiae,
2119 1861 2177 1927 ab·

167 1963 208 2007 ex
241 1941 340 2007 verbo
371 1939 437 2006 Dei
480 1942 655 2025 inquirere,
699 1940 777 2024 quid
820 1938 1028 2007 sentiendum
1069 1947 1142 2019 [pag.
1194 1937 1363 2016 horream,
1399 1938 1448 2004 ιιι
1475 1938 1604 2023 loquor:
1633 1940 1755 2009 sedne
1785 1965 1851 2027 qua
1877 1945 2016 2013 lectores
2044 1948 2177 2033 argutia

170 2032 244 2107 176]
267 2028 318 2093 ιιι
363 2024 548 2105 Caeterum,
571 2025 812 2110 nequidquam
839 2026 943 2092 stulta
963 2026 1144 2110 pertinenia
1194 2022 1361 2106 impediat,
1384 2024 1464 2108 quin
1527 2034 1641 2092 noscat
1661 2028 1715 2094 vel
1744 2027 1939 2098 rudissimus
1960 2032 2097 2116 quisque
2119 2054 2177 2099 ve·

166 2120 328 2191 tueamur,
363 2112 457 2195 quasi
478 2111 544 2178 Dei
566 2112 745 2196 proprium,
778 2110 865 2211 quod
885 2111 934 2176 illi
955 2118 1080 2176 temere
1102 2132 1144 2177 ex
1194 2130 1270 2174 rum
1291 2107 1472 2192 essequod
1519 2110 1575 2177 'oo.
1631 2112 1662 2176 E
1703 2133 1722 2178 o
1755 2114 1785 2179 si
1816 2114 1853 2179 in
1886 2114 2012 2181 Christi
2048 2117 2176 2183 ossibus
2258 2124 2264 2131 '

167 2219 267 2264 sensu
287 2204 400 2263 nostro
423 2198 570 2264 affictum
591 2197 706 2263 fuerit:
741 2218 888 2281 primum
910 2195 1074 2263 audienda
1094 2204 1145 2262 est
1194 2202 1350 2259 naturam
1371 2193 1566 2276 consideres,
1598 2197 1649 2262 ira
1673 2198 1729 2262 ’ἰ
1760 2208 1869 2265 erant:
1903 2199 1956 2266 sin
1983 2223 2061 2267 vero
2093 2202 2176 2269 illud

167 2283 339 2365 scriptura,
372 2283 439 2348 imo
466 2291 536 2349 tota
563 2283 641 2349 inde
669 2305 806 2366 operum
827 2282 893 2349 Dei
922 2281 1065 2365 petenda
1093 2289 1145 2348 est
1194 2280 1259 2345 Dei
1282 2279 1458 2359 decretum,
1481 2281 1566 2364 quod
1588 2303 1647 2348 suo
1669 2289 1817 2368 tempore
1836 2285 2085 2352 manifestatum
2101 2288 2175 2369 fuit,

165 2368 360 2452 delinitiol)
1194 2364 1424 2451 nihilomagis
1445 2366 1610 2433 fracturae
1630 2368 1775 2435 obnoxia
1795 2379 1900 2452 crant,
1937 2392 2036 2454 quam
2057 2373 2175 2438 hnma-
2271 2438 2275 2446 ,

250 2451 348 2536 Quod
368 2455 462 2520 Deus
482 2474 543 2519 suo
564 2453 699 2520 consilio
726 2451 856 2539 dirigat,
887 2472 972 2536 qnae
998 2455 1143 2518 maxime
1193 2451 1248 2516 nis
1270 2452 1437 2517 aerumnis
1459 2452 1576 2536 angeli
1621 2453 1695 2519 Iam
1715 2476 1796 2521 vero
1813 2457 1891 2541 quia
1908 2456 2066 2525 divinitus
2088 2460 2175 2540 posi-

165 2537 321 2606 videntur
353 2540 496 2619 fortuita,
529 2539 618 2607 clare
650 2540 814 2622 scriptum
850 2544 999 2618 testetur,
1038 2558 1142 2622 quum
1194 2544 1267 2602 tum
1288 2542 1619 2619 naturae[pcg.1⁷8]
1648 2539 1798 2606 ordinem
1824 2542 1947 2607 intueri
1980 2563 2040 2609 nos
2071 2543 2174 2623 decet,

166 2624 257 2692 dicit:
280 2625 323 2690 In
344 2625 455 2690 sinum
478 2625 594 2692 coniici
615 2632 729 2704 sortes,
750 2623 908 2691 iudicium
930 2644 1010 2688 vero
1028 2644 1142 2688 aarum
1194 2621 1726 2705 contingentiam,quoadsensnm
1737 2628 2173 2706 nostrum,minimereiicio.
2243 2634 2247 2639 ’

167 2711 255 2776 exire
273 2732 293 2776 a
308 2711 452 2776 Domino
471 2712 584 2792 (Prov.
604 2716 653 2791 16,
672 2710 778 2794 33).⁴)
801 2709 963 2776 Similiter
982 2709 1011 2773 si
1029 2730 1141 2775 ramus
1281 2709 1332 2772 Ac
1352 2709 1511 2773 memoria
1532 2708 1717 2775 tenendum
1744 2718 1802 2792 est,
1836 2712 1924 2796 quod
1956 2721 2034 2779 ante
2069 2716 2175 2798 posui,

165 2817 206 2862 ex
227 2794 343 2862 arbore
365 2796 541 2875 defractus,
575 2803 634 2862 aut
661 2797 786 2862 securis
820 2816 838 2860 e
870 2815 970 2860 mann
998 2794 1142 2860 hominis
1194 2792 1250 2858 ubi
1271 2792 1365 2858 Deus
1385 2792 1574 2876 permedia
1605 2802 1640 2860 et
1671 2795 1842 2864 misriores
1874 2819 1992 2865 causas
2017 2799 2176 2866 virtutem

163 2889 296 2966 praeter
317 2881 491 2948 consilinm
512 2882 632 2965 elapsa,
665 2888 765 2965 caput
797 2880 999 2947 transeuntis
1023 2878 1141 2959 illidat,
1193 2897 1288 2944 snam
1308 2879 1440 2958 exserit,
1464 2900 1532 2944 non
1553 2899 1625 2946 esse
1646 2881 1688 2947 ab
1709 2880 1776 2946 illis
1796 2882 2024 2966 separandam.
2051 2886 2176 2951 (lemu-

164 2967 298 3052 Moyses
330 2973 479 3048 testetur,
512 2968 575 3032 hoc
595 2967 706 3034 Deum
736 2966 887 3034 consulto
918 2965 1034 3031 fecisse
1066 2965 1143 3048 quia
1194 2963 1285 3030 lenta
1306 2972 1356 3029 est
1384 2965 1449 3029 ista
1476 2965 1645 3050 cogitatio:
1677 2965 1823 3035 decrevit
1849 2967 1943 3036 Deus
1976 2969 2054 3053 quid
2086 2971 2175 3037 futu-

164 3052 332 3118 bominem
369 3052 515 3120 occisum
552 3052 695 3120 rduerit
727 3051 923 3136 (Exod21,
949 3050 1012 3135 13).
1064 3050 1143 3117 Alia
1194 3071 1269 3114 rum
1298 3050 1350 3130 sit,
1383 3069 1462 3135 ergo
1495 3072 1610 3116 curam
1642 3071 1680 3119 ac
1711 3053 1858 3118 studium
1890 3063 2039 3121 nostrum
2072 3056 2176 3122 inter·

163 3141 343 3222 scripturae
364 3139 553 3205 ιιιιιιιιοιιιι
573 3138 722 3205 consulto
743 3160 831 3206 nnnc
851 3144 1036 3222 praetereo:
1063 3157 1143 3289 Ἑιιι
1193 3156 1315 3218 ponere
1337 3154 1578 3219 supervacuum
1599 3143 1658 3202 est
1703 3138 1816 3222 Atqui,
1844 3160 1947 3222 quum
1975 3141 2069 3207 nobis
2097 3141 2176 3225 quid

164 3246 233 3291 rem
255 3231 386 3290 tantum
408 3224 512 3308 digito
539 3232 726 3292 monstrare
746 3225 951 3308 propositum
967 3231 1026 3289 est
1099 3221 1141 3288 ed
1192 3220 1359 3306 agendum
1381 3221 1433 3298 sit,
1465 3222 1677 3305 praescribat,
1711 3231 1745 3288 et
1773 3224 1907 3290 virtutis
1939 3247 2016 3291 suae
2049 3247 2176 3310 organa

163 3312 240 3394 quia
260 3310 365 3376 stoica
385 3309 563 3376 necessitas
580 3311 643 3377 hoc
660 3311 756 3376 modo
774 3309 877 3376 statui
894 3308 1035 3390 ridetur,
1055 3307 1140 3374 mul-
1193 3327 1254 3372 nos
1275 3327 1347 3374 esse
1369 3306 1463 3374 velit:
1493 3307 1542 3373 las
1570 3308 1664 3374 nobis
1685 3329 1758 3374 esse
1779 3330 1823 3374 ne
1843 3316 1997 3393 putemus
2020 3332 2176 3395 separare

163 3397 207 3460 tis
229 3393 377 3462 odiosum
397 3403 449 3462 est
470 3396 598 3481 dogma,
634 3396 734 3462 etiam
765 3396 822 3480 qui
850 3416 910 3480 pro
938 3394 1021 3460 falso
1048 3392 1141 3460 dam·
1193 3412 1277 3475 quae
1309 3392 1365 3457 ille
1396 3391 1578 3458 coniunxit
1633 3393 1734 3460 Initio
1767 3404 1890 3460 terram
1923 3396 1994 3461 sine
2026 3395 2176 3463 hnmana

164 3501 246 3546 nare
267 3502 333 3545 non
354 3481 485 3547 audent
532 3480 638 3547 Vetus
659 3483 725 3548 ista
741 3481 909 3548 calumnia
925 3480 996 3559 fuit,
1018 3501 1084 3563 qua
1105 3500 1141 3545 se
1192 3484 1263 3543 arte
1285 3484 1319 3542 et
1340 3477 1469 3543 cultura
1490 3499 1588 3543 omne
1623 3478 1801 3544 herbarum
1834 3486 1868 3545 et
1899 3480 2035 3564 frugum
2068 3502 2184 3566 genus

164 3565 371 3650 Augustinus
392 3567 514 3633 iniuste
535 3567 637 3634 inisse
658 3574 836 3652 mustum
857 3565 977 3632 alicubi
999 3585 1140 3647 conque·
1191 3563 1289 3628 iussit
1310 3562 1500 3646 producere,
1522 3585 1612 3630 nunc
1634 3571 1745 3630 autem
1766 3585 1903 3630 manum
1937 3565 2081 3631 hominis
2115 3567 2173 3633 ad-

163 3650 298 3735 ritur⁶):
322 3674 411 3719 nuno
432 3652 613 3719 obsoletam
634 3674 705 3719 esse
728 3651 871 3718 decebat.
916 3649 1015 3716 Certe
1032 3649 1140 3714 homi·
1190 3647 1283 3713 hibet
1303 3668 1362 3729 per
1383 3668 1484 3731 quam
1504 3656 1671 3730 operetur:
1700 3651 1729 3716 si
1772 3651 1823 3717 nis
1844 3651 1947 3732 otioso
1969 3651 2064 3716 hiatu
2086 3652 2173 3719 velle
2293 3664 2295 3666 ’

164 3736 259 3804 nibus
281 3738 392 3820 probis
414 3747 448 3804 ct
465 3739 625 3823 ingenuis,
653 3738 683 3804 si
704 3737 800 3803 modo
821 3736 921 3802 iidem
950 3734 1035 3801 docti
1062 3736 1139 3814 sint,
1191 3753 1358 3816 sepanem
1375 3733 1525 3816 excipere
1541 3734 1650 3814 iactet,
1671 3672 1940 3818 quialtenedictio
1949 3737 2089 3803 Domini
2105 3738 2174 3806 foe·
2234 3792 2237 3798 .

165 3822 259 3888 valde
280 3822 419 3908 indigna
440 3830 500 3890 est.
544 3823 662 3905 Qualis
691 3823 791 3890 fuerit
810 3820 996 3889 Stoicorum
1023 3820 1139 3904 imagi-
1192 3817 1455 3899 cundetterram,
1474 3825 1586 3885 atnon
1596 3819 1734 3903 pedibus
1746 3821 1852 3906 magis
1863 3823 2001 3889 calcabit
2009 3822 2076 3889 Dei
2095 3844 2174 3907 pro-

164 3911 253 3974 natio
275 3918 388 3974 notum
412 3918 470 3976 est.
514 3909 638 3975 Fatum
671 3930 769 3975 snum
806 3908 963 3974 texebant
993 3928 1035 3972 ex
1064 3927 1139 3991 gor·
1191 3902 1382 3983 videntium,
1405 3904 1827 3988 quamtalipraedicatione
1848 3907 1982 3974 efferet?
2004 3907 2175 3994 Discerpit

164 3991 260 4060 diano
282 4015 456 4061 causarum
482 3995 668 4080 complexu:
703 3995 740 4059 in
772 4014 870 4078 quem
903 4012 1006 4076 quum
1027 3990 1139 4057 Deum
1192 3989 1281 4055 enim
1299 4009 1337 4056 ac
1355 3989 1487 4070 lacerat,
1506 4011 1589 4073 qnae
1607 4010 1699 4056 sacro
1716 3993 1804 4058 inter
1821 4014 1857 4059 se
1875 4015 1964 4060 nexu
1983 3994 2171 4061 cohaerent

163 4078 270 4162 ipsum
294 4080 512 4158 involverant,
545 4080 751 4148 fabricabant
778 4098 895 4145 aureas
923 4086 1065 4157 catenas,
1101 4084 1139 4142 ut
1191 4076 1283 4159 Ergo
1296 4083 1456 4158 quantum
1475 4075 1677 4142 adiuturum
1689 4079 2174 4162 tempus,quianosadhucre·

163 4166 269 4230 estin
290 4166 418 4245 fabulis,
446 4166 564 4250 quibus
582 4167 694 4232 Deum
717 4165 891 4244 vincirent,
916 4171 953 4228 ιιι
974 4164 1139 4230 subiectus
1192 4181 1267 4226 rum
1278 4167 1417 4227 eventus
1428 4160 1544 4242 latent,
1556 4160 1691 4245 perinde
1705 4162 1902 4230 edoffiuum
1914 4184 2009 4229 snum
2021 4165 2173 4232 intentus

163 4257 249 4316 esset
275 4251 484 4317 inferioribus
515 4251 632 4318 causis.
677 4250 805 4318 Stoicos
836 4248 934 4316 hodie
965 4249 1140 4314 imitantur
1192 4268 1263 4312 esse
1285 4246 1423 4329 quisque
1445 4246 1552 4327 debet,
1584 4267 1622 4313 ac
1644 4249 1673 4314 si
1695 4248 1779 4314 nibil
1801 4250 1836 4314 in
1859 4249 2022 4318 utramvis
2066 4256 2174 4317 artem

165 4338 237 4415 [pag.
259 4341 332 4416 177]
354 4337 520 4422 astrologi,
548 4339 667 4421 quibus
692 4336 803 4403 fatalis
826 4358 869 4401 ex
890 4333 1060 4402 stellarum
1081 4354 1139 4417 po-
1192 4334 1408 4398 constitutum
1429 4333 1521 4398 foret
1566 4332 1641 4412 Vel,
1672 4342 1710 4399 ut
1742 4336 1849 4419 magis
1905 4336 2012 4418 roprie
2042 4268 2173 4419 loquar,

164 4420 228 4486 situ
251 4421 413 4505 dependet
435 4444 546 4489 rerum
564 4424 748 4489 necessitas.
778 4421 923 4486 Valeant
939 4420 1042 4504 igitur
1064 4439 1140 4486 cum
1192 4417 1292 4483 talem
1314 4418 1349 4482 in
1371 4419 1533 4498 omnibns,
1556 4439 1639 4569 Ἆιιιο
1655 4441 1698 4485 ex
1714 4421 1780 4485 Dei
1797 4356 1954 4487 mandato
1972 4422 2181 4507 aggreditur,¹

1192 4524 1380 4570 successum
1402 4525 1534 4587 sperare
1579 4504 1661 4584 ebet,
1693 4512 1733 4569 ut
1754 4506 1790 4569 in
1812 4506 1911 4572 rebus
1940 4508 2004 4573 sibi
2024 4508 2174 4594 incogni-

676 4661 682 4674 .
895 4661 900 4672 ,
1031 4659 1038 4671 ,
1192 4590 1236 4654 tis
1263 4589 1523 4673 contingentiam
1549 4611 1625 4655 cum
1652 4598 1741 4656 certa
1762 4589 1826 4654 Dei
1853 4592 2063 4673 providentia
2095 4615 2174 4660 con-

232 4658 260 4724 1)
280 4658 353 4715 Add.
372 4663 389 4716 t
406 4677 437 4715 ce
455 4659 567 4730 qu'elles
584 4676 618 4716 ne
636 4667 760 4729 pmssent
778 4661 917 4714 obscurerr
936 4658 963 4712 la
981 4659 1076 4713 vente.
1192 4672 1290 4740 offieg
1334 4675 1382 4739 Eg
1406 4674 1667 4741 benedictionem
1696 4696 1792 4740 suam
1813 4675 1978 4744 Dominus
2011 4699 2174 4744 manuum

164 4811 198 4849 n
216 4724 971 4866 ittutthatrutiuterretur
990 4726 1140 4781 ΝΜ
1192 4764 1362 4839 [re-1⁷⁹]
1396 4767 1583 4827 fletuum
1614 4760 1720 4827 usos
1752 4762 1922 4844 promittit.
1984 4762 2059 4830 ΗΜ
2091 4782 2173 4831 v⁰⁰⁰

231 4862 261 4929 3)
280 4864 354 4920 aad.
372 4875 400 4921 et
417 4873 502 4935 quant
519 4868 536 4921 ι
553 4882 615 4934 noy
637 4867 662 4920 ie
680 4871 803 4934 protecte
845 4881 879 4921 ue
896 4866 921 4919 ie
939 4881 974 4920 ne
992 4879 1063 4918 veux
1080 4864 1139 4918 rien
1190 4846 1266 4929 Plus
1288 4845 1340 4911 Vir
1362 4852 1398 4911 86
1421 4844 1553 4913 divinae
1573 4845 1803 4930 providentiae
1832 4867 1993 4932 organum
2014 4848 2173 4915 oonstllui

163 4932 295 4988 attribuer
312 4934 411 4990 tDieu
429 4935 462 4989 de
480 4950 544 4989 mon
563 4949 686 5004 ceweau,
704 4935 772 4989 mais
790 4934 814 4988 si
827 4882 921 4988 lant-il
938 4948 991 5001 que
1009 4948 1079 4987 nous
1093 4931 1139 5001 lup

163 4998 288 5056 laissions
306 5018 337 5057 ce
355 5019 407 5072 que
425 5003 472 5098 lup
488 5018 589 5058 mesine
608 5001 756 5058 s’sttribue.
1011 5068 1018 5082 .

230 5067 261 5134 4)
278 5069 353 5125 Aac.
376 5069 422 5126 S'il
438 5087 483 5141 ny
501 5071 575 5126 auoit
591 5071 638 5126 nnl
657 5086 703 5126 cas
721 5068 877 5126 d'aventure
896 5085 927 5125 ce
947 5074 1031 5124 ιιι-ιιι
1043 5073 1139 5137 cestup

163 5134 202 5197 u:
221 5139 288 5194 mais
306 5154 376 5195 nous
393 5156 481 5263 gons
498 5154 550 5221 qne
568 5139 638 5195 Dieu
656 5154 792 5208 gouverns
810 5153 861 5207 par
878 5136 988 5193 dasena·
1259 5134 1289 5201 1)
1313 5135 1416 5190 d’oster
1439 5149 1471 5190 ce
1498 5135 1580 5203 qu’on
1606 5135 1715 5205 appella
1740 5136 1931 5230 confingeres,
1960 5134 2027 5192 c’est
2053 5153 2106 5206 que
2129 5138 2173 5196 les

231 5204 261 5272 b)
280 5206 375 5262 Liba
445 5207 533 5263 Bonrl.
552 5223 613 5277 cap.
630 5207 656 5263 b.
1190 5204 1289 5259 choses
1306 5204 1429 5272 puissent
1447 5203 1559 5260 advenit
1576 5202 1656 5260 d‘une
1675 5210 1749 5261 sorte
1767 5220 1804 5260 ou
1820 5204 1935 5260 dentre

267 5291 379 5350 wear
390 5308 483 5363 opera
526 5293 581 5350 Vol.
607 5291 691 5349 VIII.
1929 5287 1964 5344 23
