4786 5910
146 332 209 394 ur
725 336 732 351 ·
901 331 1164 400 ιιιιιιιιιιιι
1186 332 1399 400 enarum
1890 303 1900 317 ’
2093 338 2159 402 ιιι
2240 308 2241 311 ‘

145 519 283 584 mirum:
307 519 444 600 ponitur
464 518 553 584 enim
575 518 630 583 hic
652 539 762 584 crassa
784 519 893 603 alege
914 520 980 585 Dei
1002 529 1035 586 et
1052 541 1128 604 pro·
1180 517 1381 584 mandatum.
1426 520 1517 605 Ergo
1544 521 1622 603 quia
1655 521 1786 588 disertis
1814 521 1923 589 verbis
1950 523 2103 590 Christus
2125 532 2160 591 et

146 603 232 669 batis
254 603 325 668 eius
346 603 486 670 oraculis
509 603 654 683 delectio,
682 625 766 687 quae
793 603 907 670 divina
928 612 962 670 et
981 605 1129 671 humana
1181 604 1319 687 apostoli
1341 624 1408 669 non
1435 605 1644 690 praecipiunt
1671 627 1736 689 qno
1764 629 1888 691 poenae
1915 630 2036 692 genere
2059 609 2160 695 digna

146 691 221 755 iura
242 689 352 754 violat.
1180 691 1248 756 sint
1269 690 1430 754 adulteria
1452 699 1486 757 et
1508 693 1611 770 furta,
1625 696 1648 768 ¹)
1676 692 1749 758 ideo
1772 693 1984 759 cessabunta
2005 716 2064 760 suo
2088 697 2159 761 offi-
2266 751 2269 757 .

233 775 350 857 Neque
376 775 466 840 enim
495 795 599 857 quum
627 776 841 859 magistratus
875 775 1018 841 tuendae
1050 776 1127 841 reli·
1180 777 1229 842 cio
1250 776 1488 858 magistratus?
1529 776 1568 843 Si
1590 779 1663 861 quis
1684 779 1836 862 excipiat,
1859 780 1936 862 quia
1958 779 2083 847 Christi
2101 781 2159 846 ad·

146 862 238 946 gioni
262 859 413 926 custodes
434 861 659 943 praeficimus,
690 880 804 925 eorum
817 862 980 927 acuimus
1002 860 1127 946 gladios
1179 870 1282 927 ventu
1304 860 1445 926 abohtae
1467 882 1535 926 non
1557 872 1635 928 sunt
1654 864 1803 947 politiae,
1827 865 2002 932 sumendas
2024 888 2096 932 esse
2119 866 2159 933 de

146 956 185 1012 ιιι
206 946 246 1011 de
269 945 415 1028 quolibet
431 968 542 1011 errore
562 967 684 1029 poenas
706 948 869 1030 sumpturi
890 968 969 1012 mox
987 946 1026 1012 ad
1050 968 1126 1013 san·
1178 946 1348 1013 maleficiis
1360 967 1493 1031 poenas,
1515 956 1554 1012 ut
1571 949 1699 1032 legibus
1713 951 2015 1017 suntconstitutae:
2039 972 2158 1037 nempe

147 1033 280 1118 guinem
303 1032 485 1114 prosiliant.
531 1030 664 1098 Scimus
682 1033 770 1096 enim
793 1040 861 1106 tres
883 1053 955 1098 esee
977 1053 1126 1099 errorum
1178 1032 1257 1097 huic
1279 1053 1434 1115 responso
1455 1033 1595 1099 libenter
1617 1035 1792 1101 subscribo.
1825 1036 1944 1102 Nullos
1965 1038 2067 1104 fuisse
2088 1060 2159 1103 ma-

147 1119 285 1203 gradus:
308 1125 342 1182 ct
363 1117 558 1200 quibusdam
571 1119 713 1183 fatemur
731 1116 873 1183 dandam
891 1139 964 1184 esse
982 1119 1125 1198 veniam,
1177 1120 1375 1203 gistratus2)
1397 1119 1514 1200 quibus
1532 1122 1760 1204 praeciperent
1770 1122 1907 1204 apostoli
1929 1123 2007 1205 quid
2030 1133 2157 1189 rectum

147 1205 220 1270 aliis
248 1203 408 1269 modicam
443 1205 692 1287 castigationem
725 1204 890 1282 sufficere,
924 1213 962 1269 ut
994 1215 1126 1270 tantum
1178 1212 1275 1281 esset,
1304 1203 1412 1269 dicere
1436 1205 1642 1287 supersedeo.
1687 1207 1761 1273 Hoc
1789 1229 1855 1272 uno
1877 1218 2050 1275 contentus
2073 1230 2157 1289 sum,

146 1290 324 1355 manifesta
344 1290 496 1372 impietas
519 1310 557 1354 ea
580 1289 651 1354 itali
674 1289 833 1374 supplicio
854 1291 1027 1373 plectatur.
1067 1290 1126 1354 lli·
1178 1289 1305 1355 Christi
1327 1289 1472 1354 adventu
1501 1311 1562 1355 nec
1589 1299 1752 1357 mutatum
1779 1314 1851 1358 esse
1878 1295 2049 1375 politicum
2069 1294 2158 1359 ordi·

147 1375 235 1441 deles
255 1377 386 1458 saepius
409 1374 535 1439 Paulus
557 1311 716 1439 hortatur
744 1384 782 1439 ut
808 1397 843 1440 se
870 1376 1016 1441 invicem
1043 1376 1125 1440 tole·
1177 1396 1263 1453 nem,
1286 1397 1347 1441 nec
1365 1373 1405 1439 de
1425 1376 1681 1460 magistratuum
1699 1378 1804 1442 officio
1826 1379 2006 1462 quidquam
2029 1378 2157 1448 detrac-

42 1474 45 1483 '
146 1470 228 1538 rent,
252 1461 402 1544 quamvis
424 1460 534 1542 aliqua
552 1461 596 1524 sit
605 1461 694 1525 inter
704 1482 759 1526 eos
771 1460 943 1526 dissensio:
958 1464 983 1537 ¹)
1005 1482 1125 1545 nempe
1177 1467 1258 1525 tum.
1303 1460 1466 1545 Agedum,
1489 1460 1576 1544 quod
1598 1463 1724 1527 Paulus
1754 1462 1848 1529 docet
1876 1485 1943 1528 non
1971 1466 2094 1531 frustra
2115 1468 2156 1533 ab

146 1548 174 1613 si
195 1567 260 1629 qua
281 1547 364 1613 levis
388 1547 577 1629 superstitio
600 1555 634 1610 et
655 1546 788 1612 inscitia
810 1547 1009 1630 simplicium
1030 1567 1124 1612 men·
1176 1547 1258 1629 ipsis
1287 1545 1433 1629 gladium
1463 1549 1585 1631 gestari
1612 1549 1721 1623 (Rom.
1744 1554 1792 1627 13,
1816 1552 1851 1632 4)
1886 1571 1929 1613 an
1951 1549 1992 1615 ad
2014 1553 2157 1633 speciem

146 1641 195 1697 ιιι
217 1640 370 1715 occupat,
403 1641 440 1697 ut
462 1652 534 1696 eam
557 1632 717 1713 patientia
738 1633 901 1716 corrigere
922 1633 1033 1716 potius
1055 1642 1125 1697 stu·
1178 1653 1279 1696 unam
1301 1632 1459 1716 restringi
1487 1632 1643 1711 debet?³)
1687 1634 1851 1699 Fatentur
1873 1635 1938 1714 isti,
1964 1635 2158 1719 quibuscum

146 1717 246 1784 deant
267 1739 366 1801 quam
388 1717 648 1799 intemperanter
669 1716 712 1782 ad
734 1718 914 1783 vindictam
936 1719 1124 1784 efferveant.
1177 1739 1267 1782 nunc
1289 1717 1443 1800 discepto,
1466 1717 1590 1783 adalia
1612 1720 1750 1784 cumina
1767 1721 1940 1804 plectenda
1961 1721 2086 1788 iudices
2108 1722 2158 1788 di·

146 1802 339 1871 Secundum
361 1824 510 1868 errorum
533 1824 637 1886 genus
659 1804 722 1867 etsi
744 1804 992 1887 castigationem
1018 1824 1125 1869 mere-
1178 1804 1302 1869 vinitus
1325 1825 1396 1868 esee
1418 1812 1576 1882 armatos,
1605 1806 1701 1871 modo
1730 1826 1750 1870 a
1777 1807 1937 1891 religione
1960 1808 2157 1886 abstineant,

144 1897 217 1965 tur,
253 1887 425 1954 mediocris
458 1897 571 1954 tamen
606 1888 793 1954 adhibenda
826 1898 877 1955 est
909 1890 1123 1964 severitas:²)
1177 1898 1215 1953 ut
1235 1889 1338 1954 libere
1359 1890 1439 1973 ipsis
1457 1892 1640 1955 tacentibus
1661 1892 1814 1974 impietas
1836 1892 1994 1958 lasciviat.
2029 1893 2158 1959 Verum

146 1983 278 2040 tantum
300 1996 343 2039 ne
363 1972 569 2058 indulgentia
599 1974 708 2040 alatur
735 1996 849 2040 eorum
876 1973 1069 2058 improbitas
1092 1984 1126 2041 et
1177 1974 1336 2039 reclamat
1364 1974 1548 2040 innumeris
1575 1976 1655 2041 locis
1678 1978 1815 2058 spiritus
1838 1981 1913 2056 [pag.
1933 1983 1987 2057 33]
2011 1986 2155 2058 sanetus,

146 2062 352 2128 contumacia
385 2062 439 2142 qui
471 2060 546 2125 fidei
579 2061 740 2126 unitatem
775 2058 924 2128 scindere
956 2071 1122 2145 cuperent.
1177 2061 1233 2142 qui
1245 2059 1306 2125 sub
1317 2058 1443 2125 Ohristi
1455 2083 1490 2126 re
1515 2082 1557 2126 ιιι
1566 2081 1666 2125 sanae
1677 2062 1842 2128 doctrinae
1855 2072 1888 2127 ιι
1897 2064 2038 2146 legitimi
2048 2065 2157 2131 cultus

125 2145 215 2213 ‘Sed
237 2147 294 2210 ubi
317 2166 336 2210 a
358 2146 425 2210 suis
447 2146 671 2212 fundamentis
694 2146 891 2212 convellitur
910 2147 1036 2230 religio,
1067 2146 1122 2212 de·
1176 2153 1341 2227 patronos,
1365 2164 1403 2210 ac
1424 2083 1648 2212 vindoesfore
1670 2149 1979 2231 regespronunoiat.
2014 2148 2156 2231 Quando

145 2231 315 2298 testandae
336 2232 372 2296 in
389 2230 499 2297 Deum
521 2232 744 2316 blasphemiae
767 2233 988 2314 proferuntur,
1011 2233 1123 2315 impiis
1176 2230 1286 2296 David
1308 2231 1474 2314 principes
1502 2252 1616 2300 omnes
1644 2232 1686 2297 ad
1714 2233 1927 2301 osculandum
1949 2234 2056 2298 filium
2078 2234 2156 2299 hor·

145 2327 179 2383 et
198 2317 362 2402 pestiferis
385 2316 591 2400 dogmatibus
618 2319 653 2382 in
683 2317 822 2382 exitium
848 2319 1023 2401 rapiuntur
1051 2320 1123 2383 ani·
1174 2323 1267 2382 tatur
1284 2316 1386 2392 (Psal.
1406 2328 1434 2394 ⁶2,
1459 2321 1519 2396 12),
1542 2317 1621 2400 quid
1642 2318 1753 2401 potius
1772 2317 1813 2383 ab
1834 2319 1900 2383 illis
1918 2318 2031 2403 exigit,
2055 2341 2154 2403 quam

143 2423 226 2481 mae,
251 2402 390 2486 denique
412 2403 468 2469 ubi
490 2404 597 2487 palam
622 2402 760 2468 defectio
787 2404 827 2469 ab
849 2405 944 2468 unico
966 2404 1038 2468 Deo
1060 2424 1122 2487 pu·
1175 2410 1212 2466 ut
1229 2422 1343 2467 sanam
1363 2401 1546 2468 doctrinam
1563 2425 1624 2469 suo
1642 2404 1804 2486 praesidio
1816 2402 2017 2469 defendant?
2040 2404 2155 2487 Quum

143 2509 245 2573 mque
267 2490 338 2554 eius
361 2488 511 2555 doctrina
528 2497 684 2568 tentatur,
709 2489 750 2554 ad
771 2496 957 2554 extremum
977 2489 1059 2554 illud
1070 2510 1123 2554 re·
1175 2487 1272 2552 toties
1295 2487 1375 2552 dicit
1395 2497 1551 2555 venturos
1578 2511 1649 2554 esse
1677 2497 1716 2555 ut
1738 2489 1871 2555 Ohristo
1894 2490 2054 2555 tributum
2074 2491 2154 2557 olfe-

143 2575 288 2641 medium
310 2574 508 2641 descendere
519 2596 652 2641 necesse
673 2583 732 2651 ιιι,
755 2597 797 2640 ne
809 2575 947 2639 mortale
958 2595 1123 2641 venenum
1174 2582 1267 2638 rant:
1302 2574 1381 2656 quid
1409 2574 1498 2639 aliud
1526 2575 1685 2660 intelligit
1712 2595 1809 2658 quam
1831 2597 1932 2657 purae
1954 2574 2154 2644 adorationis

143 2660 273 2744 longius
300 2669 419 2744 serpat.
464 2661 563 2726 Hanc
589 2660 753 2743 regulam,
783 2682 881 2744 quam
910 2682 953 2726 ex
974 2681 1030 2727 ore
1051 2660 1123 2726 Do·
1174 2658 1341 2743 praesides
1359 2661 1497 2741 futuros,
1540 2661 1656 2744 iaeque
1675 2660 1843 2727 doctrinae
1861 2662 2033 2728 custodes?
2063 2661 2154 2744 Quo·

143 2748 226 2811 mini
249 2746 321 2812 aliis
344 2749 557 2830 praescripsit
578 2747 722 2830 Moyses,
746 2747 888 2812 fideliter
910 2748 981 2831 ipse
1003 2768 1121 2829 sequu-
1173 2746 1270 2811 modo
1292 2744 1392 2810 etiam
1415 2746 1496 2811 illud
1515 2682 1642 2812 lessies
1665 2752 1730 2826 (49,
1750 2751 1805 2824 23)
1827 2747 2019 2813 vadcinium
2038 2749 2154 2831 imple·

143 2840 197 2897 tus
225 2840 284 2898 est.
335 2831 445 2912 Quam
474 2841 646 2898 mansueto
674 2834 774 2898 furerit
800 2834 948 2916 ingenio,
984 2841 1123 2916 apparet
1174 2832 1273 2911 bitur,
1296 2832 1450 2899 ecclesiae
1471 2833 1627 2898 nutritios
1649 2834 1727 2912 fore,
1751 2834 1817 2899 nisi
1839 2832 1881 2898 ad
1903 2833 2063 2898 tuendum
2084 2834 2154 2917 pie·

144 2938 186 2984 ex
207 2927 278 2983 tota
307 2920 395 2984 vitae
422 2918 573 2983 historia:
609 2930 641 2984 ιι
668 2918 804 3001 spiritus
833 2929 966 2984 sanetus
992 2919 1126 2985 illustre.
1174 2920 1253 2984 tatis
1285 2926 1410 2984 statum
1431 2920 1629 3000 ,potentiam
1668 2939 1762 2984 suam
1800 2918 1993 2985 conferant?
2050 2920 2152 3005 Ergo,

142 3004 242 3069 huius
265 3005 399 3069 virtutis
421 3004 647 3069 testimonium
671 3006 701 3068 ei
731 3004 847 3070 reddit.
892 3004 999 3071 Iudex
1021 3007 1120 3071 etiam
1173 3004 1253 3088 quin
1275 3004 1338 3087 piis
1361 3006 1547 3088 sanctisque
1568 3003 1816 3089 magistratibus
1846 3026 1888 3070 ex
1909 3006 1974 3071 Dei
1997 3006 2154 3072 mandato

142 3111 242 3173 quam
272 3090 461 3154 humaniter
487 3091 522 3154 in
556 3091 629 3155 aliis
658 3090 852 3156 criminibus
880 3091 1057 3174 puniendis
1085 3113 1120 3157 se
1173 3091 1269 3174 regni
1288 3090 1416 3156 Ohristi
1438 3090 1584 3156 defensio
1601 3091 1778 3169 incumbat,
1801 3092 1937 3156 minime
1959 3093 2154 3174 ambiguum

143 3176 290 3260 gesserit,
320 3184 462 3240 constat:
499 3177 534 3241 in
563 3175 758 3242 vindicando
793 3185 905 3242 autem
931 3179 996 3243 Dei
1029 3178 1121 3243 cultu
1173 3185 1233 3241 est
1277 3175 1423 3243 Accedat
1443 3179 1510 3242 iam
1532 3177 1630 3242 Pauli
1650 3177 1860 3260 suffragium,
1890 3198 1953 3260 quo
1975 3177 2153 3260 scrupulus

142 3269 231 3327 totus
249 3260 352 3327 ardet.
398 3261 606 3340 Consecrate,
631 3267 705 3341 [pag.
725 3266 779 3341 aa]
798 3264 906 3347 inquit
929 3263 1047 3345 (Exod.
1068 3268 1118 3342 32,
1174 3262 1281 3327 omnis
1310 3263 1477 3327 eximitur.
1528 3261 1689 3331 Solennes
1716 3262 1752 3326 in
1782 3263 1919 3327 ecelesia
1941 3283 2054 3345 preces
2076 3281 2152 3327 con·

142 3350 215 3426 27),
243 3367 363 3413 manus
390 3356 518 3412 vestras
547 3347 707 3413 Domino:
735 3369 833 3413 nemo
859 3350 954 3414 fratri
981 3371 1040 3415 suo
1067 3350 1121 3416 vel
1172 3349 1235 3430 cipi
1265 3349 1356 3413 iubet
1381 3368 1442 3430 pro
1471 3346 1620 3430 regibus,
1648 3355 1684 3413 et
1710 3348 1863 3414 omnibus
1892 3347 1949 3431 qui
1972 3348 2097 3411 honore
2119 3355 2154 3413 ιι

142 3433 325 3514 propinquo
346 3434 507 3516 ignoscat:
537 3435 733 3517 utquisque
756 3435 873 3500 obvius
900 3436 1018 3515 fuerit,
1048 3436 1120 3502 sine
1170 3434 1318 3517 potentie
1350 3433 1517 3498 excellunt
1547 3434 1579 3515 (l
1608 3433 1691 3497 uim.
1718 3437 1748 3512 2,
1778 3438 1818 3508 1).
1870 3431 2061 3514 Quorsum?
2105 3432 2154 3500 Ut

141 3517 241 3582 venia
262 3517 406 3582 occidite.
451 3520 506 3584 An
535 3528 691 3602 putamus
719 3520 826 3585 subito
854 3521 965 3585 furore
989 3541 1118 3605 correp·
1172 3521 1326 3605 quietam,
1348 3519 1467 3600 inquit,
1490 3527 1524 3583 et
1545 3518 1756 3600 tranquillam
1779 3518 1885 3584 vitam
1908 3539 2054 3601 agamus.
2095 3520 2151 3584 An

141 3609 223 3681 tum,
245 3602 624 3677 itaeolitaeolementiae
645 3605 873 3671 tuncoblitum
885 3607 986 3672 fuisse
1006 3615 1045 3671 ut
1067 3629 1119 3673 sa·
1171 3605 1233 3671 hoc
1255 3602 1442 3692 duntaxat?
1485 3602 1575 3681 Ιιιιι,
1606 3624 1683 3667 cum
1710 3603 1801 3667 omni
1827 3603 1949 3686 pietate
1971 3611 2005 3667 et
2025 3611 2152 3687 tempe·

141 3709 214 3754 oros
225 3688 365 3753 Levitae
378 3689 538 3772 sanguine
553 3687 721 3755 madefieri
733 3691 881 3756 iuberet?
900 3691 973 3756 Imo
985 3692 1119 3774 spiritus
1171 3692 1286 3755 rantis.
1322 3688 1360 3755 Si
1384 3696 1513 3755 tantum
1534 3687 1714 3753 modestiae
1732 3688 1785 3754 vel
1806 3689 2044 3772 temperantiae
2066 3690 2152 3755 lacta

139 3774 206 3840 Dei
228 3772 314 3857 quod
337 3795 396 3838 ιιι
418 3773 518 3839 ductu
541 3782 671 3860 gestum
693 3784 765 3839 erat
786 3785 820 3840 et
840 3777 992 3859 auspiciis
1014 3777 1120 3860 elogio
1172 3784 1258 3841 esset
1278 3777 1411 3853 mentio,
1435 3774 1556 3857 aliquid
1578 3775 1664 3839 forte
1680 3774 1797 3840 coloris
1819 3773 2074 3857 praetenderent
2095 3775 2152 3857 qui

141 3862 240 3926 etiam
269 3879 328 3924 suo
356 3860 574 3926 commendat.
624 3862 716 3945 Ergo
739 3869 778 3925 ιι
803 3862 839 3927 in
866 3862 938 3928 aliis
967 3864 1119 3929 omnibus
1172 3861 1414 3944 aprincipibus
1436 3861 1606 3944 religionis
1628 3880 1760 3926 oausam
1780 3861 1901 3945 attingi
1922 3860 2048 3926 nolunt.
2082 3859 2151 3927 Sed

139 3947 282 4030 peccatis
302 3943 475 4010 laudabilis
497 3946 541 4011 sit
562 3946 746 4026 clementia,
770 3968 884 4014 severe
906 3948 1119 4030 impietatem,
1171 3967 1273 4029 quum
1296 3946 1359 4010 hoo
1380 3947 1576 4012 nominatim
1603 3945 1669 4011 illis
1696 3967 1817 4012 munus
1844 3947 1991 4030 assignet
2011 3947 2150 4026 Paulus,

140 4053 223 4115 quae
251 4032 315 4097 Dei
344 4031 470 4098 cultum
497 4033 632 4110 evertit,
667 4033 789 4098 sanctis
815 4032 977 4098 iudicibus
1006 4032 1120 4100 ulcisci
1173 4040 1211 4095 ut
1233 4033 1342 4096 Deum
1364 4034 1428 4097 rite
1450 4032 1625 4098 colendum
1646 4039 1836 4115 procurent:
1871 4039 2028 4114 quantae,
2057 4034 2150 4099 obse·

139 4139 272 4185 necesse
294 4125 360 4195 eet,
390 4139 433 4182 ne
457 4117 630 4183 hominum
651 4119 793 4183 offensas
815 4119 916 4184 stulte
938 4118 1120 4203 mitigando
1172 4138 1236 4196 cro,
1259 4118 1456 4183 temeritatis
1475 4126 1535 4194 ιιι,
1557 4118 1706 4184 iniuncta
1724 4118 1881 4184 divinitus
1899 4126 2059 4200 potestate
2076 4114 2150 4184 illos

139 4203 204 4270 Dei
224 4205 236 4268 i
260 4204 328 4269 sius
349 4205 436 4269 iram
457 4204 492 4268 in
516 4225 551 4269 se
573 4211 759 4287 provocent.
1172 4203 1315 4268 exuere?
1371 4202 1449 4269 Duo
1482 4204 1535 4269 hio
1567 4203 1742 4269 observare
1774 4224 1893 4287 operae
1916 4203 2065 4287 pretium
2089 4211 2147 4269 ιιι

227 4224 295 4354 ἔοι
316 4289 450 4373 quidam
472 4289 562 4356 hunc
584 4288 735 4355 ordinem
761 4310 864 4374 regno
886 4288 1013 4356 Ohristi
1032 4290 1119 4374 quod
1170 4289 1287 4371 Neque
1308 4290 1396 4353 enim
1424 4290 1570 4373 privatos
1598 4290 1749 4355 homines
1775 4289 1921 4354 instituit
1942 4288 2083 4367 Paulus,
2112 4297 2150 4354 ιι

141 4374 309 4455 spirituale
321 4385 379 4452 ιιι,
398 4384 433 4440 ιι
450 4377 616 4459 praesenti
634 4375 763 4441 saeculo
781 4396 962 4460 congruere
979 4385 1117 4461 negant:
1170 4395 1206 4440 se
1217 4376 1290 4440 Deo
1302 4373 1466 4454 addicant,
1489 4375 1547 4442 sed
1569 4375 1610 4441 de
1627 4376 1757 4460 publica
1774 4376 1959 4458 principum
1982 4374 2149 4442 functione

138 4459 215 4540 quia
246 4481 410 4541 nusquam
448 4462 484 4526 in
516 4462 689 4546 evangelio
727 4460 891 4528 indicibus
924 4461 1020 4527 detur
1052 4463 1117 4528 tale
1170 4459 1310 4539 disserit,
1332 4471 1495 4543 quatenus
1516 4463 1553 4526 in
1576 4461 1656 4527 solio
1677 4461 1775 4526 locati
1798 4467 1886 4540 sunt,
1909 4469 1944 4525 et
1965 4459 2076 4544 gladio
2097 4464 2148 4527 in·

1169 4547 1286 4613 structi
1307 4546 1349 4612 ad
1365 4546 1547 4633 regendum
1565 4548 1747 4612 humanum
1765 4566 1879 4630 genus.
1913 4546 2052 4624 Deinde,
2074 4547 2148 4612 illc·

1168 4653 1243 4697 rum
1261 4653 1383 4698 munus
1401 4656 1468 4700 non
1485 4635 1593 4700 solum
1610 4634 1645 4698 in
1662 4632 1787 4698 tuendo
1806 4633 1962 4714 cuiusque
1979 4634 2053 4698 iure
2070 4653 2148 4700 con·

140 4694 1116 4840 ...ttstatuuatsuasu.atauus
1168 4716 2147 4804 ...a...,..1f.....1....1.....m⁴>01u2ostpi..

219 4848 272 4902 ιι]
289 4833 307 4887 il
326 4833 430 4902 signifie
450 4851 501 4902 que
521 4834 561 4889 s’il
578 4855 596 4905 y
614 4853 631 4891 a
648 4838 764 4906 quelque
802 4841 867 4894 etite
883 4838 1058 4910 superstition
1067 4845 1116 4894 etc.

200 4848 238 4967 1)
256 4900 346 4968 Quart
363 4904 380 4958 a
397 4902 424 4955 la
442 4903 558 4957 seconde
576 4920 606 4957 ιι
628 4920 691 4973 ιιι,
720 4857 840 4960 comblou
868 4925 920 4976 que
943 4906 984 4962 les
1007 4923 1115 4962 emeurs

138 4970 185 5092 gui
210 4978 365 5039 emportent
388 4971 516 5025 nuisance
544 4974 561 5026 ι
583 4921 695 5042 Ρὲςιιιι
719 4980 749 5026 et
770 4976 920 5042 procedent
942 4975 976 5030 de
998 4976 1115 5099 quelque
1237 4975 1266 5040 l)
1285 4974 1361 5029 add.
1379 4975 1641 5044 empoisonnemens,
1657 4973 1794 5029 faussetes
1812 4981 1841 5029 ιι
1857 4974 1955 5029 choses
1974 4971 2149 5027 semblables.

149 5041 259 5133 ggerett
273 5040 463 5120 escambium,
480 5041 971 5123 maritent,chastiementtoutesfois
989 5060 1059 5112 quan
1096 5044 1116 5098 il
1235 5043 1266 5109 2)
1283 5043 1357 5098 Add.
1375 5044 1538 5099 Chrestiens.
1934 5111 1940 5124 υ

137 5122 181 5178 ny
198 5121 216 5160 a
233 5116 312 5232 point
333 5124 374 5190 un·
393 5123 509 5176 mespns
532 5108 566 5163 de
583 5108 653 5164 Dseu
676 5115 705 5163 ιι
727 5109 857 5190 rebelhon
881 5128 948 5193 avec
964 5114 1114 5193 motinerla,
1235 5112 1265 5195 ξι)
1283 5112 1359 5168 Aac.
1386 5128 1421 5167 on
1443 5113 1505 5167 bien
1528 5111 1569 5167 s’il
1591 5111 1739 5181 eomprend
1761 5118 1822 5167 tout
1840 5126 1872 5166 oe
1896 5127 1941 5180 qm
1964 5115 2008 5165 est
2030 5108 2063 5164 de
2087 5108 2147 5164 leur

134 5192 210 5301 1ιέᾶέ
255 5184 294 5233 ιιι
319 5184 389 5232 tenu
414 5192 534 5244 mesura,
561 5193 614 5247 que
632 5178 659 5232 la
677 5180 793 5232 serente
818 5194 853 5234 ne
880 5187 933 5235 ιιιι
955 5188 1033 5248 ιιιιιι
1051 5189 1114 5251 trop
1166 5181 1427 5316 dewffmnimenir
1444 5248 1471 5302 ¹8
1488 5248 1610 5317 religion·
