<?xml version="1.0" encoding="UTF-8"?>
<!DOCTYPE html PUBLIC "-//W3C//DTD XHTML 1.0 Transitional//EN"
    "http://www.w3.org/TR/xhtml1/DTD/xhtml1-transitional.dtd">
<html xmlns="http://www.w3.org/1999/xhtml" xml:lang="en" lang="en">
 <head>
  <title>
</title>
<meta http-equiv="Content-Type" content="text/html;charset=utf-8" />
  <meta name='ocr-system' content='tesseract 3.04.00' />
  <meta name='ocr-capabilities' content='ocr_page ocr_carea ocr_par ocr_line ocrx_word'/>
</head>
<body>
  <div class='ocr_page' id='page_1' title='image "./ioanniscalvinio02reusgoog_0382.png"; bbox 0 0 4680 5918; ppageno 0'>
   <div class='ocr_carea' id='block_1_1' title="bbox 214 304 2233 387">
    <p class='ocr_par' dir='ltr' id='par_1_1' title="bbox 214 304 2233 387">
     <span class='ocr_line' id='line_1_1' title="bbox 214 304 2233 387; baseline -0.004 -8"><span class='ocrx_word' id='word_1_1' title='bbox 214 316 278 381; x_wconf 81' lang='grc'><strong><em>699</em></strong></span> <span class='ocrx_word' id='word_1_2' title='bbox 1120 304 1323 374; x_wconf 75' lang='lat' dir='ltr'>SERVE&#39;PI</span> <span class='ocrx_word' id='word_1_3' title='bbox 1659 381 1664 387; x_wconf 38' lang='lat'>‚</span> <span class='ocrx_word' id='word_1_4' title='bbox 2166 307 2233 370; x_wconf 76' lang='lat'><strong><em>700</em></strong></span> 
     </span>
    </p>
   </div>
   <div class='ocr_carea' id='block_1_2' title="bbox 211 491 2232 1431">
    <p class='ocr_par' dir='ltr' id='par_1_2' title="bbox 211 491 2232 1431">
     <span class='ocr_line' id='line_1_2' title="bbox 211 491 2232 586; baseline -0.004 -20"><span class='ocrx_word' id='word_1_5' title='bbox 211 501 341 586; x_wconf 65' lang='lat' dir='ltr'><strong><em>pinpitis.</em></strong></span> <span class='ocrx_word' id='word_1_6' title='bbox 386 498 456 563; x_wconf 92' lang='lat' dir='ltr'><strong><em>Imo</em></strong></span> <span class='ocrx_word' id='word_1_7' title='bbox 476 518 587 580; x_wconf 86' lang='lat' dir='ltr'><strong><em>scopus</em></strong></span> <span class='ocrx_word' id='word_1_8' title='bbox 614 497 684 561; x_wconf 89' lang='lat' dir='ltr'><strong><em>eius</em></strong></span> <span class='ocrx_word' id='word_1_9' title='bbox 711 500 763 573; x_wconf 89' lang='lat' dir='ltr'><strong><em>est,</em></strong></span> <span class='ocrx_word' id='word_1_10' title='bbox 798 494 955 560; x_wconf 88' lang='lat' dir='ltr'><strong><em>sublatam</em></strong></span> <span class='ocrx_word' id='word_1_11' title='bbox 988 513 1055 558; x_wconf 89' lang='lat' dir='ltr'><strong><em>esse</em></strong></span> <span class='ocrx_word' id='word_1_12' title='bbox 1087 494 1192 577; x_wconf 71' lang='lat' dir='ltr'><strong><em>hyan,</em></strong></span> <span class='ocrx_word' id='word_1_13' title='bbox 1246 514 1312 558; x_wconf 88' lang='lat' dir='ltr'><strong><em>esse</em></strong></span> <span class='ocrx_word' id='word_1_14' title='bbox 1338 491 1503 557; x_wconf 74' lang='lat' dir='ltr'><strong><em>sublatum.</em></strong></span> <span class='ocrx_word' id='word_1_15' title='bbox 1560 491 1636 556; x_wconf 87' lang='lat' dir='ltr'><strong><em>Non</em></strong></span> <span class='ocrx_word' id='word_1_16' title='bbox 1664 491 1841 573; x_wconf 79' lang='lat' dir='ltr'><strong><em>detalapum</em></strong></span> <span class='ocrx_word' id='word_1_17' title='bbox 1871 492 1907 556; x_wconf 91' lang='lat' dir='ltr'><strong><em>in</em></strong></span> <span class='ocrx_word' id='word_1_18' title='bbox 1939 491 2057 557; x_wconf 79' lang='lat' dir='ltr'><strong><em>tabrrlis</em></strong></span> <span class='ocrx_word' id='word_1_19' title='bbox 2088 492 2232 574; x_wconf 74' lang='lat' dir='ltr'><strong><em>lapideis</em></strong></span> 
     </span>
     <span class='ocr_line' id='line_1_3' title="bbox 213 575 2230 664; baseline -0.004 -14"><span class='ocrx_word' id='word_1_20' title='bbox 213 593 250 653; x_wconf 88' lang='lat' dir='ltr'><strong><em>ut</em></strong></span> <span class='ocrx_word' id='word_1_21' title='bbox 269 585 362 649; x_wconf 87' lang='lat' dir='ltr'><strong><em>initio</em></strong></span> <span class='ocrx_word' id='word_1_22' title='bbox 382 584 497 664; x_wconf 85' lang='lat' dir='ltr'><strong><em>capitis</em></strong></span> <span class='ocrx_word' id='word_1_23' title='bbox 512 582 697 664; x_wconf 70' lang='lat' dir='ltr'><strong><em>praemittit,</em></strong></span> <span class='ocrx_word' id='word_1_24' title='bbox 729 580 824 663; x_wconf 80' lang='lat' dir='ltr'><strong><em>lepem</em></strong></span> <span class='ocrx_word' id='word_1_25' title='bbox 844 580 982 661; x_wconf 79' lang='lat' dir='ltr'><strong><em>decalopi</em></strong></span> <span class='ocrx_word' id='word_1_26' title='bbox 1003 599 1123 659; x_wconf 88' lang='lat' dir='ltr'><strong><em>semper</em></strong></span> <span class='ocrx_word' id='word_1_27' title='bbox 1145 581 1193 642; x_wconf 91' lang='lat' dir='ltr'><strong><em>in·</em></strong></span> <span class='ocrx_word' id='word_1_28' title='bbox 1246 578 1324 643; x_wconf 90' lang='lat' dir='ltr'><strong><em>dabo</em></strong></span> <span class='ocrx_word' id='word_1_29' title='bbox 1347 577 1440 655; x_wconf 86' lang='lat' dir='ltr'><strong><em>uobis,</em></strong></span> <span class='ocrx_word' id='word_1_30' title='bbox 1462 578 1565 657; x_wconf 77' lang='lat' dir='ltr'><strong><em>iniquit</em></strong></span> <span class='ocrx_word' id='word_1_31' title='bbox 1587 577 1683 655; x_wconf 88' lang='lat' dir='ltr'><strong><em>Deus,</em></strong></span> <span class='ocrx_word' id='word_1_32' title='bbox 1716 576 1771 641; x_wconf 89' lang='lat' dir='ltr'><strong><em>sed</em></strong></span> <span class='ocrx_word' id='word_1_33' title='bbox 1802 577 1837 640; x_wconf 89' lang='lat' dir='ltr'><strong><em>in</em></strong></span> <span class='ocrx_word' id='word_1_34' title='bbox 1865 575 1982 643; x_wconf 89' lang='lat' dir='ltr'><strong><em>tabulis</em></strong></span> <span class='ocrx_word' id='word_1_35' title='bbox 2009 579 2114 643; x_wconf 90' lang='lat' dir='ltr'><strong><em>cordis</em></strong></span> <span class='ocrx_word' id='word_1_36' title='bbox 2132 578 2230 658; x_wconf 76' lang='lat' dir='ltr'><strong><em>fidem</em></strong></span> 
     </span>
     <span class='ocr_line' id='line_1_4' title="bbox 212 661 2229 754; baseline -0.005 -17"><span class='ocrx_word' id='word_1_37' title='bbox 212 672 361 754; x_wconf 73' lang='lat' dir='ltr'><strong><em>tellipens,</em></strong></span> <span class='ocrx_word' id='word_1_38' title='bbox 384 676 412 733; x_wconf 93' lang='lat' dir='ltr'><strong><em>et</em></strong></span> <span class='ocrx_word' id='word_1_39' title='bbox 432 670 471 734; x_wconf 92' lang='lat' dir='ltr'><strong><em>de</em></strong></span> <span class='ocrx_word' id='word_1_40' title='bbox 492 689 530 733; x_wconf 88' lang='lat' dir='ltr'><strong><em>ea</em></strong></span> <span class='ocrx_word' id='word_1_41' title='bbox 551 666 725 749; x_wconf 83' lang='lat' dir='ltr'><strong><em>ecernplum</em></strong></span> <span class='ocrx_word' id='word_1_42' title='bbox 746 667 835 730; x_wconf 89' lang='lat' dir='ltr'><strong><em>daus.</em></strong></span> <span class='ocrx_word' id='word_1_43' title='bbox 866 664 920 728; x_wconf 78' lang='lat' dir='ltr'><strong><em>Ex</em></strong></span> <span class='ocrx_word' id='word_1_44' title='bbox 943 666 1006 746; x_wconf 78' lang='lat' dir='ltr'><strong><em>lepe</em></strong></span> <span class='ocrx_word' id='word_1_45' title='bbox 1027 663 1194 743; x_wconf 68' lang='lat' dir='ltr'><strong><em>illusioni</em></strong></span> <span class='ocrx_word' id='word_1_46' title='bbox 1250 662 1378 729; x_wconf 76' lang='lat' dir='ltr'><strong><em>Christi.</em></strong></span> <span class='ocrx_word' id='word_1_47' title='bbox 1435 662 1524 727; x_wconf 87' lang='lat' dir='ltr'><strong><em>Haeo</em></strong></span> <span class='ocrx_word' id='word_1_48' title='bbox 1560 663 1626 743; x_wconf 77' lang='lat' dir='ltr'><strong><em>fua</em></strong></span> <span class='ocrx_word' id='word_1_49' title='bbox 1657 662 1840 743; x_wconf 81' lang='lat' dir='ltr'><strong><em>paciscendi</em></strong></span> <span class='ocrx_word' id='word_1_50' title='bbox 1873 661 2015 745; x_wconf 76' lang='lat' dir='ltr'><strong><em>formula</em></strong></span> <span class='ocrx_word' id='word_1_51' title='bbox 2055 667 2131 741; x_wconf 75' lang='lat' dir='ltr'><strong><em>[pag.</em></strong></span> <span class='ocrx_word' id='word_1_52' title='bbox 2150 666 2229 741; x_wconf 76' lang='lat'><strong>645]</strong></span> 
     </span>
     <span class='ocr_line' id='line_1_5' title="bbox 213 746 2229 833; baseline -0.004 -10"><span class='ocrx_word' id='word_1_53' title='bbox 213 779 254 823; x_wconf 80' lang='lat' dir='ltr'><strong><em>en</em></strong></span> <span class='ocrx_word' id='word_1_54' title='bbox 275 756 485 832; x_wconf 80' lang='lat' dir='ltr'><strong><em>caerenroniis,</em></strong></span> <span class='ocrx_word' id='word_1_55' title='bbox 515 753 604 818; x_wconf 90' lang='lat' dir='ltr'><strong><em>nobis</em></strong></span> <span class='ocrx_word' id='word_1_56' title='bbox 630 772 712 816; x_wconf 90' lang='lat' dir='ltr'><strong><em>nuuc</em></strong></span> <span class='ocrx_word' id='word_1_57' title='bbox 740 755 881 831; x_wconf 83' lang='lat' dir='ltr'><strong><em>superest</em></strong></span> <span class='ocrx_word' id='word_1_58' title='bbox 902 750 1086 833; x_wconf 85' lang='lat' dir='ltr'><strong><em>spiritualis</em></strong></span> <span class='ocrx_word' id='word_1_59' title='bbox 1096 752 1120 825; x_wconf 86' lang='lat'><strong><em>¹)</em></strong></span> <span class='ocrx_word' id='word_1_60' title='bbox 1142 769 1195 812; x_wconf 88' lang='lat' dir='ltr'><strong><em>ra·</em></strong></span> <span class='ocrx_word' id='word_1_61' title='bbox 1246 749 1348 813; x_wconf 82' lang='lat' dir='ltr'><strong><em>and.</em></strong></span> <span class='ocrx_word' id='word_1_62' title='bbox 1372 753 1425 826; x_wconf 89' lang='lat'><strong><em>19,</em></strong></span> <span class='ocrx_word' id='word_1_63' title='bbox 1446 751 1495 811; x_wconf 77' lang='lat'><strong><em>20</em></strong></span> <span class='ocrx_word' id='word_1_64' title='bbox 1516 753 1545 811; x_wconf 89' lang='lat' dir='ltr'><strong><em>et</em></strong></span> <span class='ocrx_word' id='word_1_65' title='bbox 1566 747 1659 813; x_wconf 89' lang='lat' dir='ltr'><strong><em>Dent.</em></strong></span> <span class='ocrx_word' id='word_1_66' title='bbox 1685 752 1714 811; x_wconf 90' lang='grc'><strong><em>5.</em></strong></span> <span class='ocrx_word' id='word_1_67' title='bbox 1762 746 1856 811; x_wconf 89' lang='lat' dir='ltr'><strong><em>Deus</em></strong></span> <span class='ocrx_word' id='word_1_68' title='bbox 1872 748 2041 828; x_wconf 87' lang='lat' dir='ltr'><strong><em>promittit,</em></strong></span> <span class='ocrx_word' id='word_1_69' title='bbox 2064 747 2138 814; x_wconf 87' lang='lat' dir='ltr'><strong><em>illos</em></strong></span> <span class='ocrx_word' id='word_1_70' title='bbox 2158 747 2229 828; x_wconf 74' lang='lat' dir='ltr'><strong><em>sore</em></strong></span> 
     </span>
     <span class='ocr_line' id='line_1_6' title="bbox 213 831 2229 920; baseline -0.005 -12"><span class='ocrx_word' id='word_1_71' title='bbox 213 842 381 908; x_wconf 88' lang='lat' dir='ltr'><strong><em>tiocinatio.</em></strong></span> <span class='ocrx_word' id='word_1_72' title='bbox 429 837 576 920; x_wconf 74' lang='lat' dir='ltr'><strong><em>Superest</em></strong></span> <span class='ocrx_word' id='word_1_73' title='bbox 596 839 726 919; x_wconf 79' lang='lat' dir='ltr'><strong><em>capnitio</em></strong></span> <span class='ocrx_word' id='word_1_74' title='bbox 754 836 874 915; x_wconf 90' lang='lat' dir='ltr'><strong><em>impleti</em></strong></span> <span class='ocrx_word' id='word_1_75' title='bbox 895 835 1044 917; x_wconf 77' lang='lat' dir='ltr'><strong><em>mysterii,</em></strong></span> <span class='ocrx_word' id='word_1_76' title='bbox 1079 839 1106 898; x_wconf 88' lang='lat' dir='ltr'><strong><em>et</em></strong></span> <span class='ocrx_word' id='word_1_77' title='bbox 1127 853 1193 917; x_wconf 79' lang='lat' dir='ltr'><strong><em>cop-</em></strong></span> <span class='ocrx_word' id='word_1_78' title='bbox 1245 832 1308 899; x_wconf 84' lang='lat' dir='ltr'><strong><em>eibi</em></strong></span> <span class='ocrx_word' id='word_1_79' title='bbox 1324 833 1490 913; x_wconf 88' lang='lat' dir='ltr'><strong><em>populum,</em></strong></span> <span class='ocrx_word' id='word_1_80' title='bbox 1512 834 1542 896; x_wconf 90' lang='lat' dir='ltr'><strong><em>si</em></strong></span> <span class='ocrx_word' id='word_1_81' title='bbox 1560 853 1597 897; x_wconf 91' lang='lat' dir='ltr'><strong><em>ea</em></strong></span> <span class='ocrx_word' id='word_1_82' title='bbox 1615 833 1716 896; x_wconf 88' lang='lat' dir='ltr'><strong><em>decem</em></strong></span> <span class='ocrx_word' id='word_1_83' title='bbox 1732 832 1825 896; x_wconf 86' lang='lat' dir='ltr'><strong><em>uerba</em></strong></span> <span class='ocrx_word' id='word_1_84' title='bbox 1839 833 1971 913; x_wconf 69' lang='lat' dir='ltr'><strong><em>faciant.</em></strong></span> <span class='ocrx_word' id='word_1_85' title='bbox 1995 831 2021 896; x_wconf 93' lang='lat' dir='ltr'><strong><em>I</em></strong></span> <span class='ocrx_word' id='word_1_86' title='bbox 2022 833 2059 897; x_wconf 79' lang='lat' dir='ltr'><strong><em>hi</em></strong></span> <span class='ocrx_word' id='word_1_87' title='bbox 2077 853 2115 896; x_wconf 90' lang='lat' dir='ltr'><strong><em>ea</em></strong></span> <span class='ocrx_word' id='word_1_88' title='bbox 2132 832 2229 898; x_wconf 85' lang='lat' dir='ltr'><strong><em>verba</em></strong></span> 
     </span>
     <span class='ocr_line' id='line_1_7' title="bbox 213 917 2230 1007; baseline -0.005 -14"><span class='ocrx_word' id='word_1_89' title='bbox 213 929 292 993; x_wconf 87' lang='lat' dir='ltr'><strong><em>nitio</em></strong></span> <span class='ocrx_word' id='word_1_90' title='bbox 320 926 454 1007; x_wconf 85' lang='lat' dir='ltr'><strong><em>peceati:</em></strong></span> <span class='ocrx_word' id='word_1_91' title='bbox 487 944 584 1005; x_wconf 81' lang='lat' dir='ltr'><strong><em>quam</em></strong></span> <span class='ocrx_word' id='word_1_92' title='bbox 617 925 712 987; x_wconf 90' lang='lat' dir='ltr'><strong><em>etiam</em></strong></span> <span class='ocrx_word' id='word_1_93' title='bbox 738 922 937 1004; x_wconf 76' lang='lat' dir='ltr'><strong><em>capnitionem</em></strong></span> <span class='ocrx_word' id='word_1_94' title='bbox 963 920 1138 983; x_wconf 73' lang='lat' dir='ltr'><strong><em>uberiorem</em></strong></span> <span class='ocrx_word' id='word_1_95' title='bbox 1159 920 1195 983; x_wconf 88' lang='lat' dir='ltr'><strong><em>in</em></strong></span> <span class='ocrx_word' id='word_1_96' title='bbox 1246 938 1279 983; x_wconf 91' lang='lat' dir='ltr'><strong><em>se</em></strong></span> <span class='ocrx_word' id='word_1_97' title='bbox 1298 918 1438 1001; x_wconf 83' lang='lat' dir='ltr'><strong><em>facturos</em></strong></span> <span class='ocrx_word' id='word_1_98' title='bbox 1460 919 1616 998; x_wconf 87' lang='lat' dir='ltr'><strong><em>recipiunt</em></strong></span> <span class='ocrx_word' id='word_1_99' title='bbox 1637 923 1666 982; x_wconf 88' lang='lat' dir='ltr'><strong><em>et</em></strong></span> <span class='ocrx_word' id='word_1_100' title='bbox 1680 918 1876 999; x_wconf 88' lang='lat' dir='ltr'><strong><em>promittuut.</em></strong></span> <span class='ocrx_word' id='word_1_101' title='bbox 1921 917 2001 982; x_wconf 85' lang='lat' dir='ltr'><strong><em>Eece</em></strong></span> <span class='ocrx_word' id='word_1_102' title='bbox 2021 918 2142 1000; x_wconf 73' lang='lat' dir='ltr'><strong><em>foedus.</em></strong></span> <span class='ocrx_word' id='word_1_103' title='bbox 2185 918 2230 983; x_wconf 91' lang='lat' dir='ltr'><strong><em>Id</em></strong></span> 
     </span>
     <span class='ocr_line' id='line_1_8' title="bbox 213 1002 2229 1093; baseline -0.006 -13"><span class='ocrx_word' id='word_1_104' title='bbox 213 1013 303 1080; x_wconf 90' lang='lat' dir='ltr'><strong><em>nobis</em></strong></span> <span class='ocrx_word' id='word_1_105' title='bbox 322 1011 402 1093; x_wconf 79' lang='lat' dir='ltr'><strong><em>facit</em></strong></span> <span class='ocrx_word' id='word_1_106' title='bbox 422 1029 505 1074; x_wconf 87' lang='lat' dir='ltr'><strong><em>nune</em></strong></span> <span class='ocrx_word' id='word_1_107' title='bbox 524 1009 659 1089; x_wconf 87' lang='lat' dir='ltr'><strong><em>spiritus</em></strong></span> <span class='ocrx_word' id='word_1_108' title='bbox 682 1012 811 1072; x_wconf 89' lang='lat' dir='ltr'><strong><em>sanctus</em></strong></span> <span class='ocrx_word' id='word_1_109' title='bbox 832 1005 1053 1071; x_wconf 86' lang='lat' dir='ltr'><strong><em>uniuersaliter</em></strong></span> <span class='ocrx_word' id='word_1_110' title='bbox 1074 1004 1193 1081; x_wconf 77' lang='lat' dir='ltr'><strong><em>aues,</em></strong></span> <span class='ocrx_word' id='word_1_111' title='bbox 1246 1005 1352 1085; x_wconf 89' lang='lat' dir='ltr'><strong><em>ipsum</em></strong></span> <span class='ocrx_word' id='word_1_112' title='bbox 1371 1003 1483 1084; x_wconf 79' lang='lat' dir='ltr'><strong><em>foedus</em></strong></span> <span class='ocrx_word' id='word_1_113' title='bbox 1509 1008 1555 1067; x_wconf 88' lang='lat' dir='ltr'><strong><em>est</em></strong></span> <span class='ocrx_word' id='word_1_114' title='bbox 1579 1007 1687 1084; x_wconf 90' lang='lat' dir='ltr'><strong><em>postea</em></strong></span> <span class='ocrx_word' id='word_1_115' title='bbox 1713 1003 1886 1083; x_wconf 89' lang='lat' dir='ltr'><strong><em>repetitum,</em></strong></span> <span class='ocrx_word' id='word_1_116' title='bbox 1920 1008 1948 1068; x_wconf 90' lang='lat' dir='ltr'><strong><em>et</em></strong></span> <span class='ocrx_word' id='word_1_117' title='bbox 1979 1003 2027 1066; x_wconf 89' lang='lat' dir='ltr'><strong><em>ita</em></strong></span> <span class='ocrx_word' id='word_1_118' title='bbox 2058 1023 2130 1068; x_wconf 91' lang='lat' dir='ltr'><strong><em>curn</em></strong></span> <span class='ocrx_word' id='word_1_119' title='bbox 2157 1002 2229 1068; x_wconf 89' lang='lat' dir='ltr'><strong><em>Deo</em></strong></span> 
     </span>
     <span class='ocr_line' id='line_1_9' title="bbox 214 1086 2231 1178; baseline -0.004 -15"><span class='ocrx_word' id='word_1_120' title='bbox 214 1097 321 1164; x_wconf 89' lang='lat' dir='ltr'><strong><em>omnia</em></strong></span> <span class='ocrx_word' id='word_1_121' title='bbox 347 1117 445 1178; x_wconf 88' lang='lat' dir='ltr'><strong><em>opera</em></strong></span> <span class='ocrx_word' id='word_1_122' title='bbox 473 1095 579 1159; x_wconf 89' lang='lat' dir='ltr'><strong><em>carnis</em></strong></span> <span class='ocrx_word' id='word_1_123' title='bbox 607 1113 672 1159; x_wconf 88' lang='lat' dir='ltr'><strong><em>esse</em></strong></span> <span class='ocrx_word' id='word_1_124' title='bbox 696 1096 832 1174; x_wconf 85' lang='lat' dir='ltr'><strong><em>peccata.</em></strong></span> <span class='ocrx_word' id='word_1_125' title='bbox 880 1090 952 1154; x_wconf 87' lang='lat' dir='ltr'><strong><em>Non</em></strong></span> <span class='ocrx_word' id='word_1_126' title='bbox 981 1088 1082 1154; x_wconf 88' lang='lat' dir='ltr'><strong><em>solum</em></strong></span> <span class='ocrx_word' id='word_1_127' title='bbox 1116 1086 1194 1170; x_wconf 78' lang='lat' dir='ltr'><strong><em>lepis</em></strong></span> <span class='ocrx_word' id='word_1_128' title='bbox 1240 1089 1362 1171; x_wconf 73' lang='lat' dir='ltr'><strong><em>pepipit</em></strong></span> <span class='ocrx_word' id='word_1_129' title='bbox 1381 1088 1522 1170; x_wconf 85' lang='lat' dir='ltr'><strong><em>populns</em></strong></span> <span class='ocrx_word' id='word_1_130' title='bbox 1549 1087 1643 1152; x_wconf 89' lang='lat' dir='ltr'><strong><em>Dent.</em></strong></span> <span class='ocrx_word' id='word_1_131' title='bbox 1672 1093 1736 1167; x_wconf 82' lang='lat'><strong><em>29,</em></strong></span> <span class='ocrx_word' id='word_1_132' title='bbox 1766 1086 1861 1152; x_wconf 86' lang='lat' dir='ltr'><strong><em>Iasae</em></strong></span> <span class='ocrx_word' id='word_1_133' title='bbox 1881 1091 1943 1166; x_wconf 82' lang='lat'><strong><em>24,</em></strong></span> <span class='ocrx_word' id='word_1_134' title='bbox 1972 1089 2081 1169; x_wconf 77' lang='lat' dir='ltr'><strong><em>quarti</em></strong></span> <span class='ocrx_word' id='word_1_135' title='bbox 2104 1088 2231 1172; x_wconf 70' lang='lat' dir='ltr'><strong><em>Repum</em></strong></span> 
     </span>
     <span class='ocr_line' id='line_1_10' title="bbox 214 1173 2228 1262; baseline -0.003 -14"><span class='ocrx_word' id='word_1_136' title='bbox 214 1184 306 1249; x_wconf 82' lang='lat' dir='ltr'><strong><em>illins</em></strong></span> <span class='ocrx_word' id='word_1_137' title='bbox 325 1182 461 1262; x_wconf 77' lang='lat' dir='ltr'><strong><em>scriptae</em></strong></span> <span class='ocrx_word' id='word_1_138' title='bbox 483 1182 547 1244; x_wconf 90' lang='lat' dir='ltr'><strong><em>oim</em></strong></span> <span class='ocrx_word' id='word_1_139' title='bbox 568 1184 597 1243; x_wconf 90' lang='lat' dir='ltr'><strong><em>et</em></strong></span> <span class='ocrx_word' id='word_1_140' title='bbox 618 1180 727 1261; x_wconf 80' lang='lat' dir='ltr'><strong><em>iupurn</em></strong></span> <span class='ocrx_word' id='word_1_141' title='bbox 747 1176 875 1242; x_wconf 88' lang='lat' dir='ltr'><strong><em>sustulit</em></strong></span> <span class='ocrx_word' id='word_1_142' title='bbox 898 1174 1058 1240; x_wconf 86' lang='lat' dir='ltr'><strong><em>Christus:</em></strong></span> <span class='ocrx_word' id='word_1_143' title='bbox 1091 1174 1146 1237; x_wconf 90' lang='lat' dir='ltr'><strong><em>sed</em></strong></span> <span class='ocrx_word' id='word_1_144' title='bbox 1167 1177 1194 1236; x_wconf 92' lang='lat' dir='ltr'><strong><em>et</em></strong></span> <span class='ocrx_word' id='word_1_145' title='bbox 1245 1179 1308 1252; x_wconf 82' lang='lat'><strong><em>23,</em></strong></span> <span class='ocrx_word' id='word_1_146' title='bbox 1329 1174 1459 1237; x_wconf 88' lang='lat' dir='ltr'><strong><em>secundi</em></strong></span> <span class='ocrx_word' id='word_1_147' title='bbox 1481 1173 1627 1254; x_wconf 86' lang='lat' dir='ltr'><strong><em>Paralip.</em></strong></span> <span class='ocrx_word' id='word_1_148' title='bbox 1649 1176 1710 1251; x_wconf 81' lang='lat'><strong><em>29,</em></strong></span> <span class='ocrx_word' id='word_1_149' title='bbox 1734 1178 1780 1237; x_wconf 77' lang='lat'><strong><em>34</em></strong></span> <span class='ocrx_word' id='word_1_150' title='bbox 1807 1178 1835 1237; x_wconf 91' lang='lat' dir='ltr'><strong><em>et</em></strong></span> <span class='ocrx_word' id='word_1_151' title='bbox 1854 1173 2017 1255; x_wconf 75' lang='lat' dir='ltr'><strong><em>plerisque</em></strong></span> <span class='ocrx_word' id='word_1_152' title='bbox 2043 1174 2120 1239; x_wconf 88' lang='lat' dir='ltr'><strong><em>aliis</em></strong></span> <span class='ocrx_word' id='word_1_153' title='bbox 2142 1175 2228 1241; x_wconf 76' lang='lat' dir='ltr'><strong><em>locis</em></strong></span> 
     </span>
     <span class='ocr_line' id='line_1_11' title="bbox 213 1258 2230 1348; baseline -0.005 -15"><span class='ocrx_word' id='word_1_154' title='bbox 213 1273 322 1336; x_wconf 87' lang='lat' dir='ltr'><strong><em>eontra</em></strong></span> <span class='ocrx_word' id='word_1_155' title='bbox 343 1267 438 1348; x_wconf 77' lang='lat' dir='ltr'><strong><em>lepem</em></strong></span> <span class='ocrx_word' id='word_1_156' title='bbox 459 1264 539 1328; x_wconf 88' lang='lat' dir='ltr'><strong><em>hauc</em></strong></span> <span class='ocrx_word' id='word_1_157' title='bbox 565 1264 694 1346; x_wconf 70' lang='lat' dir='ltr'><strong><em>peremi,</em></strong></span> <span class='ocrx_word' id='word_1_158' title='bbox 726 1284 806 1344; x_wconf 80' lang='lat' dir='ltr'><strong><em>quae</em></strong></span> <span class='ocrx_word' id='word_1_159' title='bbox 831 1267 876 1327; x_wconf 88' lang='lat' dir='ltr'><strong><em>est</em></strong></span> <span class='ocrx_word' id='word_1_160' title='bbox 897 1260 1044 1324; x_wconf 89' lang='lat' dir='ltr'><strong><em>membris</em></strong></span> <span class='ocrx_word' id='word_1_161' title='bbox 1075 1259 1195 1323; x_wconf 89' lang='lat' dir='ltr'><strong><em>nostris</em></strong></span> <span class='ocrx_word' id='word_1_162' title='bbox 1247 1259 1316 1323; x_wconf 90' lang='lat' dir='ltr'><strong><em>Hoc</em></strong></span> <span class='ocrx_word' id='word_1_163' title='bbox 1347 1258 1447 1323; x_wconf 88' lang='lat' dir='ltr'><strong><em>decem</em></strong></span> <span class='ocrx_word' id='word_1_164' title='bbox 1480 1259 1641 1323; x_wconf 82' lang='lat' dir='ltr'><strong><em>oerbmmn</em></strong></span> <span class='ocrx_word' id='word_1_165' title='bbox 1671 1259 1791 1341; x_wconf 74' lang='lat' dir='ltr'><strong><em>foedus,</em></strong></span> <span class='ocrx_word' id='word_1_166' title='bbox 1825 1258 1929 1340; x_wconf 76' lang='lat' dir='ltr'><strong><em>inanit</em></strong></span> <span class='ocrx_word' id='word_1_167' title='bbox 1948 1258 2048 1338; x_wconf 89' lang='lat' dir='ltr'><strong><em>Dens,</em></strong></span> <span class='ocrx_word' id='word_1_168' title='bbox 2075 1260 2230 1342; x_wconf 76' lang='lat' dir='ltr'><strong><em>pepipi1)</em></strong></span> 
     </span>
     <span class='ocr_line' id='line_1_12' title="bbox 214 1343 2229 1431; baseline -0.004 -13"><span class='ocrx_word' id='word_1_169' title='bbox 214 1355 335 1431; x_wconf 90' lang='lat' dir='ltr'><strong><em>innata,</em></strong></span> <span class='ocrx_word' id='word_1_170' title='bbox 368 1350 511 1416; x_wconf 88' lang='lat' dir='ltr'><strong><em>ualidum</em></strong></span> <span class='ocrx_word' id='word_1_171' title='bbox 536 1349 622 1414; x_wconf 82' lang='lat' dir='ltr'><strong><em>datii</em></strong></span> <span class='ocrx_word' id='word_1_172' title='bbox 653 1348 903 1429; x_wconf 72' lang='lat' dir='ltr'><strong><em>mortificationis</em></strong></span> <span class='ocrx_word' id='word_1_173' title='bbox 934 1346 1069 1428; x_wconf 87' lang='lat' dir='ltr'><strong><em>spiritus</em></strong></span> <span class='ocrx_word' id='word_1_174' title='bbox 1101 1343 1194 1407; x_wconf 80' lang='lat' dir='ltr'><strong><em>anei</em></strong></span> <span class='ocrx_word' id='word_1_175' title='bbox 1246 1363 1317 1409; x_wconf 86' lang='lat' dir='ltr'><strong><em>cum</em></strong></span> <span class='ocrx_word' id='word_1_176' title='bbox 1332 1343 1483 1425; x_wconf 87' lang='lat' dir='ltr'><strong><em>patribus</em></strong></span> <span class='ocrx_word' id='word_1_177' title='bbox 1503 1345 1625 1422; x_wconf 84' lang='lat' dir='ltr'><strong><em>nestris,</em></strong></span> <span class='ocrx_word' id='word_1_178' title='bbox 1660 1345 1775 1422; x_wconf 89' lang='lat' dir='ltr'><strong><em>dicens,</em></strong></span> <span class='ocrx_word' id='word_1_179' title='bbox 1810 1343 1965 1409; x_wconf 83' lang='lat' dir='ltr'><strong><em>ambulate</em></strong></span> <span class='ocrx_word' id='word_1_180' title='bbox 1994 1345 2029 1409; x_wconf 92' lang='lat' dir='ltr'><strong><em>in</em></strong></span> <span class='ocrx_word' id='word_1_181' title='bbox 2044 1346 2229 1425; x_wconf 84' lang='lat' dir='ltr'><strong><em>praeceptis</em></strong></span> 
     </span>
    </p>
   </div>
   <div class='ocr_carea' id='block_1_3' title="bbox 84 1427 2231 1515">
    <p class='ocr_par' dir='ltr' id='par_1_3' title="bbox 84 1427 2231 1515">
     <span class='ocr_line' id='line_1_13' title="bbox 84 1427 2231 1515; baseline -0.005 -9"><span class='ocrx_word' id='word_1_182' title='bbox 84 1503 87 1506; x_wconf 20' lang='lat'><em>⁴</em></span> <span class='ocrx_word' id='word_1_183' title='bbox 214 1438 301 1503; x_wconf 89' lang='lat' dir='ltr'><strong><em>lium.</em></strong></span> <span class='ocrx_word' id='word_1_184' title='bbox 354 1436 415 1501; x_wconf 88' lang='lat' dir='ltr'><strong><em>Vos</em></strong></span> <span class='ocrx_word' id='word_1_185' title='bbox 443 1437 524 1499; x_wconf 86' lang='lat' dir='ltr'><strong><em>iuter</em></strong></span> <span class='ocrx_word' id='word_1_186' title='bbox 552 1434 611 1498; x_wconf 80' lang='lat' dir='ltr'><strong><em>has</em></strong></span> <span class='ocrx_word' id='word_1_187' title='bbox 632 1435 715 1498; x_wconf 83' lang='lat' dir='ltr'><strong><em>duas</em></strong></span> <span class='ocrx_word' id='word_1_188' title='bbox 742 1433 830 1515; x_wconf 74' lang='lat' dir='ltr'><strong><em>iopes,</em></strong></span> <span class='ocrx_word' id='word_1_189' title='bbox 863 1431 958 1514; x_wconf 75' lang='lat' dir='ltr'><strong><em>lepem</em></strong></span> <span class='ocrx_word' id='word_1_190' title='bbox 989 1429 1193 1494; x_wconf 79' lang='lat' dir='ltr'><strong><em>numbrmnm</em></strong></span> <span class='ocrx_word' id='word_1_191' title='bbox 1245 1431 1332 1507; x_wconf 78' lang='lat' dir='ltr'><strong><em>uuis,</em></strong></span> <span class='ocrx_word' id='word_1_192' title='bbox 1362 1434 1462 1493; x_wconf 88' lang='lat' dir='ltr'><strong><em>etero</em></strong></span> <span class='ocrx_word' id='word_1_193' title='bbox 1484 1427 1575 1493; x_wconf 67' lang='lat' dir='ltr'><strong><em>Deris</em></strong></span> <span class='ocrx_word' id='word_1_194' title='bbox 1594 1435 1695 1494; x_wconf 88' lang='lat' dir='ltr'><strong><em>aester</em></strong></span> <span class='ocrx_word' id='word_1_195' title='bbox 1715 1428 1793 1505; x_wconf 85' lang='lat' dir='ltr'><strong><em>(Ier.</em></strong></span> <span class='ocrx_word' id='word_1_196' title='bbox 1819 1434 1840 1492; x_wconf 85' lang='lat'><em>7</em></span> <span class='ocrx_word' id='word_1_197' title='bbox 1863 1434 1891 1493; x_wconf 87' lang='lat' dir='ltr'><strong><em>et</em></strong></span> <span class='ocrx_word' id='word_1_198' title='bbox 1915 1434 1983 1508; x_wconf 87' lang='lat'><strong><em>11).</em></strong></span> <span class='ocrx_word' id='word_1_199' title='bbox 2033 1430 2101 1495; x_wconf 88' lang='lat' dir='ltr'><strong><em>Hoc</em></strong></span> <span class='ocrx_word' id='word_1_200' title='bbox 2123 1435 2231 1495; x_wconf 71' lang='lat' dir='ltr'><strong><em>auum</em></strong></span> 
     </span>
    </p>
   </div>
   <div class='ocr_carea' id='block_1_4' title="bbox 214 1512 2298 3048">
    <p class='ocr_par' dir='ltr' id='par_1_4' title="bbox 214 1512 2298 2794">
     <span class='ocr_line' id='line_1_14' title="bbox 215 1512 2230 1603; baseline -0.004 -15"><span class='ocrx_word' id='word_1_201' title='bbox 215 1525 368 1596; x_wconf 86' lang='lat' dir='ltr'><strong><em>innatam,</em></strong></span> <span class='ocrx_word' id='word_1_202' title='bbox 391 1527 420 1586; x_wconf 88' lang='lat' dir='ltr'><strong><em>et</em></strong></span> <span class='ocrx_word' id='word_1_203' title='bbox 440 1521 534 1603; x_wconf 77' lang='lat' dir='ltr'><strong><em>lepem</em></strong></span> <span class='ocrx_word' id='word_1_204' title='bbox 556 1518 774 1583; x_wconf 75' lang='lat' dir='ltr'><strong><em>mandaterum</em></strong></span> <span class='ocrx_word' id='word_1_205' title='bbox 795 1516 1040 1598; x_wconf 87' lang='lat' dir='ltr'><strong><em>superadditam,</em></strong></span> <span class='ocrx_word' id='word_1_206' title='bbox 1063 1515 1108 1578; x_wconf 89' lang='lat' dir='ltr'><strong><em>ibi</em></strong></span> <span class='ocrx_word' id='word_1_207' title='bbox 1130 1533 1195 1577; x_wconf 88' lang='lat' dir='ltr'><strong><em>non</em></strong></span> <span class='ocrx_word' id='word_1_208' title='bbox 1244 1515 1356 1596; x_wconf 69' lang='lat' dir='ltr'><strong><em>foedus</em></strong></span> <span class='ocrx_word' id='word_1_209' title='bbox 1384 1514 1540 1579; x_wconf 87' lang='lat' dir='ltr'><strong><em>sublatum</em></strong></span> <span class='ocrx_word' id='word_1_210' title='bbox 1574 1515 1659 1578; x_wconf 88' lang='lat' dir='ltr'><strong><em>docet</em></strong></span> <span class='ocrx_word' id='word_1_211' title='bbox 1685 1514 1770 1578; x_wconf 89' lang='lat' dir='ltr'><strong><em>idern</em></strong></span> <span class='ocrx_word' id='word_1_212' title='bbox 1797 1512 1953 1579; x_wconf 90' lang='lat' dir='ltr'><strong><em>Ieremias</em></strong></span> <span class='ocrx_word' id='word_1_213' title='bbox 1980 1515 2060 1580; x_wconf 88' lang='lat' dir='ltr'><strong><em>dieto</em></strong></span> <span class='ocrx_word' id='word_1_214' title='bbox 2087 1536 2158 1596; x_wconf 91' lang='lat' dir='ltr'><strong><em>cap.</em></strong></span> <span class='ocrx_word' id='word_1_215' title='bbox 2182 1519 2230 1581; x_wconf 87' lang='lat'><strong><em>31</em></strong></span> 
     </span>
     <span class='ocr_line' id='line_1_15' title="bbox 215 1598 2230 1687; baseline -0.005 -12"><span class='ocrx_word' id='word_1_216' title='bbox 215 1607 409 1676; x_wconf 79' lang='lat' dir='ltr'><strong><em>discernitis:</em></strong></span> <span class='ocrx_word' id='word_1_217' title='bbox 429 1624 529 1687; x_wconf 80' lang='lat' dir='ltr'><strong><em>quum</em></strong></span> <span class='ocrx_word' id='word_1_218' title='bbox 549 1603 674 1669; x_wconf 85' lang='lat' dir='ltr'><strong><em>Paulus</em></strong></span> <span class='ocrx_word' id='word_1_219' title='bbox 695 1603 739 1667; x_wconf 88' lang='lat' dir='ltr'><strong><em>ibi</em></strong></span> <span class='ocrx_word' id='word_1_220' title='bbox 757 1603 922 1681; x_wconf 79' lang='lat' dir='ltr'><strong><em>dismrnat,</em></strong></span> <span class='ocrx_word' id='word_1_221' title='bbox 940 1601 1073 1665; x_wconf 87' lang='lat' dir='ltr'><strong><em>alteram</em></strong></span> <span class='ocrx_word' id='word_1_222' title='bbox 1090 1599 1194 1663; x_wconf 89' lang='lat' dir='ltr'><strong><em>dicens</em></strong></span> <span class='ocrx_word' id='word_1_223' title='bbox 1245 1605 1272 1664; x_wconf 86' lang='lat' dir='ltr'><strong><em>et</em></strong></span> <span class='ocrx_word' id='word_1_224' title='bbox 1293 1598 1451 1679; x_wconf 83' lang='lat' dir='ltr'><strong><em>apostolus</em></strong></span> <span class='ocrx_word' id='word_1_225' title='bbox 1474 1599 1567 1683; x_wconf 86' lang='lat' dir='ltr'><strong><em>(Heb.</em></strong></span> <span class='ocrx_word' id='word_1_226' title='bbox 1591 1605 1636 1675; x_wconf 85' lang='grc'><strong><em>8).</em></strong></span> <span class='ocrx_word' id='word_1_227' title='bbox 1681 1598 1725 1663; x_wconf 91' lang='lat' dir='ltr'><strong><em>Id</em></strong></span> <span class='ocrx_word' id='word_1_228' title='bbox 1754 1601 1859 1679; x_wconf 64' lang='lat' dir='ltr'><strong><em>ursum</em></strong></span> <span class='ocrx_word' id='word_1_229' title='bbox 1881 1600 1915 1663; x_wconf 92' lang='lat' dir='ltr'><strong><em>in</em></strong></span> <span class='ocrx_word' id='word_1_230' title='bbox 1936 1599 2053 1665; x_wconf 77' lang='lat' dir='ltr'><strong><em>tabudis</em></strong></span> <span class='ocrx_word' id='word_1_231' title='bbox 2074 1602 2230 1681; x_wconf 84' lang='lat' dir='ltr'><strong><em>scriptum</em></strong></span> 
     </span>
     <span class='ocr_line' id='line_1_16' title="bbox 215 1682 2231 1769; baseline -0.004 -11"><span class='ocrx_word' id='word_1_232' title='bbox 215 1693 308 1758; x_wconf 82' lang='lat' dir='ltr'><strong><em>alteri</em></strong></span> <span class='ocrx_word' id='word_1_233' title='bbox 339 1691 546 1757; x_wconf 86' lang='lat' dir='ltr'><strong><em>contrariam:</em></strong></span> <span class='ocrx_word' id='word_1_234' title='bbox 577 1688 708 1754; x_wconf 78' lang='lat' dir='ltr'><strong><em>aberam</em></strong></span> <span class='ocrx_word' id='word_1_235' title='bbox 735 1707 904 1769; x_wconf 77' lang='lat' dir='ltr'><strong><em>superesse,</em></strong></span> <span class='ocrx_word' id='word_1_236' title='bbox 931 1687 1062 1751; x_wconf 69' lang='lat' dir='ltr'><strong><em>duram</em></strong></span> <span class='ocrx_word' id='word_1_237' title='bbox 1090 1682 1194 1748; x_wconf 87' lang='lat' dir='ltr'><strong><em>subla·</em></strong></span> <span class='ocrx_word' id='word_1_238' title='bbox 1244 1684 1364 1767; x_wconf 77' lang='lat' dir='ltr'><strong><em>foedus,</em></strong></span> <span class='ocrx_word' id='word_1_239' title='bbox 1392 1685 1474 1765; x_wconf 78' lang='lat' dir='ltr'><strong><em>qnod</em></strong></span> <span class='ocrx_word' id='word_1_240' title='bbox 1495 1684 1545 1748; x_wconf 88' lang='lat' dir='ltr'><strong><em>illi</em></strong></span> <span class='ocrx_word' id='word_1_241' title='bbox 1565 1705 1599 1748; x_wconf 90' lang='lat' dir='ltr'><strong><em>se</em></strong></span> <span class='ocrx_word' id='word_1_242' title='bbox 1619 1690 1797 1749; x_wconf 84' lang='lat' dir='ltr'><strong><em>servaturos</em></strong></span> <span class='ocrx_word' id='word_1_243' title='bbox 1813 1685 2032 1766; x_wconf 88' lang='lat' dir='ltr'><strong><em>promiserant,</em></strong></span> <span class='ocrx_word' id='word_1_244' title='bbox 2068 1685 2231 1750; x_wconf 87' lang='lat' dir='ltr'><strong><em>subtatum</em></strong></span> 
     </span>
     <span class='ocr_line' id='line_1_17' title="bbox 215 1765 2230 1856; baseline -0.003 -13"><span class='ocrx_word' id='word_1_245' title='bbox 215 1784 281 1844; x_wconf 92' lang='lat' dir='ltr'><strong><em>tam</em></strong></span> <span class='ocrx_word' id='word_1_246' title='bbox 320 1781 394 1856; x_wconf 78' lang='lat' dir='ltr'><strong><em>[pag.</em></strong></span> <span class='ocrx_word' id='word_1_247' title='bbox 418 1778 492 1852; x_wconf 82' lang='grc'>644]</span> <span class='ocrx_word' id='word_1_248' title='bbox 532 1794 605 1838; x_wconf 89' lang='lat' dir='ltr'><strong><em>esse.</em></strong></span> <span class='ocrx_word' id='word_1_249' title='bbox 669 1772 808 1839; x_wconf 85' lang='lat' dir='ltr'><strong><em>Pessime</em></strong></span> <span class='ocrx_word' id='word_1_250' title='bbox 846 1793 916 1855; x_wconf 78' lang='lat' dir='ltr'><strong><em>erpo</em></strong></span> <span class='ocrx_word' id='word_1_251' title='bbox 949 1791 1003 1836; x_wconf 90' lang='lat' dir='ltr'><strong><em>oos</em></strong></span> <span class='ocrx_word' id='word_1_252' title='bbox 1041 1769 1195 1834; x_wconf 87' lang='lat' dir='ltr'><strong><em>concludi·</em></strong></span> <span class='ocrx_word' id='word_1_253' title='bbox 1245 1771 1329 1834; x_wconf 87' lang='lat' dir='ltr'><strong><em>docet</em></strong></span> <span class='ocrx_word' id='word_1_254' title='bbox 1345 1769 1489 1834; x_wconf 79' lang='lat' dir='ltr'><strong><em>Eruhid</em></strong></span> <span class='ocrx_word' id='word_1_255' title='bbox 1511 1770 1593 1853; x_wconf 87' lang='lat' dir='ltr'><strong><em>(cap.</em></strong></span> <span class='ocrx_word' id='word_1_256' title='bbox 1617 1769 1685 1853; x_wconf 89' lang='lat'>16).</span> <span class='ocrx_word' id='word_1_257' title='bbox 1710 1768 1749 1834; x_wconf 86' lang='lat' dir='ltr'><strong><em>Si</em></strong></span> <span class='ocrx_word' id='word_1_258' title='bbox 1772 1790 1810 1836; x_wconf 91' lang='lat' dir='ltr'><strong><em>ea</em></strong></span> <span class='ocrx_word' id='word_1_259' title='bbox 1832 1772 1894 1853; x_wconf 79' lang='lat' dir='ltr'><strong><em>lepe</em></strong></span> <span class='ocrx_word' id='word_1_260' title='bbox 1915 1791 1971 1836; x_wconf 90' lang='lat' dir='ltr'><strong><em>uos</em></strong></span> <span class='ocrx_word' id='word_1_261' title='bbox 1991 1788 2075 1837; x_wconf 90' lang='lat' dir='ltr'><strong><em>nunc</em></strong></span> <span class='ocrx_word' id='word_1_262' title='bbox 2095 1771 2132 1835; x_wconf 87' lang='lat' dir='ltr'><strong><em>in</em></strong></span> <span class='ocrx_word' id='word_1_263' title='bbox 2152 1765 2230 1836; x_wconf 75' lang='lat' dir='ltr'><strong><em>siras</em></strong></span> 
     </span>
     <span class='ocr_line' id='line_1_18' title="bbox 216 1853 2230 1942; baseline -0.004 -13"><span class='ocrx_word' id='word_1_264' title='bbox 216 1864 268 1942; x_wconf 90' lang='lat' dir='ltr'><strong><em>tis,</em></strong></span> <span class='ocrx_word' id='word_1_265' title='bbox 290 1861 430 1927; x_wconf 86' lang='lat' dir='ltr'><strong><em>Paulum</em></strong></span> <span class='ocrx_word' id='word_1_266' title='bbox 450 1861 548 1925; x_wconf 89' lang='lat' dir='ltr'><strong><em>teneri</em></strong></span> <span class='ocrx_word' id='word_1_267' title='bbox 570 1860 636 1939; x_wconf 80' lang='lat' dir='ltr'><strong><em>lepe</em></strong></span> <span class='ocrx_word' id='word_1_268' title='bbox 657 1859 887 1937; x_wconf 87' lang='lat' dir='ltr'><strong><em>mandatorum,</em></strong></span> <span class='ocrx_word' id='word_1_269' title='bbox 920 1876 953 1921; x_wconf 93' lang='lat' dir='ltr'><strong><em>eo</em></strong></span> <span class='ocrx_word' id='word_1_270' title='bbox 974 1855 1055 1937; x_wconf 82' lang='lat' dir='ltr'><strong><em>quod</em></strong></span> <span class='ocrx_word' id='word_1_271' title='bbox 1076 1853 1195 1919; x_wconf 76' lang='lat' dir='ltr'><strong><em>tenebo</em></strong></span> <span class='ocrx_word' id='word_1_272' title='bbox 1245 1856 1378 1937; x_wconf 88' lang='lat' dir='ltr'><strong><em>recipiat</em></strong></span> <span class='ocrx_word' id='word_1_273' title='bbox 1399 1853 1491 1919; x_wconf 87' lang='lat' dir='ltr'><strong><em>Deus</em></strong></span> <span class='ocrx_word' id='word_1_274' title='bbox 1511 1876 1545 1920; x_wconf 93' lang='lat' dir='ltr'><strong><em>eo</em></strong></span> <span class='ocrx_word' id='word_1_275' title='bbox 1566 1857 1639 1937; x_wconf 77' lang='lat' dir='ltr'><strong><em>iupa</em></strong></span> <span class='ocrx_word' id='word_1_276' title='bbox 1660 1855 1768 1936; x_wconf 86' lang='lat' dir='ltr'><strong><em>pressi</em></strong></span> <span class='ocrx_word' id='word_1_277' title='bbox 1802 1856 1949 1921; x_wconf 88' lang='lat' dir='ltr'><strong><em>similiter</em></strong></span> <span class='ocrx_word' id='word_1_278' title='bbox 1975 1857 2166 1936; x_wconf 87' lang='lat' dir='ltr'><strong><em>periremus,</em></strong></span> <span class='ocrx_word' id='word_1_279' title='bbox 2202 1859 2230 1920; x_wconf 83' lang='lat' dir='ltr'><strong><em>et</em></strong></span> 
     </span>
     <span class='ocr_line' id='line_1_19' title="bbox 215 1940 2227 2031; baseline -0.004 -18"><span class='ocrx_word' id='word_1_280' title='bbox 215 1953 268 2014; x_wconf 86' lang='lat' dir='ltr'><strong><em>tur</em></strong></span> <span class='ocrx_word' id='word_1_281' title='bbox 288 1947 351 2031; x_wconf 77' lang='lat' dir='ltr'><strong><em>leae</em></strong></span> <span class='ocrx_word' id='word_1_282' title='bbox 372 1946 587 2011; x_wconf 89' lang='lat' dir='ltr'><strong><em>membrorum.</em></strong></span> <span class='ocrx_word' id='word_1_283' title='bbox 637 1944 687 2007; x_wconf 85' lang='lat' dir='ltr'><strong><em>Ab</em></strong></span> <span class='ocrx_word' id='word_1_284' title='bbox 720 1943 778 2009; x_wconf 90' lang='lat' dir='ltr'><strong><em>hae</em></strong></span> <span class='ocrx_word' id='word_1_285' title='bbox 805 1963 867 2006; x_wconf 88' lang='lat' dir='ltr'><strong><em>uon</em></strong></span> <span class='ocrx_word' id='word_1_286' title='bbox 893 1946 1020 2021; x_wconf 88' lang='lat' dir='ltr'><strong><em>poterat</em></strong></span> <span class='ocrx_word' id='word_1_287' title='bbox 1051 1940 1193 2018; x_wconf 83' lang='lat' dir='ltr'><strong><em>liberari,</em></strong></span> <span class='ocrx_word' id='word_1_288' title='bbox 1246 1959 1384 2005; x_wconf 88' lang='lat' dir='ltr'><strong><em>essemus</em></strong></span> <span class='ocrx_word' id='word_1_289' title='bbox 1402 1940 1459 2005; x_wconf 74' lang='lat' dir='ltr'><strong><em>surb</em></strong></span> <span class='ocrx_word' id='word_1_290' title='bbox 1479 1940 1649 2006; x_wconf 88' lang='lat' dir='ltr'><strong><em>maledieto.</em></strong></span> <span class='ocrx_word' id='word_1_291' title='bbox 1695 1940 1827 2007; x_wconf 76' lang='lat' dir='ltr'><strong><em>Sublata</em></strong></span> <span class='ocrx_word' id='word_1_292' title='bbox 1848 1947 1893 2006; x_wconf 88' lang='lat' dir='ltr'><strong><em>est</em></strong></span> <span class='ocrx_word' id='word_1_293' title='bbox 1913 1961 1984 2024; x_wconf 77' lang='lat' dir='ltr'><strong><em>erpa</em></strong></span> <span class='ocrx_word' id='word_1_294' title='bbox 2005 1940 2057 2005; x_wconf 75' lang='lat' dir='ltr'><strong><em>lea</em></strong></span> <span class='ocrx_word' id='word_1_295' title='bbox 2076 1941 2227 2024; x_wconf 76' lang='lat' dir='ltr'><strong><em>decalopi.</em></strong></span> 
     </span>
     <span class='ocr_line' id='line_1_20' title="bbox 215 2023 2228 2113; baseline -0.004 -14"><span class='ocrx_word' id='word_1_296' title='bbox 215 2033 282 2099; x_wconf 84' lang='lat' dir='ltr'><strong><em>nisi</em></strong></span> <span class='ocrx_word' id='word_1_297' title='bbox 296 2053 359 2113; x_wconf 88' lang='lat' dir='ltr'><strong><em>per</em></strong></span> <span class='ocrx_word' id='word_1_298' title='bbox 375 2035 509 2109; x_wconf 78' lang='lat' dir='ltr'><strong><em>uorum,</em></strong></span> <span class='ocrx_word' id='word_1_299' title='bbox 532 2030 572 2093; x_wconf 90' lang='lat' dir='ltr'><strong><em>ab</em></strong></span> <span class='ocrx_word' id='word_1_300' title='bbox 589 2029 648 2094; x_wconf 87' lang='lat' dir='ltr'><strong><em>illa</em></strong></span> <span class='ocrx_word' id='word_1_301' title='bbox 666 2029 817 2095; x_wconf 91' lang='lat' dir='ltr'><strong><em>liberatus</em></strong></span> <span class='ocrx_word' id='word_1_302' title='bbox 837 2029 904 2091; x_wconf 89' lang='lat' dir='ltr'><strong><em>iam</em></strong></span> <span class='ocrx_word' id='word_1_303' title='bbox 921 2032 988 2091; x_wconf 90' lang='lat' dir='ltr'><strong><em>erat</em></strong></span> <span class='ocrx_word' id='word_1_304' title='bbox 1001 2046 1063 2107; x_wconf 91' lang='lat' dir='ltr'><strong><em>per</em></strong></span> <span class='ocrx_word' id='word_1_305' title='bbox 1083 2023 1194 2092; x_wconf 85' lang='lat' dir='ltr'><strong><em>Chris·</em></strong></span> <span class='ocrx_word' id='word_1_306' title='bbox 1249 2025 1322 2091; x_wconf 87' lang='lat' dir='ltr'><strong><em>Nm</em></strong></span> <span class='ocrx_word' id='word_1_307' title='bbox 1342 2024 1400 2090; x_wconf 88' lang='lat' dir='ltr'><strong><em>sub</em></strong></span> <span class='ocrx_word' id='word_1_308' title='bbox 1420 2045 1454 2090; x_wconf 87' lang='lat' dir='ltr'><strong><em>eo</em></strong></span> <span class='ocrx_word' id='word_1_309' title='bbox 1473 2025 1596 2107; x_wconf 80' lang='lat' dir='ltr'><strong><em>foedere</em></strong></span> <span class='ocrx_word' id='word_1_310' title='bbox 1615 2045 1671 2091; x_wconf 88' lang='lat' dir='ltr'><strong><em>nos</em></strong></span> <span class='ocrx_word' id='word_1_311' title='bbox 1691 2028 1808 2103; x_wconf 72' lang='lat' dir='ltr'><strong><em>nunc2)</em></strong></span> <span class='ocrx_word' id='word_1_312' title='bbox 1841 2029 1876 2092; x_wconf 83' lang='lat' dir='ltr'><strong><em>in·</em></strong></span> <span class='ocrx_word' id='word_1_313' title='bbox 1896 2047 1971 2092; x_wconf 89' lang='lat' dir='ltr'><strong><em>suas</em></strong></span> <span class='ocrx_word' id='word_1_314' title='bbox 1992 2027 2105 2108; x_wconf 86' lang='lat' dir='ltr'><strong><em>recipit</em></strong></span> <span class='ocrx_word' id='word_1_315' title='bbox 2126 2025 2228 2105; x_wconf 87' lang='lat' dir='ltr'><strong><em>Deus,</em></strong></span> 
     </span>
     <span class='ocr_line' id='line_1_21' title="bbox 214 2110 2298 2199; baseline -0.003 -16"><span class='ocrx_word' id='word_1_316' title='bbox 214 2124 289 2183; x_wconf 90' lang='lat' dir='ltr'><strong><em>tum.</em></strong></span> <span class='ocrx_word' id='word_1_317' title='bbox 335 2117 404 2182; x_wconf 91' lang='lat' dir='ltr'><strong><em>Ima</em></strong></span> <span class='ocrx_word' id='word_1_318' title='bbox 426 2121 496 2180; x_wconf 88' lang='lat' dir='ltr'><strong><em>eta</em></strong></span> <span class='ocrx_word' id='word_1_319' title='bbox 522 2119 626 2192; x_wconf 88' lang='lat' dir='ltr'><strong><em>morte,</em></strong></span> <span class='ocrx_word' id='word_1_320' title='bbox 661 2135 741 2196; x_wconf 80' lang='lat' dir='ltr'><strong><em>quae</em></strong></span> <span class='ocrx_word' id='word_1_321' title='bbox 769 2112 953 2195; x_wconf 76' lang='lat' dir='ltr'><strong><em>sequebatur</em></strong></span> <span class='ocrx_word' id='word_1_322' title='bbox 980 2112 1075 2194; x_wconf 78' lang='lat' dir='ltr'><strong><em>lepcm</em></strong></span> <span class='ocrx_word' id='word_1_323' title='bbox 1101 2129 1194 2174; x_wconf 91' lang='lat' dir='ltr'><strong><em>mem-</em></strong></span> <span class='ocrx_word' id='word_1_324' title='bbox 1246 2112 1301 2176; x_wconf 86' lang='lat' dir='ltr'><strong><em>sed</em></strong></span> <span class='ocrx_word' id='word_1_325' title='bbox 1320 2110 1383 2191; x_wconf 68' lang='lat' dir='ltr'><strong><em>pide</em></strong></span> <span class='ocrx_word' id='word_1_326' title='bbox 1402 2110 1470 2199; x_wconf 90' lang='lat' dir='ltr'><strong><em>sola</em></strong></span> <span class='ocrx_word' id='word_1_327' title='bbox 1492 2111 1568 2175; x_wconf 87' lang='lat' dir='ltr'><strong><em>Iesu</em></strong></span> <span class='ocrx_word' id='word_1_328' title='bbox 1592 2110 1719 2190; x_wconf 87' lang='lat' dir='ltr'><strong><em>Christi,</em></strong></span> <span class='ocrx_word' id='word_1_329' title='bbox 1745 2110 1810 2190; x_wconf 74' lang='lat' dir='ltr'><strong><em>diii</em></strong></span> <span class='ocrx_word' id='word_1_330' title='bbox 1837 2112 1948 2177; x_wconf 74' lang='lat' dir='ltr'><strong><em>diluti.</em></strong></span> <span class='ocrx_word' id='word_1_331' title='bbox 1995 2112 2230 2177; x_wconf 74' lang='lat' dir='ltr'><strong><em>Testamentum</em></strong></span> <span class='ocrx_word' id='word_1_332' title='bbox 2278 2142 2298 2152; x_wconf 59' lang='lat'><strong><em>-1</em></strong></span> 
     </span>
     <span class='ocr_line' id='line_1_22' title="bbox 215 2195 2228 2280; baseline -0.004 -11"><span class='ocrx_word' id='word_1_333' title='bbox 215 2204 351 2280; x_wconf 79' lang='lat' dir='ltr'><strong><em>brorum</em></strong></span> <span class='ocrx_word' id='word_1_334' title='bbox 384 2223 417 2266; x_wconf 90' lang='lat' dir='ltr'><strong><em>se</em></strong></span> <span class='ocrx_word' id='word_1_335' title='bbox 446 2202 494 2266; x_wconf 90' lang='lat' dir='ltr'><strong><em>ait</em></strong></span> <span class='ocrx_word' id='word_1_336' title='bbox 522 2202 589 2265; x_wconf 88' lang='lat' dir='ltr'><strong><em>iam</em></strong></span> <span class='ocrx_word' id='word_1_337' title='bbox 610 2199 775 2264; x_wconf 88' lang='lat' dir='ltr'><strong><em>liberatum</em></strong></span> <span class='ocrx_word' id='word_1_338' title='bbox 803 2219 863 2280; x_wconf 88' lang='lat' dir='ltr'><strong><em>per</em></strong></span> <span class='ocrx_word' id='word_1_339' title='bbox 888 2196 1062 2274; x_wconf 74' lang='lat' dir='ltr'><strong><em>Christum,</em></strong></span> <span class='ocrx_word' id='word_1_340' title='bbox 1094 2199 1130 2259; x_wconf 90' lang='lat' dir='ltr'><strong><em>ut</em></strong></span> <span class='ocrx_word' id='word_1_341' title='bbox 1150 2195 1195 2258; x_wconf 87' lang='lat' dir='ltr'><strong><em>ibi</em></strong></span> <span class='ocrx_word' id='word_1_342' title='bbox 1246 2196 1408 2261; x_wconf 86' lang='lat' dir='ltr'><strong><em>servitutis</em></strong></span> <span class='ocrx_word' id='word_1_343' title='bbox 1438 2201 1525 2261; x_wconf 85' lang='lat' dir='ltr'><strong><em>occat</em></strong></span> <span class='ocrx_word' id='word_1_344' title='bbox 1549 2196 1672 2261; x_wconf 83' lang='lat' dir='ltr'><strong><em>Paulus</em></strong></span> <span class='ocrx_word' id='word_1_345' title='bbox 1700 2197 1886 2280; x_wconf 71' lang='lat' dir='ltr'><strong><em>malopem,</em></strong></span> <span class='ocrx_word' id='word_1_346' title='bbox 1922 2197 1958 2260; x_wconf 89' lang='lat' dir='ltr'><strong><em>in</em></strong></span> <span class='ocrx_word' id='word_1_347' title='bbox 1981 2195 2076 2262; x_wconf 82' lang='lat' dir='ltr'><strong><em>Sinai</em></strong></span> <span class='ocrx_word' id='word_1_348' title='bbox 2106 2197 2228 2277; x_wconf 69' lang='lat' dir='ltr'><strong><em>datum</em></strong></span> 
     </span>
     <span class='ocr_line' id='line_1_23' title="bbox 216 2281 2230 2371; baseline -0.004 -15"><span class='ocrx_word' id='word_1_349' title='bbox 216 2289 373 2368; x_wconf 73' lang='lat' dir='ltr'><strong><em>samaa,</em></strong></span> <span class='ocrx_word' id='word_1_350' title='bbox 395 2288 425 2351; x_wconf 88' lang='lat' dir='ltr'><strong><em>ei</em></strong></span> <span class='ocrx_word' id='word_1_351' title='bbox 445 2288 568 2371; x_wconf 75' lang='lat' dir='ltr'><strong><em>pretias</em></strong></span> <span class='ocrx_word' id='word_1_352' title='bbox 589 2306 694 2368; x_wconf 75' lang='lat' dir='ltr'><strong><em>aprus,</em></strong></span> <span class='ocrx_word' id='word_1_353' title='bbox 721 2289 749 2347; x_wconf 90' lang='lat' dir='ltr'><strong><em>et</em></strong></span> <span class='ocrx_word' id='word_1_354' title='bbox 776 2284 898 2349; x_wconf 84' lang='lat' dir='ltr'><strong><em>nullam</em></strong></span> <span class='ocrx_word' id='word_1_355' title='bbox 917 2284 953 2347; x_wconf 90' lang='lat' dir='ltr'><strong><em>in</em></strong></span> <span class='ocrx_word' id='word_1_356' title='bbox 973 2302 1007 2347; x_wconf 85' lang='lat' dir='ltr'><strong><em>se</em></strong></span> <span class='ocrx_word' id='word_1_357' title='bbox 1028 2301 1092 2346; x_wconf 89' lang='lat' dir='ltr'><strong><em>esse</em></strong></span> <span class='ocrx_word' id='word_1_358' title='bbox 1113 2298 1196 2344; x_wconf 90' lang='lat' dir='ltr'><strong><em>nunc</em></strong></span> <span class='ocrx_word' id='word_1_359' title='bbox 1246 2285 1275 2346; x_wconf 90' lang='lat' dir='ltr'><strong><em>et</em></strong></span> <span class='ocrx_word' id='word_1_360' title='bbox 1309 2300 1391 2346; x_wconf 88' lang='lat' dir='ltr'><strong><em>nunc</em></strong></span> <span class='ocrx_word' id='word_1_361' title='bbox 1420 2281 1580 2346; x_wconf 84' lang='lat' dir='ltr'><strong><em>subtatum</em></strong></span> <span class='ocrx_word' id='word_1_362' title='bbox 1610 2282 1734 2361; x_wconf 83' lang='lat' dir='ltr'><strong><em>(Galat.</em></strong></span> <span class='ocrx_word' id='word_1_363' title='bbox 1758 2286 1804 2358; x_wconf 79' lang='grc'><strong><em>4).</em></strong></span> <span class='ocrx_word' id='word_1_364' title='bbox 1856 2281 1950 2347; x_wconf 74' lang='lat' dir='ltr'><strong><em>Nihil</em></strong></span> <span class='ocrx_word' id='word_1_365' title='bbox 1982 2283 2025 2347; x_wconf 89' lang='lat' dir='ltr'><strong><em>ad</em></strong></span> <span class='ocrx_word' id='word_1_366' title='bbox 2052 2282 2230 2365; x_wconf 75' lang='lat' dir='ltr'><strong><em>perfeetum</em></strong></span> 
     </span>
     <span class='ocr_line' id='line_1_24' title="bbox 216 2366 2231 2452; baseline -0.004 -12"><span class='ocrx_word' id='word_1_367' title='bbox 216 2372 499 2441; x_wconf 80' lang='lat' dir='ltr'><strong><em>aondemuatiorum</em></strong></span> <span class='ocrx_word' id='word_1_368' title='bbox 526 2370 672 2452; x_wconf 81' lang='lat' dir='ltr'><strong><em>inferens.</em></strong></span> <span class='ocrx_word' id='word_1_369' title='bbox 724 2368 859 2434; x_wconf 89' lang='lat' dir='ltr'><strong><em>Ratione</em></strong></span> <span class='ocrx_word' id='word_1_370' title='bbox 886 2369 965 2452; x_wconf 79' lang='lat' dir='ltr'><strong><em>lepis</em></strong></span> <span class='ocrx_word' id='word_1_371' title='bbox 991 2367 1196 2431; x_wconf 82' lang='lat' dir='ltr'><strong><em>membrorum</em></strong></span> <span class='ocrx_word' id='word_1_372' title='bbox 1247 2368 1339 2431; x_wconf 82' lang='lat' dir='ltr'><strong><em>ducit</em></strong></span> <span class='ocrx_word' id='word_1_373' title='bbox 1368 2367 1419 2431; x_wconf 79' lang='lat' dir='ltr'><strong><em>lea</em></strong></span> <span class='ocrx_word' id='word_1_374' title='bbox 1443 2367 1503 2432; x_wconf 87' lang='lat' dir='ltr'><strong><em>illa</em></strong></span> <span class='ocrx_word' id='word_1_375' title='bbox 1531 2367 1676 2450; x_wconf 73' lang='grc' dir='ltr'><strong><em>ἅαααῖααὲ,</em></strong></span> <span class='ocrx_word' id='word_1_376' title='bbox 1709 2371 1753 2431; x_wconf 88' lang='lat' dir='ltr'><strong><em>est</em></strong></span> <span class='ocrx_word' id='word_1_377' title='bbox 1781 2367 1880 2451; x_wconf 76' lang='lat' dir='ltr'><strong><em>ipitm</em></strong></span> <span class='ocrx_word' id='word_1_378' title='bbox 1905 2366 2063 2450; x_wconf 76' lang='lat' dir='ltr'><strong><em>abrepata,</em></strong></span> <span class='ocrx_word' id='word_1_379' title='bbox 2095 2374 2231 2450; x_wconf 90' lang='lat' dir='ltr'><strong><em>propter</em></strong></span> 
     </span>
     <span class='ocr_line' id='line_1_25' title="bbox 219 2450 2230 2538; baseline -0.004 -12"><span class='ocrx_word' id='word_1_380' title='bbox 219 2461 322 2527; x_wconf 78' lang='lat' dir='ltr'><strong><em>dicem</em></strong></span> <span class='ocrx_word' id='word_1_381' title='bbox 343 2459 380 2523; x_wconf 91' lang='lat' dir='ltr'><strong><em>de</em></strong></span> <span class='ocrx_word' id='word_1_382' title='bbox 401 2478 435 2522; x_wconf 88' lang='lat' dir='ltr'><strong><em>se</em></strong></span> <span class='ocrx_word' id='word_1_383' title='bbox 455 2460 525 2538; x_wconf 90' lang='lat' dir='ltr'><strong><em>ipso</em></strong></span> <span class='ocrx_word' id='word_1_384' title='bbox 541 2457 661 2538; x_wconf 68' lang='lat' dir='ltr'><strong><em>potul:</em></strong></span> <span class='ocrx_word' id='word_1_385' title='bbox 685 2455 774 2536; x_wconf 79' lang='lat' dir='ltr'><strong><em>Quod</em></strong></span> <span class='ocrx_word' id='word_1_386' title='bbox 794 2454 872 2532; x_wconf 90' lang='lat' dir='ltr'><strong><em>nolo,</em></strong></span> <span class='ocrx_word' id='word_1_387' title='bbox 895 2453 1062 2534; x_wconf 72' lang='lat' dir='ltr'><strong><em>benefacio,</em></strong></span> <span class='ocrx_word' id='word_1_388' title='bbox 1091 2450 1196 2515; x_wconf 88' lang='lat' dir='ltr'><strong><em>nolens</em></strong></span> <span class='ocrx_word' id='word_1_389' title='bbox 1246 2451 1489 2517; x_wconf 80' lang='lat' dir='ltr'><strong><em>imbecillitatem</em></strong></span> <span class='ocrx_word' id='word_1_390' title='bbox 1521 2458 1550 2518; x_wconf 93' lang='lat' dir='ltr'><strong><em>et</em></strong></span> <span class='ocrx_word' id='word_1_391' title='bbox 1581 2452 1783 2519; x_wconf 76' lang='lat' dir='ltr'><strong><em>inutilitatem</em></strong></span> <span class='ocrx_word' id='word_1_392' title='bbox 1816 2452 1908 2531; x_wconf 83' lang='grc' dir='ltr'><strong><em>(Ηώ.</em></strong></span> <span class='ocrx_word' id='word_1_393' title='bbox 1935 2458 1979 2531; x_wconf 86' lang='lat'><strong><em>7).</em></strong></span> <span class='ocrx_word' id='word_1_394' title='bbox 2036 2453 2157 2534; x_wconf 70' lang='lat' dir='ltr'><strong><em>Quaeso</em></strong></span> <span class='ocrx_word' id='word_1_395' title='bbox 2192 2458 2230 2530; x_wconf 88' lang='lat' dir='ltr'><strong><em>te,</em></strong></span> 
     </span>
     <span class='ocr_line' id='line_1_26' title="bbox 216 2537 2232 2708; baseline -0.003 -14"><span class='ocrx_word' id='word_1_396' title='bbox 216 2540 782 2695; x_wconf 51' lang='lat' dir='ltr'><strong><em>absidatam</em></strong></span> <span class='ocrx_word' id='word_1_397' title='bbox 803 2537 1197 2703; x_wconf 46' lang='lat' dir='ltr'><strong><em>timeat</em></strong></span> <span class='ocrx_word' id='word_1_398' title='bbox 1247 2556 1310 2705; x_wconf 62' lang='lat' dir='ltr'><strong><em>tlt</em></strong></span> <span class='ocrx_word' id='word_1_399' title='bbox 1328 2538 1862 2708; x_wconf 45' lang='lat' dir='ltr'><strong><em>mihimilli&amp;</em></strong></span> <span class='ocrx_word' id='word_1_400' title='bbox 1885 2538 2126 2690; x_wconf 61' lang='lat' dir='ltr'><strong><em>tebth?</em></strong></span> <span class='ocrx_word' id='word_1_401' title='bbox 2139 2540 2232 2703; x_wconf 60' lang='lat' dir='ltr'><strong><em>db</em></strong></span> 
     </span>
     <span class='ocr_line' id='line_1_27' title="bbox 218 2707 1991 2794; baseline -0.003 -16"><span class='ocrx_word' id='word_1_402' title='bbox 218 2714 351 2778; x_wconf 84' lang='lat' dir='ltr'><strong><em>inducas</em></strong></span> <span class='ocrx_word' id='word_1_403' title='bbox 373 2718 478 2777; x_wconf 80' lang='lat' dir='ltr'><strong><em>matra</em></strong></span> <span class='ocrx_word' id='word_1_404' title='bbox 499 2712 593 2794; x_wconf 69' lang='grc' dir='ltr'>ῑαααα</span> <span class='ocrx_word' id='word_1_405' title='bbox 615 2710 822 2775; x_wconf 81' lang='lat' dir='ltr'><strong><em>nrembrmum</em></strong></span> <span class='ocrx_word' id='word_1_406' title='bbox 849 2710 883 2773; x_wconf 89' lang='lat' dir='ltr'><strong><em>in</em></strong></span> <span class='ocrx_word' id='word_1_407' title='bbox 910 2710 979 2790; x_wconf 90' lang='lat' dir='ltr'><strong><em>ipso</em></strong></span> <span class='ocrx_word' id='word_1_408' title='bbox 996 2711 1195 2790; x_wconf 75' lang='lat' dir='ltr'><strong><em>pupuantern.</em></strong></span> <span class='ocrx_word' id='word_1_409' title='bbox 1248 2729 1328 2790; x_wconf 77' lang='lat' dir='ltr'><strong><em>auae</em></strong></span> <span class='ocrx_word' id='word_1_410' title='bbox 1349 2709 1430 2773; x_wconf 89' lang='lat' dir='ltr'><strong><em>alios</em></strong></span> <span class='ocrx_word' id='word_1_411' title='bbox 1451 2707 1572 2783; x_wconf 87' lang='lat' dir='ltr'><strong><em>liberat,</em></strong></span> <span class='ocrx_word' id='word_1_412' title='bbox 1594 2728 1653 2774; x_wconf 92' lang='lat' dir='ltr'><strong><em>nos</em></strong></span> <span class='ocrx_word' id='word_1_413' title='bbox 1674 2709 1718 2775; x_wconf 92' lang='lat' dir='ltr'><strong><em>ad</em></strong></span> <span class='ocrx_word' id='word_1_414' title='bbox 1739 2729 1808 2774; x_wconf 90' lang='lat' dir='ltr'><strong><em>eam</em></strong></span> <span class='ocrx_word' id='word_1_415' title='bbox 1830 2709 1991 2790; x_wconf 82' lang='lat' dir='ltr'><strong><em>captivat?</em></strong></span> 
     </span>
    </p>

    <p class='ocr_par' dir='ltr' id='par_1_5' title="bbox 219 2793 1198 2879">
     <span class='ocr_line' id='line_1_28' title="bbox 219 2793 1198 2879; baseline -0.009 -16"><span class='ocrx_word' id='word_1_416' title='bbox 219 2798 289 2864; x_wconf 83' lang='lat' dir='ltr'><strong><em>Hoc</em></strong></span> <span class='ocrx_word' id='word_1_417' title='bbox 309 2798 354 2862; x_wconf 88' lang='lat' dir='ltr'><strong><em>ibi</em></strong></span> <span class='ocrx_word' id='word_1_418' title='bbox 375 2797 463 2876; x_wconf 88' lang='lat' dir='ltr'><strong><em>obest,</em></strong></span> <span class='ocrx_word' id='word_1_419' title='bbox 485 2797 566 2879; x_wconf 80' lang='lat' dir='ltr'><strong><em>quod</em></strong></span> <span class='ocrx_word' id='word_1_420' title='bbox 584 2798 638 2874; x_wconf 86' lang='lat' dir='ltr'><strong><em>ait,</em></strong></span> <span class='ocrx_word' id='word_1_421' title='bbox 660 2798 696 2860; x_wconf 90' lang='lat' dir='ltr'><strong><em>in</em></strong></span> <span class='ocrx_word' id='word_1_422' title='bbox 713 2797 783 2875; x_wconf 91' lang='lat' dir='ltr'><strong><em>ipso</em></strong></span> <span class='ocrx_word' id='word_1_423' title='bbox 800 2799 926 2858; x_wconf 92' lang='lat' dir='ltr'><strong><em>mortem</em></strong></span> <span class='ocrx_word' id='word_1_424' title='bbox 941 2793 1024 2873; x_wconf 76' lang='lat' dir='ltr'><strong><em>fieri,</em></strong></span> <span class='ocrx_word' id='word_1_425' title='bbox 1046 2793 1198 2871; x_wconf 86' lang='lat' dir='ltr'><strong><em>etipsum</em></strong></span> 
     </span>
    </p>

    <p class='ocr_par' dir='ltr' id='par_1_6' title="bbox 219 2879 1198 2963">
     <span class='ocr_line' id='line_1_29' title="bbox 219 2879 1198 2963; baseline -0.008 -15"><span class='ocrx_word' id='word_1_426' title='bbox 219 2883 325 2950; x_wconf 88' lang='lat' dir='ltr'><strong><em>occidi.</em></strong></span> <span class='ocrx_word' id='word_1_427' title='bbox 387 2882 562 2962; x_wconf 77' lang='lat' dir='ltr'><strong><em>Nunquam</em></strong></span> <span class='ocrx_word' id='word_1_428' title='bbox 594 2882 678 2945; x_wconf 91' lang='lat' dir='ltr'><strong><em>enim</em></strong></span> <span class='ocrx_word' id='word_1_429' title='bbox 703 2884 778 2962; x_wconf 88' lang='lat' dir='ltr'><strong><em>past</em></strong></span> <span class='ocrx_word' id='word_1_430' title='bbox 808 2879 1069 2963; x_wconf 63' lang='lat' dir='ltr'><strong><em>memorationem</em></strong></span> <span class='ocrx_word' id='word_1_431' title='bbox 1101 2881 1146 2939; x_wconf 87' lang='lat' dir='ltr'><strong><em>est</em></strong></span> <span class='ocrx_word' id='word_1_432' title='bbox 1177 2897 1198 2940; x_wconf 93' lang='lat' dir='ltr'><strong><em>a</em></strong></span> 
     </span>
    </p>

    <p class='ocr_par' dir='ltr' id='par_1_7' title="bbox 221 2961 2116 3048">
     <span class='ocr_line' id='line_1_30' title="bbox 221 2961 2116 3048; baseline -0.002 -15"><span class='ocrx_word' id='word_1_433' title='bbox 221 2973 318 3033; x_wconf 83' lang='lat' dir='ltr'><strong><em>morte</em></strong></span> <span class='ocrx_word' id='word_1_434' title='bbox 345 2968 466 3032; x_wconf 86' lang='lat' dir='ltr'><strong><em>occisus</em></strong></span> <span class='ocrx_word' id='word_1_435' title='bbox 488 2966 623 3045; x_wconf 92' lang='lat' dir='ltr'><strong><em>Paulus,</em></strong></span> <span class='ocrx_word' id='word_1_436' title='bbox 656 2967 857 3048; x_wconf 80' lang='lat' dir='ltr'><strong><em>quantumuis</em></strong></span> <span class='ocrx_word' id='word_1_437' title='bbox 887 2964 996 3046; x_wconf 81' lang='lat' dir='ltr'><strong><em>feccrit</em></strong></span> <span class='ocrx_word' id='word_1_438' title='bbox 1026 2961 1197 3042; x_wconf 69' lang='lat' dir='ltr'><strong><em>alienando</em></strong></span> <span class='ocrx_word' id='word_1_439' title='bbox 1382 2962 1616 3030; x_wconf 74' lang='lat' dir='ltr'>EPISTOLA</span> <span class='ocrx_word' id='word_1_440' title='bbox 1638 2961 1868 3030; x_wconf 73' lang='lat' dir='ltr'>VIOESIMA</span> <span class='ocrx_word' id='word_1_441' title='bbox 1890 2962 2090 3045; x_wconf 67' lang='lat' dir='ltr'><strong><em>Quem</em></strong></span> <span class='ocrx_word' id='word_1_442' title='bbox 2114 3037 2116 3040; x_wconf 10' lang='grc' dir='ltr'><em>Α</em></span> 
     </span>
    </p>
   </div>
   <div class='ocr_carea' id='block_1_5' title="bbox 216 3046 2235 3630">
    <p class='ocr_par' dir='ltr' id='par_1_8' title="bbox 216 3046 1198 3137">
     <span class='ocr_line' id='line_1_31' title="bbox 216 3046 1198 3137; baseline -0.009 -18"><span class='ocrx_word' id='word_1_443' title='bbox 216 3054 304 3137; x_wconf 77' lang='lat' dir='ltr'><strong><em>facta</em></strong></span> <span class='ocrx_word' id='word_1_444' title='bbox 347 3053 390 3117; x_wconf 89' lang='lat' dir='ltr'><strong><em>ad</em></strong></span> <span class='ocrx_word' id='word_1_445' title='bbox 434 3057 559 3117; x_wconf 85' lang='lat' dir='ltr'><strong><em>martem</em></strong></span> <span class='ocrx_word' id='word_1_446' title='bbox 601 3051 763 3117; x_wconf 81' lang='lat' dir='ltr'><strong><em>tendentia.</em></strong></span> <span class='ocrx_word' id='word_1_447' title='bbox 837 3049 986 3116; x_wconf 79' lang='lat' dir='ltr'><strong><em>Praestat</em></strong></span> <span class='ocrx_word' id='word_1_448' title='bbox 1029 3047 1089 3113; x_wconf 90' lang='lat' dir='ltr'><strong><em>illa</em></strong></span> <span class='ocrx_word' id='word_1_449' title='bbox 1133 3046 1198 3112; x_wconf 87' lang='lat' dir='ltr'><strong><em>dici</em></strong></span> 
     </span>
    </p>

    <p class='ocr_par' dir='ltr' id='par_1_9' title="bbox 219 3134 2235 3630">
     <span class='ocr_line' id='line_1_32' title="bbox 219 3134 2235 3222; baseline -0.002 -18"><span class='ocrx_word' id='word_1_450' title='bbox 219 3141 256 3205; x_wconf 90' lang='lat' dir='ltr'><strong><em>in</em></strong></span> <span class='ocrx_word' id='word_1_451' title='bbox 301 3138 439 3203; x_wconf 89' lang='lat' dir='ltr'><strong><em>aliorum</em></strong></span> <span class='ocrx_word' id='word_1_452' title='bbox 470 3157 627 3222; x_wconf 86' lang='lat' dir='ltr'><strong><em>persona,</em></strong></span> <span class='ocrx_word' id='word_1_453' title='bbox 666 3156 762 3218; x_wconf 78' lang='lat' dir='ltr'><strong><em>quam</em></strong></span> <span class='ocrx_word' id='word_1_454' title='bbox 798 3136 835 3200; x_wconf 90' lang='lat' dir='ltr'><strong><em>in</em></strong></span> <span class='ocrx_word' id='word_1_455' title='bbox 874 3155 908 3200; x_wconf 88' lang='lat' dir='ltr'><strong><em>se</em></strong></span> <span class='ocrx_word' id='word_1_456' title='bbox 946 3134 1116 3216; x_wconf 75' lang='lat' dir='ltr'><strong><em>bamserre</em></strong></span> <span class='ocrx_word' id='word_1_457' title='bbox 1153 3136 1200 3196; x_wconf 90' lang='lat' dir='ltr'><strong><em>est</em></strong></span> <span class='ocrx_word' id='word_1_458' title='bbox 1338 3134 1442 3215; x_wconf 73' lang='lat' dir='ltr'><strong><em>Quum</em></strong></span> <span class='ocrx_word' id='word_1_459' title='bbox 1462 3136 1629 3217; x_wconf 85' lang='lat' dir='ltr'><strong><em>superiora</em></strong></span> <span class='ocrx_word' id='word_1_460' title='bbox 1650 3135 1687 3200; x_wconf 91' lang='lat' dir='ltr'><strong><em>de</em></strong></span> <span class='ocrx_word' id='word_1_461' title='bbox 1710 3135 1777 3201; x_wconf 86' lang='lat' dir='ltr'><strong><em>iam</em></strong></span> <span class='ocrx_word' id='word_1_462' title='bbox 1802 3135 1926 3216; x_wconf 79' lang='lat' dir='ltr'><strong><em>sepulta</em></strong></span> <span class='ocrx_word' id='word_1_463' title='bbox 1947 3139 1974 3200; x_wconf 90' lang='lat' dir='ltr'><strong><em>et</em></strong></span> <span class='ocrx_word' id='word_1_464' title='bbox 1994 3135 2148 3219; x_wconf 78' lang='lat' dir='ltr'><strong><em>abropata</em></strong></span> <span class='ocrx_word' id='word_1_465' title='bbox 2169 3135 2235 3219; x_wconf 73' lang='lat' dir='ltr'><strong><em>tepe</em></strong></span> 
     </span>
     <span class='ocr_line' id='line_1_33' title="bbox 221 3217 2235 3305; baseline -0.002 -15"><span class='ocrx_word' id='word_1_466' title='bbox 221 3223 325 3290; x_wconf 88' lang='lat' dir='ltr'><strong><em>Paulo</em></strong></span> <span class='ocrx_word' id='word_1_467' title='bbox 363 3223 574 3305; x_wconf 77' lang='lat' dir='ltr'><strong><em>pendiare.²)</em></strong></span> <span class='ocrx_word' id='word_1_468' title='bbox 641 3221 732 3301; x_wconf 91' lang='lat' dir='ltr'><strong><em>Item,</em></strong></span> <span class='ocrx_word' id='word_1_469' title='bbox 777 3222 854 3302; x_wconf 81' lang='lat' dir='ltr'><strong><em>quia</em></strong></span> <span class='ocrx_word' id='word_1_470' title='bbox 892 3225 927 3284; x_wconf 91' lang='lat' dir='ltr'><strong><em>ut</em></strong></span> <span class='ocrx_word' id='word_1_471' title='bbox 964 3220 1001 3284; x_wconf 89' lang='lat' dir='ltr'><strong><em>de</em></strong></span> <span class='ocrx_word' id='word_1_472' title='bbox 1039 3218 1116 3283; x_wconf 88' lang='lat' dir='ltr'><strong><em>aliis</em></strong></span> <span class='ocrx_word' id='word_1_473' title='bbox 1154 3217 1198 3283; x_wconf 90' lang='lat' dir='ltr'><strong><em>lo-</em></strong></span> <span class='ocrx_word' id='word_1_474' title='bbox 1249 3218 1428 3302; x_wconf 74' lang='lat' dir='ltr'><strong><em>ealliperern,</em></strong></span> <span class='ocrx_word' id='word_1_475' title='bbox 1453 3225 1481 3283; x_wconf 89' lang='lat' dir='ltr'><strong><em>et</em></strong></span> <span class='ocrx_word' id='word_1_476' title='bbox 1503 3221 1697 3302; x_wconf 79' lang='lat' dir='ltr'><strong><em>eoaupelium</em></strong></span> <span class='ocrx_word' id='word_1_477' title='bbox 1717 3222 1752 3285; x_wconf 91' lang='lat' dir='ltr'><strong><em>in</em></strong></span> <span class='ocrx_word' id='word_1_478' title='bbox 1773 3220 1902 3286; x_wconf 87' lang='lat' dir='ltr'><strong><em>sublimi</em></strong></span> <span class='ocrx_word' id='word_1_479' title='bbox 1922 3221 2114 3301; x_wconf 85' lang='lat' dir='ltr'><strong><em>collocarem,</em></strong></span> <span class='ocrx_word' id='word_1_480' title='bbox 2137 3242 2176 3286; x_wconf 78' lang='lat' dir='ltr'><strong><em>rte</em></strong></span> <span class='ocrx_word' id='word_1_481' title='bbox 2199 3226 2235 3286; x_wconf 82' lang='lat' dir='ltr'><strong><em>tu</em></strong></span> 
     </span>
     <span class='ocr_line' id='line_1_34' title="bbox 219 3303 2235 3393; baseline -0.001 -18"><span class='ocrx_word' id='word_1_482' title='bbox 219 3315 336 3393; x_wconf 77' lang='lat' dir='ltr'><strong><em>auutus</em></strong></span> <span class='ocrx_word' id='word_1_483' title='bbox 357 3311 401 3375; x_wconf 89' lang='lat' dir='ltr'><strong><em>ad</em></strong></span> <span class='ocrx_word' id='word_1_484' title='bbox 425 3306 627 3373; x_wconf 78' lang='lat' dir='ltr'><strong><em>Christianos</em></strong></span> <span class='ocrx_word' id='word_1_485' title='bbox 658 3307 821 3372; x_wconf 85' lang='lat' dir='ltr'><strong><em>revertitur</em></strong></span> <span class='ocrx_word' id='word_1_486' title='bbox 841 3307 934 3370; x_wconf 89' lang='lat' dir='ltr'><strong><em>initio</em></strong></span> <span class='ocrx_word' id='word_1_487' title='bbox 954 3305 1069 3387; x_wconf 88' lang='lat' dir='ltr'><strong><em>capitis</em></strong></span> <span class='ocrx_word' id='word_1_488' title='bbox 1090 3303 1197 3380; x_wconf 79' lang='lat' dir='ltr'><strong><em>octavi</em></strong></span> <span class='ocrx_word' id='word_1_489' title='bbox 1248 3308 1388 3384; x_wconf 88' lang='lat' dir='ltr'><strong><em>tempora</em></strong></span> <span class='ocrx_word' id='word_1_490' title='bbox 1408 3305 1486 3388; x_wconf 76' lang='lat' dir='ltr'><strong><em>lepis</em></strong></span> <span class='ocrx_word' id='word_1_491' title='bbox 1506 3310 1534 3369; x_wconf 88' lang='lat' dir='ltr'><strong><em>ct</em></strong></span> <span class='ocrx_word' id='word_1_492' title='bbox 1560 3303 1712 3390; x_wconf 63' lang='lat' dir='ltr'><strong><em>manichi</em></strong></span> <span class='ocrx_word' id='word_1_493' title='bbox 1737 3307 1866 3371; x_wconf 85' lang='lat' dir='ltr'><strong><em>sinistre</em></strong></span> <span class='ocrx_word' id='word_1_494' title='bbox 1887 3305 2070 3389; x_wconf 71' lang='lat' dir='ltr'><strong><em>confundas,</em></strong></span> <span class='ocrx_word' id='word_1_495' title='bbox 2104 3306 2235 3372; x_wconf 87' lang='lat' dir='ltr'><strong><em>obiectio</em></strong></span> 
     </span>
     <span class='ocr_line' id='line_1_35' title="bbox 219 3388 2235 3476; baseline -0.002 -14"><span class='ocrx_word' id='word_1_496' title='bbox 219 3396 341 3462; x_wconf 85' lang='lat' dir='ltr'><strong><em>dicens:</em></strong></span> <span class='ocrx_word' id='word_1_497' title='bbox 382 3392 475 3459; x_wconf 79' lang='lat' dir='ltr'><strong><em>Nihil</em></strong></span> <span class='ocrx_word' id='word_1_498' title='bbox 506 3414 577 3476; x_wconf 75' lang='lat' dir='ltr'><strong><em>erpo</em></strong></span> <span class='ocrx_word' id='word_1_499' title='bbox 607 3413 689 3458; x_wconf 83' lang='lat' dir='ltr'><strong><em>nunc</em></strong></span> <span class='ocrx_word' id='word_1_500' title='bbox 719 3392 933 3458; x_wconf 87' lang='lat' dir='ltr'><strong><em>damnationis</em></strong></span> <span class='ocrx_word' id='word_1_501' title='bbox 963 3395 1009 3455; x_wconf 89' lang='lat' dir='ltr'><strong><em>est</em></strong></span> <span class='ocrx_word' id='word_1_502' title='bbox 1039 3389 1128 3454; x_wconf 89' lang='lat' dir='ltr'><strong><em>nobis</em></strong></span> <span class='ocrx_word' id='word_1_503' title='bbox 1148 3388 1198 3452; x_wconf 89' lang='lat' dir='ltr'><strong><em>in-</em></strong></span> <span class='ocrx_word' id='word_1_504' title='bbox 1249 3389 1317 3455; x_wconf 87' lang='lat' dir='ltr'><strong><em>alia</em></strong></span> <span class='ocrx_word' id='word_1_505' title='bbox 1337 3390 1489 3456; x_wconf 87' lang='lat' dir='ltr'><strong><em>diluenda</em></strong></span> <span class='ocrx_word' id='word_1_506' title='bbox 1497 3394 1526 3467; x_wconf 85' lang='lat'><strong><em>⁸)</em></strong></span> <span class='ocrx_word' id='word_1_507' title='bbox 1543 3410 1609 3456; x_wconf 87' lang='lat' dir='ltr'><strong><em>sese</em></strong></span> <span class='ocrx_word' id='word_1_508' title='bbox 1625 3391 1738 3456; x_wconf 69' lang='lat' dir='ltr'><strong><em>obtulit⁴</em></strong></span> <span class='ocrx_word' id='word_1_509' title='bbox 1766 3392 1898 3456; x_wconf 85' lang='lat' dir='ltr'><strong><em>Ardum</em></strong></span> <span class='ocrx_word' id='word_1_510' title='bbox 1914 3392 2038 3456; x_wconf 76' lang='lat' dir='ltr'><strong><em>videtin</em></strong></span> <span class='ocrx_word' id='word_1_511' title='bbox 2056 3411 2125 3456; x_wconf 88' lang='lat' dir='ltr'><strong><em>esse</em></strong></span> <span class='ocrx_word' id='word_1_512' title='bbox 2142 3391 2235 3457; x_wconf 82' lang='lat' dir='ltr'><strong><em>nobis</em></strong></span> 
     </span>
     <span class='ocr_line' id='line_1_36' title="bbox 219 3474 2234 3630; baseline -0.003 -83"><span class='ocrx_word' id='word_1_513' title='bbox 219 3480 341 3630; x_wconf 49' lang='grc' dir='ltr'><strong><em>αἰαὶ</em></strong></span> <span class='ocrx_word' id='word_1_514' title='bbox 365 3477 495 3547; x_wconf 89' lang='lat' dir='ltr'><strong><em>Christo</em></strong></span> <span class='ocrx_word' id='word_1_515' title='bbox 518 3478 601 3557; x_wconf 80' lang='lat' dir='ltr'><strong><em>lesu,</em></strong></span> <span class='ocrx_word' id='word_1_516' title='bbox 634 3498 705 3542; x_wconf 89' lang='lat' dir='ltr'><strong><em>uero</em></strong></span> <span class='ocrx_word' id='word_1_517' title='bbox 727 3478 878 3543; x_wconf 80' lang='lat' dir='ltr'><strong><em>libertatis</em></strong></span> <span class='ocrx_word' id='word_1_518' title='bbox 898 3474 1055 3552; x_wconf 87' lang='lat' dir='ltr'><strong><em>assertori,</em></strong></span> <span class='ocrx_word' id='word_1_519' title='bbox 1089 3474 1144 3554; x_wconf 80' lang='lat' dir='ltr'><strong><em>qui</em></strong></span> <span class='ocrx_word' id='word_1_520' title='bbox 1177 3493 1199 3536; x_wconf 90' lang='lat' dir='ltr'><strong><em>a</em></strong></span> <span class='ocrx_word' id='word_1_521' title='bbox 1248 3476 1369 3558; x_wconf 77' lang='lat' dir='ltr'><strong><em>iupum,</em></strong></span> <span class='ocrx_word' id='word_1_522' title='bbox 1401 3481 1437 3538; x_wconf 92' lang='lat' dir='ltr'><strong><em>ut</em></strong></span> <span class='ocrx_word' id='word_1_523' title='bbox 1458 3476 1599 3554; x_wconf 64' lang='lat' dir='ltr'><strong><em>Iudaeh,</em></strong></span> <span class='ocrx_word' id='word_1_524' title='bbox 1632 3497 1729 3558; x_wconf 80' lang='lat' dir='ltr'><strong><em>auam</em></strong></span> <span class='ocrx_word' id='word_1_525' title='bbox 1757 3477 1841 3541; x_wconf 78' lang='lat' dir='ltr'><strong><em>duat</em></strong></span> <span class='ocrx_word' id='word_1_526' title='bbox 1864 3474 2021 3551; x_wconf 87' lang='lat' dir='ltr'><strong><em>Christus,</em></strong></span> <span class='ocrx_word' id='word_1_527' title='bbox 2054 3497 2123 3541; x_wconf 89' lang='lat' dir='ltr'><strong><em>esse</em></strong></span> <span class='ocrx_word' id='word_1_528' title='bbox 2144 3477 2234 3542; x_wconf 81' lang='lat' dir='ltr'><strong><em>uobis</em></strong></span> 
     </span>
    </p>
   </div>
   <div class='ocr_carea' id='block_1_6' title="bbox 121 3557 2238 4933">
    <p class='ocr_par' dir='ltr' id='par_1_10' title="bbox 121 3557 2238 4933">
     <span class='ocr_line' id='line_1_37' title="bbox 220 3557 2233 3649; baseline -0.002 -19"><span class='ocrx_word' id='word_1_529' title='bbox 220 3565 283 3649; x_wconf 76' lang='lat' dir='ltr'><strong><em>lepe</em></strong></span> <span class='ocrx_word' id='word_1_530' title='bbox 341 3565 448 3647; x_wconf 82' lang='lat' dir='ltr'><strong><em>calepi,</em></strong></span> <span class='ocrx_word' id='word_1_531' title='bbox 470 3584 551 3646; x_wconf 77' lang='lat' dir='ltr'><strong><em>quae</em></strong></span> <span class='ocrx_word' id='word_1_532' title='bbox 570 3570 639 3628; x_wconf 88' lang='lat' dir='ltr'><strong><em>erat</em></strong></span> <span class='ocrx_word' id='word_1_533' title='bbox 659 3565 710 3629; x_wconf 80' lang='lat' dir='ltr'><strong><em>tea</em></strong></span> <span class='ocrx_word' id='word_1_534' title='bbox 725 3563 844 3643; x_wconf 71' lang='lat' dir='ltr'><strong><em>pecudi</em></strong></span> <span class='ocrx_word' id='word_1_535' title='bbox 864 3568 893 3627; x_wconf 93' lang='lat' dir='ltr'><strong><em>et</em></strong></span> <span class='ocrx_word' id='word_1_536' title='bbox 914 3561 1030 3638; x_wconf 77' lang='lat' dir='ltr'><strong><em>mortis,</em></strong></span> <span class='ocrx_word' id='word_1_537' title='bbox 1053 3578 1109 3623; x_wconf 89' lang='lat' dir='ltr'><strong><em>uos</em></strong></span> <span class='ocrx_word' id='word_1_538' title='bbox 1125 3557 1198 3623; x_wconf 88' lang='lat' dir='ltr'><strong><em>libe·</em></strong></span> <span class='ocrx_word' id='word_1_539' title='bbox 1249 3565 1368 3625; x_wconf 92' lang='lat' dir='ltr'><strong><em>arctam</em></strong></span> <span class='ocrx_word' id='word_1_540' title='bbox 1389 3563 1484 3626; x_wconf 86' lang='lat' dir='ltr'><strong><em>ciam.</em></strong></span> <span class='ocrx_word' id='word_1_541' title='bbox 1530 3560 1704 3643; x_wconf 84' lang='lat' dir='ltr'><strong><em>Praecepta</em></strong></span> <span class='ocrx_word' id='word_1_542' title='bbox 1720 3561 1914 3644; x_wconf 74' lang='lat' dir='ltr'><strong><em>difficiliora,</em></strong></span> <span class='ocrx_word' id='word_1_543' title='bbox 1935 3582 2032 3644; x_wconf 83' lang='lat' dir='ltr'><strong><em>quam</em></strong></span> <span class='ocrx_word' id='word_1_544' title='bbox 2051 3564 2179 3643; x_wconf 68' lang='lat' dir='ltr'><strong><em>tuerint</em></strong></span> <span class='ocrx_word' id='word_1_545' title='bbox 2200 3563 2233 3625; x_wconf 86' lang='lat' dir='ltr'><strong><em>in</em></strong></span> 
     </span>
     <span class='ocr_line' id='line_1_38' title="bbox 220 3643 2232 3732; baseline -0.001 -17"><span class='ocrx_word' id='word_1_546' title='bbox 220 3670 275 3716; x_wconf 91' lang='lat' dir='ltr'><strong><em>ros</em></strong></span> <span class='ocrx_word' id='word_1_547' title='bbox 306 3649 451 3714; x_wconf 89' lang='lat' dir='ltr'><strong><em>reddidit.</em></strong></span> <span class='ocrx_word' id='word_1_548' title='bbox 505 3648 633 3714; x_wconf 86' lang='lat' dir='ltr'><strong><em>Etenim</em></strong></span> <span class='ocrx_word' id='word_1_549' title='bbox 654 3649 735 3731; x_wconf 78' lang='lat' dir='ltr'><strong><em>quod</em></strong></span> <span class='ocrx_word' id='word_1_550' title='bbox 773 3648 823 3712; x_wconf 76' lang='lat' dir='ltr'><strong><em>lea</em></strong></span> <span class='ocrx_word' id='word_1_551' title='bbox 854 3647 913 3711; x_wconf 91' lang='lat' dir='ltr'><strong><em>illa</em></strong></span> <span class='ocrx_word' id='word_1_552' title='bbox 939 3649 1106 3727; x_wconf 74' lang='lat' dir='ltr'><strong><em>praestare</em></strong></span> <span class='ocrx_word' id='word_1_553' title='bbox 1136 3663 1199 3707; x_wconf 90' lang='lat' dir='ltr'><strong><em>non</em></strong></span> <span class='ocrx_word' id='word_1_554' title='bbox 1248 3646 1320 3728; x_wconf 77' lang='lat' dir='ltr'><strong><em>lepe,</em></strong></span> <span class='ocrx_word' id='word_1_555' title='bbox 1346 3643 1491 3711; x_wconf 85' lang='lat' dir='ltr'><strong><em>Christus</em></strong></span> <span class='ocrx_word' id='word_1_556' title='bbox 1510 3647 1599 3712; x_wconf 90' lang='lat' dir='ltr'><strong><em>nobis</em></strong></span> <span class='ocrx_word' id='word_1_557' title='bbox 1612 3648 1824 3731; x_wconf 85' lang='lat' dir='ltr'><strong><em>praescripsit</em></strong></span> <span class='ocrx_word' id='word_1_558' title='bbox 1846 3646 1974 3732; x_wconf 84' lang='lat' dir='ltr'><strong><em>(Matth.</em></strong></span> <span class='ocrx_word' id='word_1_559' title='bbox 1999 3651 2044 3722; x_wconf 84' lang='lat'><strong><em>5).</em></strong></span> <span class='ocrx_word' id='word_1_560' title='bbox 2085 3645 2232 3730; x_wconf 75' lang='lat' dir='ltr'><strong><em>Scriptis</em></strong></span> 
     </span>
     <span class='ocr_line' id='line_1_39' title="bbox 217 3731 2232 3816; baseline -0 -17"><span class='ocrx_word' id='word_1_561' title='bbox 217 3740 348 3816; x_wconf 86' lang='lat' dir='ltr'><strong><em>poterat,</em></strong></span> <span class='ocrx_word' id='word_1_562' title='bbox 381 3737 447 3815; x_wconf 89' lang='lat' dir='ltr'><strong><em>ipse</em></strong></span> <span class='ocrx_word' id='word_1_563' title='bbox 468 3735 641 3815; x_wconf 88' lang='lat' dir='ltr'><strong><em>praestitit,</em></strong></span> <span class='ocrx_word' id='word_1_564' title='bbox 673 3734 768 3815; x_wconf 77' lang='lat' dir='ltr'><strong><em>lepem</em></strong></span> <span class='ocrx_word' id='word_1_565' title='bbox 788 3733 894 3813; x_wconf 89' lang='lat' dir='ltr'><strong><em>ipsam</em></strong></span> <span class='ocrx_word' id='word_1_566' title='bbox 916 3751 972 3797; x_wconf 89' lang='lat' dir='ltr'><strong><em>nos</em></strong></span> <span class='ocrx_word' id='word_1_567' title='bbox 993 3731 1199 3795; x_wconf 84' lang='lat' dir='ltr'><strong><em>destruentem</em></strong></span> <span class='ocrx_word' id='word_1_568' title='bbox 1248 3750 1319 3813; x_wconf 79' lang='lat' dir='ltr'><strong><em>erpo</em></strong></span> <span class='ocrx_word' id='word_1_569' title='bbox 1352 3736 1396 3796; x_wconf 89' lang='lat' dir='ltr'><strong><em>est</em></strong></span> <span class='ocrx_word' id='word_1_570' title='bbox 1430 3731 1475 3796; x_wconf 89' lang='lat' dir='ltr'><strong><em>ibi</em></strong></span> <span class='ocrx_word' id='word_1_571' title='bbox 1506 3732 1595 3797; x_wconf 88' lang='lat' dir='ltr'><strong><em>uobis</em></strong></span> <span class='ocrx_word' id='word_1_572' title='bbox 1619 3732 1854 3816; x_wconf 81' lang='lat' dir='ltr'><strong><em>ahiropraphus.</em></strong></span> <span class='ocrx_word' id='word_1_573' title='bbox 1909 3731 2125 3814; x_wconf 79' lang='lat' dir='ltr'><strong><em>Impossibrlis</em></strong></span> <span class='ocrx_word' id='word_1_574' title='bbox 2160 3734 2232 3798; x_wconf 78' lang='lat' dir='ltr'><strong><em>itent</em></strong></span> 
     </span>
     <span class='ocr_line' id='line_1_40' title="bbox 222 3814 2232 3902; baseline -0 -18"><span class='ocrx_word' id='word_1_575' title='bbox 222 3819 337 3884; x_wconf 66' lang='lat' dir='ltr'><strong><em>tahas</em></strong></span> <span class='ocrx_word' id='word_1_576' title='bbox 378 3819 472 3885; x_wconf 83' lang='lat' dir='ltr'><strong><em>Adde</em></strong></span> <span class='ocrx_word' id='word_1_577' title='bbox 493 3820 595 3885; x_wconf 88' lang='lat' dir='ltr'><strong><em>adhuc</em></strong></span> <span class='ocrx_word' id='word_1_578' title='bbox 616 3819 718 3884; x_wconf 84' lang='lat' dir='ltr'><strong><em>iocum</em></strong></span> <span class='ocrx_word' id='word_1_579' title='bbox 738 3837 846 3896; x_wconf 91' lang='lat' dir='ltr'><strong><em>unum,</em></strong></span> <span class='ocrx_word' id='word_1_580' title='bbox 879 3820 915 3880; x_wconf 93' lang='lat' dir='ltr'><strong><em>ut</em></strong></span> <span class='ocrx_word' id='word_1_581' title='bbox 935 3817 1059 3879; x_wconf 80' lang='lat' dir='ltr'><strong><em>annino</em></strong></span> <span class='ocrx_word' id='word_1_582' title='bbox 1075 3833 1197 3897; x_wconf 79' lang='lat' dir='ltr'><strong><em>coprus-</em></strong></span> <span class='ocrx_word' id='word_1_583' title='bbox 1250 3814 1420 3881; x_wconf 86' lang='lat' dir='ltr'><strong><em>observatio</em></strong></span> <span class='ocrx_word' id='word_1_584' title='bbox 1440 3821 1475 3880; x_wconf 91' lang='lat' dir='ltr'><strong><em>ut</em></strong></span> <span class='ocrx_word' id='word_1_585' title='bbox 1497 3816 1638 3896; x_wconf 88' lang='lat' dir='ltr'><strong><em>Iudaeis,</em></strong></span> <span class='ocrx_word' id='word_1_586' title='bbox 1660 3819 1914 3902; x_wconf 77' lang='lat' dir='ltr'><strong><em>ettranspressio</em></strong></span> <span class='ocrx_word' id='word_1_587' title='bbox 1935 3818 2060 3883; x_wconf 85' lang='lat' dir='ltr'><strong><em>similis.</em></strong></span> <span class='ocrx_word' id='word_1_588' title='bbox 2100 3816 2232 3885; x_wconf 72' lang='lat' dir='ltr'><strong><em>Currum</em></strong></span> 
     </span>
     <span class='ocr_line' id='line_1_41' title="bbox 221 3899 2230 3987; baseline -0 -18"><span class='ocrx_word' id='word_1_589' title='bbox 221 3923 285 3982; x_wconf 90' lang='lat' dir='ltr'><strong><em>eas,</em></strong></span> <span class='ocrx_word' id='word_1_590' title='bbox 307 3903 443 3987; x_wconf 76' lang='lat' dir='ltr'><strong><em>decalopi</em></strong></span> <span class='ocrx_word' id='word_1_591' title='bbox 468 3904 564 3987; x_wconf 80' lang='lat' dir='ltr'><strong><em>lepem</em></strong></span> <span class='ocrx_word' id='word_1_592' title='bbox 591 3923 673 3969; x_wconf 90' lang='lat' dir='ltr'><strong><em>nunc</em></strong></span> <span class='ocrx_word' id='word_1_593' title='bbox 700 3923 766 3968; x_wconf 87' lang='lat' dir='ltr'><strong><em>esse</em></strong></span> <span class='ocrx_word' id='word_1_594' title='bbox 792 3901 958 3967; x_wconf 68' lang='lat' dir='ltr'><strong><em>niblatam.</em></strong></span> <span class='ocrx_word' id='word_1_595' title='bbox 992 3899 1120 3966; x_wconf 84' lang='lat' dir='ltr'><strong><em>Foedus</em></strong></span> <span class='ocrx_word' id='word_1_596' title='bbox 1136 3899 1199 3963; x_wconf 87' lang='lat' dir='ltr'><strong><em>ini·</em></strong></span> <span class='ocrx_word' id='word_1_597' title='bbox 1247 3906 1416 3983; x_wconf 78' lang='lat' dir='ltr'><strong><em>pestoreet</em></strong></span> <span class='ocrx_word' id='word_1_598' title='bbox 1442 3903 1584 3968; x_wconf 81' lang='lat' dir='ltr'><strong><em>munibus</em></strong></span> <span class='ocrx_word' id='word_1_599' title='bbox 1603 3904 1798 3982; x_wconf 81' lang='lat' dir='ltr'><strong><em>renunciare,</em></strong></span> <span class='ocrx_word' id='word_1_600' title='bbox 1834 3924 1933 3969; x_wconf 89' lang='lat' dir='ltr'><strong><em>noune</em></strong></span> <span class='ocrx_word' id='word_1_601' title='bbox 1961 3904 2076 3985; x_wconf 76' lang='lat' dir='ltr'><strong><em>procia</em></strong></span> <span class='ocrx_word' id='word_1_602' title='bbox 2098 3910 2177 3968; x_wconf 81' lang='lat' dir='ltr'><strong><em>sunt</em></strong></span> <span class='ocrx_word' id='word_1_603' title='bbox 2196 3923 2230 3968; x_wconf 89' lang='lat' dir='ltr'><strong><em>ae</em></strong></span> 
     </span>
     <span class='ocr_line' id='line_1_42' title="bbox 222 3984 2230 4072; baseline 0 -18"><span class='ocrx_word' id='word_1_604' title='bbox 222 3993 290 4054; x_wconf 90' lang='lat' dir='ltr'><strong><em>tum</em></strong></span> <span class='ocrx_word' id='word_1_605' title='bbox 326 4008 396 4054; x_wconf 90' lang='lat' dir='ltr'><strong><em>cnm</em></strong></span> <span class='ocrx_word' id='word_1_606' title='bbox 434 3987 592 4070; x_wconf 86' lang='lat' dir='ltr'><strong><em>putribus,</em></strong></span> <span class='ocrx_word' id='word_1_607' title='bbox 626 3989 751 4070; x_wconf 78' lang='lat' dir='ltr'><strong><em>quanda</em></strong></span> <span class='ocrx_word' id='word_1_608' title='bbox 790 3987 1023 4071; x_wconf 78' lang='lat' dir='ltr'><strong><em>eprediebantur</em></strong></span> <span class='ocrx_word' id='word_1_609' title='bbox 1062 3986 1100 4050; x_wconf 88' lang='lat' dir='ltr'><strong><em>de</em></strong></span> <span class='ocrx_word' id='word_1_610' title='bbox 1134 3984 1197 4048; x_wconf 89' lang='lat' dir='ltr'><strong><em>Ae·</em></strong></span> <span class='ocrx_word' id='word_1_611' title='bbox 1248 3987 1357 4052; x_wconf 78' lang='lat' dir='ltr'><strong><em>aura?</em></strong></span> <span class='ocrx_word' id='word_1_612' title='bbox 1379 3986 1568 4069; x_wconf 86' lang='lat' dir='ltr'><strong><em>Respondea,</em></strong></span> <span class='ocrx_word' id='word_1_613' title='bbox 1588 3990 1702 4072; x_wconf 80' lang='lat' dir='ltr'><strong><em>procia</em></strong></span> <span class='ocrx_word' id='word_1_614' title='bbox 1721 3994 1750 4053; x_wconf 88' lang='lat' dir='ltr'><strong><em>et</em></strong></span> <span class='ocrx_word' id='word_1_615' title='bbox 1768 3990 1853 4055; x_wconf 92' lang='lat' dir='ltr'><strong><em>dura</em></strong></span> <span class='ocrx_word' id='word_1_616' title='bbox 1873 3994 1946 4054; x_wconf 90' lang='lat' dir='ltr'><strong><em>sunt</em></strong></span> <span class='ocrx_word' id='word_1_617' title='bbox 1966 3989 2059 4054; x_wconf 86' lang='lat' dir='ltr'><strong><em>carni</em></strong></span> <span class='ocrx_word' id='word_1_618' title='bbox 2077 4009 2124 4067; x_wconf 89' lang='lat' dir='ltr'><strong><em>ea,</em></strong></span> <span class='ocrx_word' id='word_1_619' title='bbox 2149 4007 2230 4071; x_wconf 79' lang='lat' dir='ltr'><strong><em>auae</em></strong></span> 
     </span>
     <span class='ocr_line' id='line_1_43' title="bbox 220 4070 2229 4158; baseline 0 -20"><span class='ocrx_word' id='word_1_620' title='bbox 220 4079 321 4158; x_wconf 76' lang='lat' dir='ltr'><strong><em>pppta,</em></strong></span> <span class='ocrx_word' id='word_1_621' title='bbox 350 4073 508 4139; x_wconf 88' lang='lat' dir='ltr'><strong><em>sublatum</em></strong></span> <span class='ocrx_word' id='word_1_622' title='bbox 529 4074 611 4138; x_wconf 85' lang='lat' dir='ltr'><strong><em>docet</em></strong></span> <span class='ocrx_word' id='word_1_623' title='bbox 633 4074 787 4138; x_wconf 87' lang='lat' dir='ltr'><strong><em>Ieremias</em></strong></span> <span class='ocrx_word' id='word_1_624' title='bbox 807 4092 873 4154; x_wconf 89' lang='lat' dir='ltr'><strong><em>cap.</em></strong></span> <span class='ocrx_word' id='word_1_625' title='bbox 897 4076 952 4136; x_wconf 83' lang='lat'><strong><em>31.</em></strong></span> <span class='ocrx_word' id='word_1_626' title='bbox 1006 4070 1075 4135; x_wconf 89' lang='lat' dir='ltr'><strong><em>Hoc</em></strong></span> <span class='ocrx_word' id='word_1_627' title='bbox 1096 4075 1197 4134; x_wconf 73' lang='lat' dir='ltr'><strong><em>amem</em></strong></span> <span class='ocrx_word' id='word_1_628' title='bbox 1249 4072 1285 4136; x_wconf 82' lang='lat' dir='ltr'><strong><em>iu</em></strong></span> <span class='ocrx_word' id='word_1_629' title='bbox 1306 4072 1392 4138; x_wconf 84' lang='lat' dir='ltr'><strong><em>nobis</em></strong></span> <span class='ocrx_word' id='word_1_630' title='bbox 1413 4073 1480 4156; x_wconf 79' lang='lat' dir='ltr'><strong><em>opit</em></strong></span> <span class='ocrx_word' id='word_1_631' title='bbox 1501 4074 1637 4155; x_wconf 84' lang='lat' dir='ltr'><strong><em>spim&#39;tus</em></strong></span> <span class='ocrx_word' id='word_1_632' title='bbox 1661 4072 1781 4139; x_wconf 85' lang='lat' dir='ltr'><strong><em>Christi</em></strong></span> <span class='ocrx_word' id='word_1_633' title='bbox 1802 4079 1876 4153; x_wconf 74' lang='lat' dir='ltr'><strong><em>[pag.</em></strong></span> <span class='ocrx_word' id='word_1_634' title='bbox 1897 4079 1973 4154; x_wconf 84' lang='grc'><strong>646]</strong></span> <span class='ocrx_word' id='word_1_635' title='bbox 1994 4075 2085 4139; x_wconf 80' lang='lat' dir='ltr'><strong><em>cami</em></strong></span> <span class='ocrx_word' id='word_1_636' title='bbox 2106 4076 2146 4139; x_wconf 87' lang='lat' dir='ltr'><strong><em>in</em></strong></span> <span class='ocrx_word' id='word_1_637' title='bbox 2169 4093 2229 4138; x_wconf 83' lang='lat' dir='ltr'><strong><em>orn·</em></strong></span> 
     </span>
     <span class='ocr_line' id='line_1_44' title="bbox 219 4155 2230 4244; baseline -0 -19"><span class='ocrx_word' id='word_1_638' title='bbox 219 4161 285 4244; x_wconf 80' lang='lat' dir='ltr'><strong><em>fuit</em></strong></span> <span class='ocrx_word' id='word_1_639' title='bbox 304 4160 414 4243; x_wconf 84' lang='lat' dir='ltr'><strong><em>foedus</em></strong></span> <span class='ocrx_word' id='word_1_640' title='bbox 436 4159 580 4242; x_wconf 78' lang='lat' dir='ltr'><strong><em>dualopi.</em></strong></span> <span class='ocrx_word' id='word_1_641' title='bbox 644 4159 802 4224; x_wconf 74' lang='lat' dir='ltr'><strong><em>Smibitur</em></strong></span> <span class='ocrx_word' id='word_1_642' title='bbox 822 4159 905 4223; x_wconf 91' lang='lat' dir='ltr'><strong><em>enim</em></strong></span> <span class='ocrx_word' id='word_1_643' title='bbox 927 4163 958 4222; x_wconf 82' lang='lat'><strong><em>3.</em></strong></span> <span class='ocrx_word' id='word_1_644' title='bbox 982 4155 1056 4240; x_wconf 82' lang='lat' dir='ltr'><strong><em>Rep.</em></strong></span> <span class='ocrx_word' id='word_1_645' title='bbox 1082 4158 1198 4219; x_wconf 77' lang='lat' dir='ltr'><strong><em>sae</em></strong></span> <span class='ocrx_word' id='word_1_646' title='bbox 1248 4157 1342 4222; x_wconf 88' lang='lat' dir='ltr'><strong><em>nibus</em></strong></span> <span class='ocrx_word' id='word_1_647' title='bbox 1368 4158 1527 4237; x_wconf 89' lang='lat' dir='ltr'><strong><em>aduersus,</em></strong></span> <span class='ocrx_word' id='word_1_648' title='bbox 1559 4164 1589 4224; x_wconf 92' lang='lat' dir='ltr'><strong><em>et</em></strong></span> <span class='ocrx_word' id='word_1_649' title='bbox 1619 4178 1744 4225; x_wconf 76' lang='lat' dir='ltr'><strong><em>caman</em></strong></span> <span class='ocrx_word' id='word_1_650' title='bbox 1775 4160 1975 4240; x_wconf 68' lang='lat' dir='ltr'><strong><em>urortitioans.</em></strong></span> <span class='ocrx_word' id='word_1_651' title='bbox 2031 4156 2135 4243; x_wconf 79' lang='lat' dir='ltr'><strong><em>Carni</em></strong></span> <span class='ocrx_word' id='word_1_652' title='bbox 2170 4179 2230 4224; x_wconf 83' lang='lat' dir='ltr'><strong><em>non</em></strong></span> 
     </span>
     <span class='ocr_line' id='line_1_45' title="bbox 224 4243 2229 4327; baseline -0.001 -17"><span class='ocrx_word' id='word_1_653' title='bbox 224 4244 345 4327; x_wconf 89' lang='lat' dir='ltr'><strong><em>Parap.</em></strong></span> <span class='ocrx_word' id='word_1_654' title='bbox 372 4251 393 4311; x_wconf 82' lang='lat' dir='ltr'><strong><em>t</em></strong></span> <span class='ocrx_word' id='word_1_655' title='bbox 423 4245 509 4327; x_wconf 77' lang='lat' dir='ltr'><strong><em>quod</em></strong></span> <span class='ocrx_word' id='word_1_656' title='bbox 537 4247 572 4309; x_wconf 91' lang='lat' dir='ltr'><strong><em>in</em></strong></span> <span class='ocrx_word' id='word_1_657' title='bbox 601 4265 677 4310; x_wconf 88' lang='lat' dir='ltr'><strong><em>area</em></strong></span> <span class='ocrx_word' id='word_1_658' title='bbox 699 4250 766 4310; x_wconf 88' lang='lat' dir='ltr'><strong><em>erat</em></strong></span> <span class='ocrx_word' id='word_1_659' title='bbox 785 4244 897 4325; x_wconf 77' lang='lat' dir='ltr'><strong><em>foedus</em></strong></span> <span class='ocrx_word' id='word_1_660' title='bbox 917 4244 1032 4308; x_wconf 88' lang='lat' dir='ltr'><strong><em>initam</em></strong></span> <span class='ocrx_word' id='word_1_661' title='bbox 1052 4261 1122 4306; x_wconf 88' lang='lat' dir='ltr'><strong><em>eum</em></strong></span> <span class='ocrx_word' id='word_1_662' title='bbox 1137 4261 1199 4322; x_wconf 89' lang='lat' dir='ltr'><strong><em>pa·</em></strong></span> <span class='ocrx_word' id='word_1_663' title='bbox 1248 4243 1349 4307; x_wconf 90' lang='lat' dir='ltr'><strong><em>solum</em></strong></span> <span class='ocrx_word' id='word_1_664' title='bbox 1365 4248 1412 4308; x_wconf 92' lang='lat' dir='ltr'><strong><em>est</em></strong></span> <span class='ocrx_word' id='word_1_665' title='bbox 1429 4248 1518 4309; x_wconf 88' lang='lat' dir='ltr'><strong><em>areta</em></strong></span> <span class='ocrx_word' id='word_1_666' title='bbox 1535 4250 1564 4310; x_wconf 86' lang='lat' dir='ltr'><strong><em>et</em></strong></span> <span class='ocrx_word' id='word_1_667' title='bbox 1580 4244 1725 4326; x_wconf 72' lang='lat' dir='ltr'><strong><em>difficilis</em></strong></span> <span class='ocrx_word' id='word_1_668' title='bbox 1741 4244 1816 4310; x_wconf 87' lang='lat' dir='ltr'><strong><em>haee</em></strong></span> <span class='ocrx_word' id='word_1_669' title='bbox 1832 4246 1886 4309; x_wconf 88' lang='lat' dir='ltr'><strong><em>oia</em></strong></span> <span class='ocrx_word' id='word_1_670' title='bbox 1903 4245 2046 4325; x_wconf 85' lang='lat' dir='ltr'><strong><em>spiritus,</em></strong></span> <span class='ocrx_word' id='word_1_671' title='bbox 2065 4245 2123 4310; x_wconf 88' lang='lat' dir='ltr'><strong><em>sed</em></strong></span> <span class='ocrx_word' id='word_1_672' title='bbox 2133 4247 2229 4310; x_wconf 82' lang='lat' dir='ltr'><strong><em>etiam</em></strong></span> 
     </span>
     <span class='ocr_line' id='line_1_46' title="bbox 220 4327 2231 4414; baseline 0.001 -21"><span class='ocrx_word' id='word_1_673' title='bbox 220 4331 331 4410; x_wconf 86' lang='lat' dir='ltr'><strong><em>tribus,</em></strong></span> <span class='ocrx_word' id='word_1_674' title='bbox 353 4331 476 4412; x_wconf 78' lang='lat' dir='ltr'><strong><em>quando</em></strong></span> <span class='ocrx_word' id='word_1_675' title='bbox 498 4331 733 4414; x_wconf 79' lang='lat' dir='ltr'><strong><em>eprediebantur</em></strong></span> <span class='ocrx_word' id='word_1_676' title='bbox 748 4333 786 4396; x_wconf 92' lang='lat' dir='ltr'><strong><em>de</em></strong></span> <span class='ocrx_word' id='word_1_677' title='bbox 805 4330 956 4412; x_wconf 75' lang='lat' dir='ltr'><strong><em>Aepppto,</em></strong></span> <span class='ocrx_word' id='word_1_678' title='bbox 977 4327 1093 4393; x_wconf 87' lang='lat' dir='ltr'><strong><em>scilicet</em></strong></span> <span class='ocrx_word' id='word_1_679' title='bbox 1110 4327 1198 4392; x_wconf 88' lang='lat' dir='ltr'><strong><em>deca·</em></strong></span> <span class='ocrx_word' id='word_1_680' title='bbox 1248 4327 1462 4410; x_wconf 74' lang='lat' dir='ltr'><strong><em>inpossibilis,</em></strong></span> <span class='ocrx_word' id='word_1_681' title='bbox 1483 4331 1630 4395; x_wconf 79' lang='lat' dir='ltr'><strong><em>siccabit</em></strong></span> <span class='ocrx_word' id='word_1_682' title='bbox 1653 4328 1821 4406; x_wconf 85' lang='lat' dir='ltr'><strong><em>Christus:</em></strong></span> <span class='ocrx_word' id='word_1_683' title='bbox 1859 4331 2013 4411; x_wconf 77' lang='lat' dir='ltr'><strong><em>Quament</em></strong></span> <span class='ocrx_word' id='word_1_684' title='bbox 2032 4330 2172 4406; x_wconf 84' lang='lat' dir='ltr'><strong><em>intrare,</em></strong></span> <span class='ocrx_word' id='word_1_685' title='bbox 2205 4335 2231 4394; x_wconf 89' lang='lat' dir='ltr'><strong><em>et</em></strong></span> 
     </span>
     <span class='ocr_line' id='line_1_47' title="bbox 221 4412 2232 4503; baseline 0 -22"><span class='ocrx_word' id='word_1_686' title='bbox 221 4415 319 4499; x_wconf 75' lang='lat' dir='ltr'><strong><em>lopus.</em></strong></span> <span class='ocrx_word' id='word_1_687' title='bbox 363 4416 449 4481; x_wconf 84' lang='lat' dir='ltr'><strong><em>Hine</em></strong></span> <span class='ocrx_word' id='word_1_688' title='bbox 469 4416 628 4481; x_wconf 81' lang='lat' dir='ltr'><strong><em>dicebatur</em></strong></span> <span class='ocrx_word' id='word_1_689' title='bbox 648 4437 725 4483; x_wconf 86' lang='lat' dir='ltr'><strong><em>arca</em></strong></span> <span class='ocrx_word' id='word_1_690' title='bbox 744 4416 888 4499; x_wconf 78' lang='lat' dir='ltr'><strong><em>foederis,</em></strong></span> <span class='ocrx_word' id='word_1_691' title='bbox 910 4412 1197 4503; x_wconf 73' lang='lat' dir='ltr'><strong><em>uouusoederis,</em></strong></span> <span class='ocrx_word' id='word_1_692' title='bbox 1248 4434 1310 4478; x_wconf 89' lang='lat' dir='ltr'><strong><em>nou</em></strong></span> <span class='ocrx_word' id='word_1_693' title='bbox 1325 4419 1481 4494; x_wconf 86' lang='lat' dir='ltr'><strong><em>poterunt.</em></strong></span> <span class='ocrx_word' id='word_1_694' title='bbox 1529 4414 1633 4495; x_wconf 79' lang='lat' dir='ltr'><strong><em>Quum</em></strong></span> <span class='ocrx_word' id='word_1_695' title='bbox 1654 4421 1757 4481; x_wconf 86' lang='lat' dir='ltr'><strong><em>antem</em></strong></span> <span class='ocrx_word' id='word_1_696' title='bbox 1775 4416 1878 4498; x_wconf 80' lang='lat' dir='ltr'><strong><em>fueris</em></strong></span> <span class='ocrx_word' id='word_1_697' title='bbox 1899 4416 2071 4499; x_wconf 69' lang='lat' dir='ltr'><strong><em>inpressis,</em></strong></span> <span class='ocrx_word' id='word_1_698' title='bbox 2092 4418 2232 4497; x_wconf 55' lang='lat' dir='ltr'><strong><em>wir-itas</em></strong></span> 
     </span>
     <span class='ocr_line' id='line_1_48' title="bbox 221 4497 2233 4584; baseline 0.001 -19"><span class='ocrx_word' id='word_1_699' title='bbox 221 4500 330 4576; x_wconf 79' lang='lat' dir='ltr'><strong><em>decem</em></strong></span> <span class='ocrx_word' id='word_1_700' title='bbox 343 4500 437 4566; x_wconf 77' lang='lat' dir='ltr'><strong><em>amba</em></strong></span> <span class='ocrx_word' id='word_1_701' title='bbox 455 4501 599 4583; x_wconf 82' lang='lat' dir='ltr'><strong><em>foederis.</em></strong></span> <span class='ocrx_word' id='word_1_702' title='bbox 648 4503 702 4567; x_wconf 91' lang='lat' dir='ltr'><strong><em>Ita</em></strong></span> <span class='ocrx_word' id='word_1_703' title='bbox 729 4502 836 4568; x_wconf 86' lang='lat' dir='ltr'><strong><em>Moses</em></strong></span> <span class='ocrx_word' id='word_1_704' title='bbox 863 4500 990 4584; x_wconf 80' lang='lat' dir='ltr'><strong><em>eaponit</em></strong></span> <span class='ocrx_word' id='word_1_705' title='bbox 1014 4498 1133 4580; x_wconf 82' lang='lat' dir='ltr'><strong><em>foedus,</em></strong></span> <span class='ocrx_word' id='word_1_706' title='bbox 1162 4497 1198 4563; x_wconf 91' lang='lat' dir='ltr'><strong><em>id</em></strong></span> <span class='ocrx_word' id='word_1_707' title='bbox 1248 4499 1351 4564; x_wconf 88' lang='lat' dir='ltr'><strong><em>reddit</em></strong></span> <span class='ocrx_word' id='word_1_708' title='bbox 1372 4499 1481 4563; x_wconf 90' lang='lat' dir='ltr'><strong><em>omnia</em></strong></span> <span class='ocrx_word' id='word_1_709' title='bbox 1499 4499 1621 4580; x_wconf 69' lang='lat' dir='ltr'><strong><em>taedia,</em></strong></span> <span class='ocrx_word' id='word_1_710' title='bbox 1643 4502 1748 4565; x_wconf 88' lang='lat' dir='ltr'><strong><em>omnia</em></strong></span> <span class='ocrx_word' id='word_1_711' title='bbox 1769 4502 1948 4577; x_wconf 77' lang='lat' dir='ltr'><strong><em>iocanda⁴)</em></strong></span> <span class='ocrx_word' id='word_1_712' title='bbox 1970 4502 2079 4567; x_wconf 85' lang='lat' dir='ltr'><strong><em>omnia</em></strong></span> <span class='ocrx_word' id='word_1_713' title='bbox 2102 4503 2233 4580; x_wconf 70' lang='lat' dir='ltr'><strong><em>suana</em></strong></span> 
     </span>
     <span class='ocr_line' id='line_1_49' title="bbox 222 4583 2235 4670; baseline 0.001 -19"><span class='ocrx_word' id='word_1_714' title='bbox 222 4591 276 4665; x_wconf 87' lang='lat' dir='ltr'><strong><em>est,</em></strong></span> <span class='ocrx_word' id='word_1_715' title='bbox 298 4587 399 4652; x_wconf 82' lang='lat' dir='ltr'><strong><em>decern</em></strong></span> <span class='ocrx_word' id='word_1_716' title='bbox 419 4588 512 4652; x_wconf 78' lang='lat' dir='ltr'><strong><em>umba</em></strong></span> <span class='ocrx_word' id='word_1_717' title='bbox 534 4587 642 4665; x_wconf 88' lang='lat' dir='ltr'><strong><em>(Dent.</em></strong></span> <span class='ocrx_word' id='word_1_718' title='bbox 665 4593 709 4666; x_wconf 81' lang='grc'><strong><em>4).</em></strong></span> <span class='ocrx_word' id='word_1_719' title='bbox 750 4587 844 4652; x_wconf 88' lang='lat' dir='ltr'><strong><em>Nihil</em></strong></span> <span class='ocrx_word' id='word_1_720' title='bbox 864 4587 1004 4668; x_wconf 87' lang='lat' dir='ltr'><strong><em>amplius</em></strong></span> <span class='ocrx_word' id='word_1_721' title='bbox 1025 4586 1069 4650; x_wconf 89' lang='lat' dir='ltr'><strong><em>ad</em></strong></span> <span class='ocrx_word' id='word_1_722' title='bbox 1087 4583 1198 4665; x_wconf 70' lang='lat' dir='ltr'><strong><em>foedus</em></strong></span> <span class='ocrx_word' id='word_1_723' title='bbox 1248 4584 1406 4648; x_wconf 87' lang='lat' dir='ltr'><strong><em>internnrn</em></strong></span> <span class='ocrx_word' id='word_1_724' title='bbox 1426 4583 1580 4649; x_wconf 88' lang='lat' dir='ltr'><strong><em>hominem</em></strong></span> <span class='ocrx_word' id='word_1_725' title='bbox 1599 4586 1789 4652; x_wconf 67' lang='lat' dir='ltr'><strong><em>delectanda.</em></strong></span> <span class='ocrx_word' id='word_1_726' title='bbox 1812 4585 1869 4652; x_wconf 85' lang='lat' dir='ltr'><strong><em>Ad</em></strong></span> <span class='ocrx_word' id='word_1_727' title='bbox 1884 4586 2041 4653; x_wconf 86' lang='lat' dir='ltr'><strong><em>hominem</em></strong></span> <span class='ocrx_word' id='word_1_728' title='bbox 2057 4590 2235 4670; x_wconf 70' lang='lat' dir='ltr'><strong><em>repentinus</em></strong></span> 
     </span>
     <span class='ocr_line' id='line_1_50' title="bbox 221 4668 2238 4756; baseline -0 -18"><span class='ocrx_word' id='word_1_729' title='bbox 221 4671 337 4738; x_wconf 88' lang='lat' dir='ltr'><strong><em>adiecit</em></strong></span> <span class='ocrx_word' id='word_1_730' title='bbox 356 4672 449 4738; x_wconf 82' lang='lat' dir='ltr'><strong><em>Dens</em></strong></span> <span class='ocrx_word' id='word_1_731' title='bbox 472 4672 577 4749; x_wconf 84' lang='lat' dir='ltr'><strong><em>(Dent.</em></strong></span> <span class='ocrx_word' id='word_1_732' title='bbox 602 4678 646 4750; x_wconf 80' lang='lat'><strong><em>5).</em></strong></span> <span class='ocrx_word' id='word_1_733' title='bbox 690 4673 742 4739; x_wconf 89' lang='lat' dir='ltr'><strong><em>De</em></strong></span> <span class='ocrx_word' id='word_1_734' title='bbox 762 4672 948 4737; x_wconf 86' lang='lat' dir='ltr'><strong><em>holocaustis</em></strong></span> <span class='ocrx_word' id='word_1_735' title='bbox 977 4675 1006 4735; x_wconf 90' lang='lat' dir='ltr'><strong><em>et</em></strong></span> <span class='ocrx_word' id='word_1_736' title='bbox 1032 4668 1199 4749; x_wconf 68' lang='lat' dir='ltr'><strong><em>sacrifieiis</em></strong></span> <span class='ocrx_word' id='word_1_737' title='bbox 1248 4674 1277 4733; x_wconf 88' lang='lat' dir='ltr'><strong><em>et</em></strong></span> <span class='ocrx_word' id='word_1_738' title='bbox 1297 4668 1417 4749; x_wconf 87' lang='lat' dir='ltr'><strong><em>spiritu</em></strong></span> <span class='ocrx_word' id='word_1_739' title='bbox 1438 4669 1618 4735; x_wconf 82' lang='lat' dir='ltr'><strong><em>innovatum</em></strong></span> <span class='ocrx_word' id='word_1_740' title='bbox 1644 4672 1743 4756; x_wconf 72' lang='lat' dir='ltr'><strong><em>diripi</em></strong></span> <span class='ocrx_word' id='word_1_741' title='bbox 1771 4676 1886 4756; x_wconf 80' lang='lat' dir='ltr'><strong><em>oportet</em></strong></span> <span class='ocrx_word' id='word_1_742' title='bbox 1914 4670 2008 4737; x_wconf 85' lang='lat' dir='ltr'><strong><em>uerba</em></strong></span> <span class='ocrx_word' id='word_1_743' title='bbox 2029 4669 2170 4754; x_wconf 79' lang='lat' dir='ltr'><strong><em>Christi,</em></strong></span> <span class='ocrx_word' id='word_1_744' title='bbox 2204 4677 2238 4737; x_wconf 87' lang='lat' dir='ltr'><strong><em>ut</em></strong></span> 
     </span>
     <span class='ocr_line' id='line_1_51' title="bbox 220 4753 2237 4841; baseline 0.003 -18"><span class='ocrx_word' id='word_1_745' title='bbox 220 4756 304 4823; x_wconf 75' lang='lat' dir='ltr'><strong><em>nihil</em></strong></span> <span class='ocrx_word' id='word_1_746' title='bbox 326 4762 371 4824; x_wconf 87' lang='lat' dir='ltr'><strong><em>est</em></strong></span> <span class='ocrx_word' id='word_1_747' title='bbox 390 4762 464 4823; x_wconf 87' lang='lat' dir='ltr'><strong><em>tnnc</em></strong></span> <span class='ocrx_word' id='word_1_748' title='bbox 479 4764 688 4839; x_wconf 88' lang='lat' dir='ltr'><strong><em>praeceptum,</em></strong></span> <span class='ocrx_word' id='word_1_749' title='bbox 712 4764 749 4823; x_wconf 87' lang='lat' dir='ltr'><strong><em>ut</em></strong></span> <span class='ocrx_word' id='word_1_750' title='bbox 769 4759 817 4823; x_wconf 90' lang='lat' dir='ltr'><strong><em>ait</em></strong></span> <span class='ocrx_word' id='word_1_751' title='bbox 837 4756 919 4821; x_wconf 65' lang='lat' dir='ltr'><strong><em>mem</em></strong></span> <span class='ocrx_word' id='word_1_752' title='bbox 942 4754 1096 4820; x_wconf 74' lang='lat' dir='ltr'><strong><em>[munias</em></strong></span> <span class='ocrx_word' id='word_1_753' title='bbox 1115 4761 1195 4834; x_wconf 85' lang='lat' dir='ltr'><strong><em>(cap.</em></strong></span> <span class='ocrx_word' id='word_1_754' title='bbox 1248 4754 1363 4819; x_wconf 69' lang='lat' dir='ltr'><strong><em>sesama</em></strong></span> <span class='ocrx_word' id='word_1_755' title='bbox 1383 4758 1411 4819; x_wconf 84' lang='lat' dir='ltr'><strong><em>a</em></strong></span> <span class='ocrx_word' id='word_1_756' title='bbox 1431 4753 1513 4820; x_wconf 81' lang='lat' dir='ltr'><strong><em>lenia</em></strong></span> <span class='ocrx_word' id='word_1_757' title='bbox 1533 4775 1600 4821; x_wconf 89' lang='lat' dir='ltr'><strong><em>esse</em></strong></span> <span class='ocrx_word' id='word_1_758' title='bbox 1618 4757 1851 4840; x_wconf 77' lang='lat' dir='ltr'><strong><em>dipnoscantnr.</em></strong></span> <span class='ocrx_word' id='word_1_759' title='bbox 1898 4757 1979 4824; x_wconf 88' lang='lat' dir='ltr'><strong><em>Caro</em></strong></span> <span class='ocrx_word' id='word_1_760' title='bbox 2007 4763 2126 4827; x_wconf 80' lang='lat' dir='ltr'><strong><em>nostra</em></strong></span> <span class='ocrx_word' id='word_1_761' title='bbox 2149 4761 2237 4841; x_wconf 84' lang='lat' dir='ltr'><strong><em>dicit,</em></strong></span> 
     </span>
     <span class='ocr_line' id='line_1_52' title="bbox 121 4837 1199 4933; baseline -0.007 -22"><span class='ocrx_word' id='word_1_762' title='bbox 121 4929 123 4933; x_wconf 10' lang='grc' dir='ltr'><em>Α</em></span> <span class='ocrx_word' id='word_1_763' title='bbox 222 4846 269 4921; x_wconf 82' lang='grc'><strong><em>7).</em></strong></span> <span class='ocrx_word' id='word_1_764' title='bbox 312 4842 449 4910; x_wconf 89' lang='lat' dir='ltr'><strong><em>Desoto</em></strong></span> <span class='ocrx_word' id='word_1_765' title='bbox 469 4863 540 4927; x_wconf 76' lang='lat' dir='ltr'><strong><em>erpo</em></strong></span> <span class='ocrx_word' id='word_1_766' title='bbox 566 4844 863 4928; x_wconf 75' lang='lat' dir='ltr'><strong><em>decatepoloquem,</em></strong></span> <span class='ocrx_word' id='word_1_767' title='bbox 898 4842 953 4919; x_wconf 88' lang='lat' dir='ltr'><strong><em>ait,</em></strong></span> <span class='ocrx_word' id='word_1_768' title='bbox 985 4837 1199 4922; x_wconf 78' lang='lat' dir='ltr'><strong><em>foedusillrrd</em></strong></span> 
     </span>
    </p>
   </div>
   <div class='ocr_carea' id='block_1_7' title="bbox 290 4990 1574 5269">
    <p class='ocr_par' dir='ltr' id='par_1_11' title="bbox 290 4990 1574 5269">
     <span class='ocr_line' id='line_1_53' title="bbox 374 4990 1568 5077; baseline 0.003 -33"><span class='ocrx_word' id='word_1_769' title='bbox 374 5065 403 5077; x_wconf 91' lang='lat'><strong><em>..</em></strong></span> <span class='ocrx_word' id='word_1_770' title='bbox 464 5064 470 5076; x_wconf 90' lang='lat'>.</span> <span class='ocrx_word' id='word_1_771' title='bbox 1319 4990 1348 5056; x_wconf 85' lang='lat'><strong><em>1)</em></strong></span> <span class='ocrx_word' id='word_1_772' title='bbox 1366 4992 1471 5063; x_wconf 77' lang='lat' dir='ltr'><strong><em>pepigit</em></strong></span> <span class='ocrx_word' id='word_1_773' title='bbox 1486 4993 1568 5050; x_wconf 81' lang='lat' dir='ltr'><strong><em>Deus.</em></strong></span> 
     </span>
     <span class='ocr_line' id='line_1_54' title="bbox 290 5059 1574 5213; baseline 0.002 -30"><span class='ocrx_word' id='word_1_774' title='bbox 290 5062 321 5197; x_wconf 65' lang='lat' dir='ltr'><strong><em>ii</em></strong></span> <span class='ocrx_word' id='word_1_775' title='bbox 338 5063 562 5213; x_wconf 49' lang='lat' dir='ltr'><strong><em>mmmm</em></strong></span> <span class='ocrx_word' id='word_1_776' title='bbox 578 5130 608 5186; x_wconf 78' lang='lat' dir='ltr'><strong><em>e.</em></strong></span> <span class='ocrx_word' id='word_1_777' title='bbox 626 5129 655 5185; x_wconf 80' lang='lat' dir='ltr'><strong><em>u</em></strong></span> <span class='ocrx_word' id='word_1_778' title='bbox 671 5129 857 5213; x_wconf 34' lang='lat' dir='ltr'><strong><em>pauses..</em></strong></span> <span class='ocrx_word' id='word_1_779' title='bbox 928 5198 961 5213; x_wconf 39' lang='grc' dir='ltr'>Η</span> <span class='ocrx_word' id='word_1_780' title='bbox 997 5199 1024 5212; x_wconf 89' lang='lat'><strong><em>..</em></strong></span> <span class='ocrx_word' id='word_1_781' title='bbox 1252 5126 1258 5131; x_wconf 86' lang='grc'><em>·</em></span> <span class='ocrx_word' id='word_1_782' title='bbox 1317 5059 1350 5193; x_wconf 69' lang='lat' dir='ltr'><strong><em>ii</em></strong></span> <span class='ocrx_word' id='word_1_783' title='bbox 1367 5077 1574 5209; x_wconf 55' lang='lat' dir='ltr'><strong><em>bibitis·</em></strong></span> 
     </span>
     <span class='ocr_line' id='line_1_55' title="bbox 291 5196 1490 5269; baseline 0.002 -17"><span class='ocrx_word' id='word_1_784' title='bbox 291 5197 323 5266; x_wconf 84' lang='lat'><strong><em>3)</em></strong></span> <span class='ocrx_word' id='word_1_785' title='bbox 339 5198 421 5255; x_wconf 70' lang='lat' dir='ltr'>Nulla</span> <span class='ocrx_word' id='word_1_786' title='bbox 437 5205 519 5268; x_wconf 73' lang='lat' dir='ltr'><strong><em>igitur</em></strong></span> <span class='ocrx_word' id='word_1_787' title='bbox 535 5216 606 5255; x_wconf 87' lang='lat' dir='ltr'><strong><em>nunc</em></strong></span> <span class='ocrx_word' id='word_1_788' title='bbox 624 5198 813 5256; x_wconf 68' lang='lat' dir='ltr'><strong><em>condemnatio</em></strong></span> <span class='ocrx_word' id='word_1_789' title='bbox 830 5198 873 5255; x_wconf 81' lang='lat' dir='ltr'><strong><em>ha</em></strong></span> <span class='ocrx_word' id='word_1_790' title='bbox 889 5215 936 5269; x_wconf 76' lang='lat' dir='ltr'><strong><em>qm</em></strong></span> <span class='ocrx_word' id='word_1_791' title='bbox 953 5204 1026 5255; x_wconf 77' lang='lat' dir='ltr'><strong><em>mem</em></strong></span> <span class='ocrx_word' id='word_1_792' title='bbox 1044 5205 1106 5254; x_wconf 82' lang='lat' dir='ltr'><strong><em>sunt</em></strong></span> <span class='ocrx_word' id='word_1_793' title='bbox 1123 5238 1130 5252; x_wconf 92' lang='lat'><strong>.</strong></span> <span class='ocrx_word' id='word_1_794' title='bbox 1146 5236 1178 5253; x_wconf 88' lang='lat'><strong><em>..</em></strong></span> <span class='ocrx_word' id='word_1_795' title='bbox 1317 5196 1349 5264; x_wconf 80' lang='lat'><strong><em>4)</em></strong></span> <span class='ocrx_word' id='word_1_796' title='bbox 1367 5198 1490 5254; x_wconf 69' lang='lat' dir='ltr'><strong><em>mcunda</em></strong></span> 
     </span>
    </p>
   </div>
   <div class='ocr_carea' id='block_1_8' title="bbox 0 0 2344 5908">
    <p class='ocr_par' dir='ltr' id='par_1_12' title="bbox 0 0 2344 5908">
     <span class='ocr_line' id='line_1_56' title="bbox 0 0 2344 5908; baseline 0 0"><span class='ocrx_word' id='word_1_797' title='bbox 0 0 2344 5908; x_wconf 95' lang='lat' dir='ltr'><strong><em> </em></strong></span> 
     </span>
    </p>
   </div>
   <div class='ocr_carea' id='block_1_9' title="bbox 2338 3168 2340 5890">
    <p class='ocr_par' dir='ltr' id='par_1_13' title="bbox 2338 3168 2340 5890">
     <span class='ocr_line' id='line_1_57' title="bbox 2338 3168 2340 5890; baseline 0 0"><span class='ocrx_word' id='word_1_798' title='bbox 2338 3168 2340 5890; x_wconf 95' lang='lat' dir='ltr'><strong><em> </em></strong></span> 
     </span>
    </p>
   </div>
  </div>
 </body>
</html>
