<?xml version="1.0" encoding="UTF-8"?>
<!DOCTYPE html PUBLIC "-//W3C//DTD XHTML 1.0 Transitional//EN"
    "http://www.w3.org/TR/xhtml1/DTD/xhtml1-transitional.dtd">
<html xmlns="http://www.w3.org/1999/xhtml" xml:lang="en" lang="en">
 <head>
  <title>
</title>
<meta http-equiv="Content-Type" content="text/html;charset=utf-8" />
  <meta name='ocr-system' content='tesseract 3.04.00' />
  <meta name='ocr-capabilities' content='ocr_page ocr_carea ocr_par ocr_line ocrx_word'/>
</head>
<body>
  <div class='ocr_page' id='page_1' title='image "./ioanniscalvinio02reusgoog_0271.png"; bbox 0 0 4786 5910; ppageno 0'>
   <div class='ocr_carea' id='block_1_1' title="bbox 240 315 2263 394">
    <p class='ocr_par' dir='ltr' id='par_1_1' title="bbox 240 315 2263 394">
     <span class='ocr_line' id='line_1_1' title="bbox 240 315 2263 394; baseline -0.006 -1"><span class='ocrx_word' id='word_1_1' title='bbox 240 333 310 394; x_wconf 82' lang='lat'><strong>475</strong></span> <span class='ocrx_word' id='word_1_2' title='bbox 992 317 1260 386; x_wconf 68' lang='lat' dir='ltr'><strong>susurrum</strong></span> <span class='ocrx_word' id='word_1_3' title='bbox 1283 315 1517 386; x_wconf 77' lang='lat' dir='ltr'>ERRORUM</span> <span class='ocrx_word' id='word_1_4' title='bbox 2196 318 2263 381; x_wconf 73' lang='lat'><strong>476</strong></span> 
     </span>
    </p>
   </div>
   <div class='ocr_carea' id='block_1_2' title="bbox 158 504 2276 4965">
    <p class='ocr_par' dir='ltr' id='par_1_2' title="bbox 158 504 2261 2216">
     <span class='ocr_line' id='line_1_2' title="bbox 237 504 2261 603; baseline -0.007 -20"><span class='ocrx_word' id='word_1_5' title='bbox 237 517 377 603; x_wconf 80' lang='lat' dir='ltr'>gloriam</span> <span class='ocrx_word' id='word_1_6' title='bbox 398 534 463 597; x_wconf 90' lang='lat' dir='ltr'><strong>pro</strong></span> <span class='ocrx_word' id='word_1_7' title='bbox 484 511 622 594; x_wconf 89' lang='lat' dir='ltr'><strong>imperio</strong></span> <span class='ocrx_word' id='word_1_8' title='bbox 644 508 816 574; x_wconf 78' lang='lat' dir='ltr'><strong>tutandam</strong></span> <span class='ocrx_word' id='word_1_9' title='bbox 840 508 993 590; x_wconf 90' lang='lat' dir='ltr'><strong>suscepit,</strong></span> <span class='ocrx_word' id='word_1_10' title='bbox 1023 516 1063 570; x_wconf 91' lang='lat' dir='ltr'><strong>ut</strong></span> <span class='ocrx_word' id='word_1_11' title='bbox 1090 505 1132 570; x_wconf 92' lang='lat' dir='ltr'><strong>ad</strong></span> <span class='ocrx_word' id='word_1_12' title='bbox 1160 504 1223 568; x_wconf 92' lang='lat' dir='ltr'><strong>im·</strong></span> <span class='ocrx_word' id='word_1_13' title='bbox 1277 505 1331 572; x_wconf 93' lang='lat' dir='ltr'><strong>dio</strong></span> <span class='ocrx_word' id='word_1_14' title='bbox 1364 506 1436 572; x_wconf 90' lang='lat' dir='ltr'><strong>sine</strong></span> <span class='ocrx_word' id='word_1_15' title='bbox 1469 505 1599 571; x_wconf 88' lang='lat' dir='ltr'><strong>delectu</strong></span> <span class='ocrx_word' id='word_1_16' title='bbox 1631 516 1764 590; x_wconf 89' lang='lat' dir='ltr'><strong>recepta</strong></span> <span class='ocrx_word' id='word_1_17' title='bbox 1785 505 1920 590; x_wconf 89' lang='lat' dir='ltr'><strong>quaevis</strong></span> <span class='ocrx_word' id='word_1_18' title='bbox 1952 504 2011 569; x_wconf 88' lang='lat' dir='ltr'><strong>re&#39;</strong></span> <span class='ocrx_word' id='word_1_19' title='bbox 2039 505 2068 567; x_wconf 87' lang='lat' dir='ltr'><strong>‘o</strong></span> <span class='ocrx_word' id='word_1_20' title='bbox 2098 505 2134 568; x_wconf 94' lang='lat' dir='ltr'><strong>in</strong></span> <span class='ocrx_word' id='word_1_21' title='bbox 2168 511 2261 569; x_wconf 81' lang='lat' dir='ltr'><strong>statu</strong></span> 
     </span>
     <span class='ocr_line' id='line_1_3' title="bbox 237 589 2259 686; baseline -0.006 -19"><span class='ocrx_word' id='word_1_22' title='bbox 237 605 324 686; x_wconf 88' lang='lat' dir='ltr'><strong>piam</strong></span> <span class='ocrx_word' id='word_1_23' title='bbox 343 603 414 666; x_wconf 92' lang='lat' dir='ltr'><strong>eius</strong></span> <span class='ocrx_word' id='word_1_24' title='bbox 435 597 695 682; x_wconf 75' lang='lat' dir='ltr'><strong>profanationem</strong></span> <span class='ocrx_word' id='word_1_25' title='bbox 713 595 911 660; x_wconf 79' lang='lat' dir='ltr'><strong>conniveant</strong></span> <span class='ocrx_word' id='word_1_26' title='bbox 928 593 1035 657; x_wconf 90' lang='lat' dir='ltr'><strong>sancti</strong></span> <span class='ocrx_word' id='word_1_27' title='bbox 1047 591 1222 674; x_wconf 85' lang='lat' dir='ltr'><strong>magistra·</strong></span> <span class='ocrx_word' id='word_1_28' title='bbox 1276 613 1336 658; x_wconf 89' lang='lat' dir='ltr'><strong>suo</strong></span> <span class='ocrx_word' id='word_1_29' title='bbox 1357 599 1501 657; x_wconf 89' lang='lat' dir='ltr'><strong>maneat:</strong></span> <span class='ocrx_word' id='word_1_30' title='bbox 1524 592 1582 658; x_wconf 88' lang='lat' dir='ltr'><strong>sed</strong></span> <span class='ocrx_word' id='word_1_31' title='bbox 1604 592 1780 658; x_wconf 88' lang='lat' dir='ltr'><strong>tenendam</strong></span> <span class='ocrx_word' id='word_1_32' title='bbox 1802 612 1875 657; x_wconf 87' lang='lat' dir='ltr'><strong>esse</strong></span> <span class='ocrx_word' id='word_1_33' title='bbox 1896 597 2014 656; x_wconf 90' lang='lat' dir='ltr'><strong>conten</strong></span> <span class='ocrx_word' id='word_1_34' title='bbox 2040 591 2123 654; x_wconf 87' lang='lat' dir='ltr'><strong>&#39;mus</strong></span> <span class='ocrx_word' id='word_1_35' title='bbox 2145 589 2259 674; x_wconf 90' lang='lat' dir='ltr'><strong>legem</strong></span> 
     </span>
     <span class='ocr_line' id='line_1_4' title="bbox 237 676 2258 765; baseline -0.005 -13"><span class='ocrx_word' id='word_1_36' title='bbox 237 687 312 753; x_wconf 89' lang='lat' dir='ltr'><strong>tus?</strong></span> <span class='ocrx_word' id='word_1_37' title='bbox 357 708 395 753; x_wconf 87' lang='lat' dir='ltr'><strong>ac</strong></span> <span class='ocrx_word' id='word_1_38' title='bbox 416 707 484 750; x_wconf 91' lang='lat' dir='ltr'><strong>non</strong></span> <span class='ocrx_word' id='word_1_39' title='bbox 505 683 613 765; x_wconf 90' lang='lat' dir='ltr'><strong>potius</strong></span> <span class='ocrx_word' id='word_1_40' title='bbox 636 681 689 746; x_wconf 89' lang='lat' dir='ltr'><strong>his</strong></span> <span class='ocrx_word' id='word_1_41' title='bbox 710 678 876 744; x_wconf 83' lang='lat' dir='ltr'><strong>Dominus</strong></span> <span class='ocrx_word' id='word_1_42' title='bbox 899 678 959 743; x_wconf 92' lang='lat' dir='ltr'><strong>sub</strong></span> <span class='ocrx_word' id='word_1_43' title='bbox 982 677 1112 762; x_wconf 85' lang='lat' dir='ltr'><strong>profani</strong></span> <span class='ocrx_word' id='word_1_44' title='bbox 1133 677 1222 759; x_wconf 88' lang='lat' dir='ltr'><strong>regis</strong></span> <span class='ocrx_word' id='word_1_45' title='bbox 1275 677 1433 742; x_wconf 90' lang='lat' dir='ltr'><strong>divinitus</strong></span> <span class='ocrx_word' id='word_1_46' title='bbox 1454 679 1645 760; x_wconf 88' lang='lat' dir='ltr'><strong>praefixam,</strong></span> <span class='ocrx_word' id='word_1_47' title='bbox 1679 686 1717 742; x_wconf 95' lang='lat' dir='ltr'><strong>ut</strong></span> <span class='ocrx_word' id='word_1_48' title='bbox 1742 685 1928 762; x_wconf 91' lang='lat' dir='ltr'><strong>compertae</strong></span> <span class='ocrx_word' id='word_1_49' title='bbox 1947 676 2080 741; x_wconf 87' lang='lat' dir='ltr'><strong>veritati</strong></span> <span class='ocrx_word' id='word_1_50' title='bbox 2101 676 2258 741; x_wconf 85' lang='lat' dir='ltr'><strong>succedat</strong></span> 
     </span>
     <span class='ocr_line' id='line_1_5' title="bbox 259 759 2256 852; baseline -0.006 -14"><span class='ocrx_word' id='word_1_51' title='bbox 259 794 376 838; x_wconf 83' lang='lat' dir='ltr'><strong>ursona</strong></span> <span class='ocrx_word' id='word_1_52' title='bbox 398 777 472 852; x_wconf 79' lang='lat' dir='ltr'><strong>[pag.</strong></span> <span class='ocrx_word' id='word_1_53' title='bbox 496 773 550 847; x_wconf 82' lang='lat'><strong>28]</strong></span> <span class='ocrx_word' id='word_1_54' title='bbox 583 767 661 850; x_wconf 92' lang='lat' dir='ltr'><strong>quid</strong></span> <span class='ocrx_word' id='word_1_55' title='bbox 694 786 792 849; x_wconf 90' lang='lat' dir='ltr'><strong>agere</strong></span> <span class='ocrx_word' id='word_1_56' title='bbox 812 766 901 848; x_wconf 89' lang='lat' dir='ltr'><strong>ipsos</strong></span> <span class='ocrx_word' id='word_1_57' title='bbox 924 764 1037 830; x_wconf 88' lang='lat' dir='ltr'><strong>deceat</strong></span> <span class='ocrx_word' id='word_1_58' title='bbox 1059 762 1221 845; x_wconf 89' lang='lat' dir='ltr'><strong>praescri·</strong></span> <span class='ocrx_word' id='word_1_59' title='bbox 1273 763 1407 827; x_wconf 91' lang='lat' dir='ltr'><strong>demum</strong></span> <span class='ocrx_word' id='word_1_60' title='bbox 1423 784 1605 845; x_wconf 88' lang='lat' dir='ltr'><strong>poenarum</strong></span> <span class='ocrx_word' id='word_1_61' title='bbox 1624 765 1756 830; x_wconf 89' lang='lat' dir='ltr'><strong>sanctio.</strong></span> <span class='ocrx_word' id='word_1_62' title='bbox 1781 764 1894 847; x_wconf 79' lang='lat' dir='ltr'><strong>Quare</strong></span> <span class='ocrx_word' id='word_1_63' title='bbox 1907 764 1931 846; x_wconf 92' lang='lat'><strong>¹)</strong></span> <span class='ocrx_word' id='word_1_64' title='bbox 1944 783 2009 826; x_wconf 92' lang='lat' dir='ltr'><strong>uon</strong></span> <span class='ocrx_word' id='word_1_65' title='bbox 2027 759 2176 844; x_wconf 82' lang='lat' dir='ltr'><strong>estquod</strong></span> <span class='ocrx_word' id='word_1_66' title='bbox 2190 762 2256 828; x_wconf 90' lang='lat' dir='ltr'><strong>sibi</strong></span> 
     </span>
     <span class='ocr_line' id='line_1_6' title="bbox 236 796 2255 937; baseline -0.006 -12"><span class='ocrx_word' id='word_1_67' title='bbox 236 796 305 925; x_wconf 64' lang='lat' dir='ltr'><strong>iit?</strong></span> <span class='ocrx_word' id='word_1_68' title='bbox 350 859 510 924; x_wconf 72' lang='lat' dir='ltr'><strong>steorte</strong></span> <span class='ocrx_word' id='word_1_69' title='bbox 537 852 616 937; x_wconf 91' lang='lat' dir='ltr'><strong>quid</strong></span> <span class='ocrx_word' id='word_1_70' title='bbox 643 852 749 936; x_wconf 89' lang='lat' dir='ltr'><strong>magis</strong></span> <span class='ocrx_word' id='word_1_71' title='bbox 776 858 1026 934; x_wconf 86' lang='lat' dir='ltr'><strong>praeposterum</strong></span> <span class='ocrx_word' id='word_1_72' title='bbox 1055 868 1154 931; x_wconf 90' lang='lat' dir='ltr'><strong>quam</strong></span> <span class='ocrx_word' id='word_1_73' title='bbox 1183 847 1221 911; x_wconf 94' lang='lat' dir='ltr'><strong>in</strong></span> <span class='ocrx_word' id='word_1_74' title='bbox 1275 847 1487 913; x_wconf 82' lang='lat' dir='ltr'><strong>blandiantur</strong></span> <span class='ocrx_word' id='word_1_75' title='bbox 1508 870 1657 914; x_wconf 89' lang='lat' dir='ltr'><strong>errorum</strong></span> <span class='ocrx_word' id='word_1_76' title='bbox 1678 851 1818 932; x_wconf 90' lang='lat' dir='ltr'><strong>patroni,</strong></span> <span class='ocrx_word' id='word_1_77' title='bbox 1850 849 1907 932; x_wconf 90' lang='lat' dir='ltr'><strong>qui</strong></span> <span class='ocrx_word' id='word_1_78' title='bbox 1937 848 1973 912; x_wconf 94' lang='lat' dir='ltr'><strong>in</strong></span> <span class='ocrx_word' id='word_1_79' title='bbox 2005 845 2172 912; x_wconf 87' lang='lat' dir='ltr'><strong>fundendo</strong></span> <span class='ocrx_word' id='word_1_80' title='bbox 2202 848 2255 912; x_wconf 91' lang='lat' dir='ltr'><strong>in·</strong></span> 
     </span>
     <span class='ocr_line' id='line_1_7' title="bbox 236 932 2254 1022; baseline -0.007 -11"><span class='ocrx_word' id='word_1_81' title='bbox 236 945 393 1011; x_wconf 87' lang='lat' dir='ltr'><strong>ecclesiae</strong></span> <span class='ocrx_word' id='word_1_82' title='bbox 415 943 491 1009; x_wconf 92' lang='lat' dir='ltr'><strong>sinu</strong></span> <span class='ocrx_word' id='word_1_83' title='bbox 508 942 645 1022; x_wconf 91' lang='lat' dir='ltr'><strong>impune</strong></span> <span class='ocrx_word' id='word_1_84' title='bbox 662 938 767 1001; x_wconf 84' lang='lat' dir='ltr'><strong>l&#39;overi</strong></span> <span class='ocrx_word' id='word_1_85' title='bbox 787 936 941 1002; x_wconf 88' lang='lat' dir='ltr'><strong>scelestas</strong></span> <span class='ocrx_word' id='word_1_86' title='bbox 958 935 995 998; x_wconf 93' lang='lat' dir='ltr'><strong>in</strong></span> <span class='ocrx_word' id='word_1_87' title='bbox 1013 935 1125 998; x_wconf 90' lang='lat' dir='ltr'><strong>Deum</strong></span> <span class='ocrx_word' id='word_1_88' title='bbox 1143 953 1220 998; x_wconf 93' lang='lat' dir='ltr'><strong>con·</strong></span> <span class='ocrx_word' id='word_1_89' title='bbox 1273 934 1373 998; x_wconf 93' lang='lat' dir='ltr'><strong>noxio</strong></span> <span class='ocrx_word' id='word_1_90' title='bbox 1396 935 1558 1018; x_wconf 90' lang='lat' dir='ltr'><strong>sanguine</strong></span> <span class='ocrx_word' id='word_1_91' title='bbox 1578 935 1679 1000; x_wconf 90' lang='lat' dir='ltr'><strong>stulto</strong></span> <span class='ocrx_word' id='word_1_92' title='bbox 1692 958 1751 1000; x_wconf 92' lang='grc' dir='ltr'><strong>θυο</strong></span> <span class='ocrx_word' id='word_1_93' title='bbox 1772 936 1841 1001; x_wconf 87' lang='lat' dir='ltr'><strong>aelo</strong></span> <span class='ocrx_word' id='word_1_94' title='bbox 1862 943 1896 1000; x_wconf 90' lang='lat' dir='ltr'><strong>et</strong></span> <span class='ocrx_word' id='word_1_95' title='bbox 1916 933 2124 1018; x_wconf 88' lang='lat' dir='ltr'><strong>ignorantiae</strong></span> <span class='ocrx_word' id='word_1_96' title='bbox 2141 932 2254 997; x_wconf 88' lang='lat' dir='ltr'><strong>indul-</strong></span> 
     </span>
     <span class='ocr_line' id='line_1_8' title="bbox 237 1019 2253 1112; baseline -0.005 -17"><span class='ocrx_word' id='word_1_97' title='bbox 237 1030 389 1096; x_wconf 87' lang='lat' dir='ltr'><strong>tumelias</strong></span> <span class='ocrx_word' id='word_1_98' title='bbox 411 1049 494 1112; x_wconf 88' lang='lat' dir='ltr'><strong>quae</strong></span> <span class='ocrx_word' id='word_1_99' title='bbox 516 1028 551 1090; x_wconf 94' lang='lat' dir='ltr'><strong>in</strong></span> <span class='ocrx_word' id='word_1_100' title='bbox 574 1023 744 1108; x_wconf 80' lang='lat' dir='ltr'><strong>Babylone</strong></span> <span class='ocrx_word' id='word_1_101' title='bbox 776 1042 882 1105; x_wconf 90' lang='lat' dir='ltr'><strong>poena</strong></span> <span class='ocrx_word' id='word_1_102' title='bbox 912 1020 1042 1104; x_wconf 89' lang='lat' dir='ltr'><strong>capitali</strong></span> <span class='ocrx_word' id='word_1_103' title='bbox 1075 1019 1220 1083; x_wconf 77' lang='lat' dir='ltr'><strong>sancitae</strong></span> <span class='ocrx_word' id='word_1_104' title='bbox 1272 1032 1362 1102; x_wconf 91' lang='lat' dir='ltr'><strong>gent,</strong></span> <span class='ocrx_word' id='word_1_105' title='bbox 1384 1019 1436 1085; x_wconf 93' lang='lat' dir='ltr'><strong>vel</strong></span> <span class='ocrx_word' id='word_1_106' title='bbox 1470 1019 1586 1086; x_wconf 86' lang='lat' dir='ltr'><strong>saltem</strong></span> <span class='ocrx_word' id='word_1_107' title='bbox 1619 1021 1843 1103; x_wconf 84' lang='lat' dir='ltr'><strong>inquisitionis</strong></span> <span class='ocrx_word' id='word_1_108' title='bbox 1874 1041 1957 1085; x_wconf 91' lang='lat' dir='ltr'><strong>onus</strong></span> <span class='ocrx_word' id='word_1_109' title='bbox 1984 1020 2020 1084; x_wconf 91' lang='lat' dir='ltr'><strong>in</strong></span> <span class='ocrx_word' id='word_1_110' title='bbox 2042 1019 2123 1084; x_wconf 89' lang='lat' dir='ltr'><strong>alios</strong></span> <span class='ocrx_word' id='word_1_111' title='bbox 2144 1019 2253 1084; x_wconf 89' lang='lat' dir='ltr'><strong>reiici-</strong></span> 
     </span>
     <span class='ocr_line' id='line_1_9' title="bbox 236 1098 2252 1197; baseline -0.006 -16"><span class='ocrx_word' id='word_1_112' title='bbox 236 1115 393 1182; x_wconf 83' lang='lat' dir='ltr'><strong>fueruut?</strong></span> <span class='ocrx_word' id='word_1_113' title='bbox 428 1112 577 1197; x_wconf 90' lang='lat' dir='ltr'><strong>quamsi</strong></span> <span class='ocrx_word' id='word_1_114' title='bbox 599 1109 745 1174; x_wconf 88' lang='lat' dir='ltr'><strong>tribunal</strong></span> <span class='ocrx_word' id='word_1_115' title='bbox 767 1109 801 1171; x_wconf 91' lang='lat' dir='ltr'><strong>in</strong></span> <span class='ocrx_word' id='word_1_116' title='bbox 823 1129 888 1188; x_wconf 91' lang='lat' dir='ltr'><strong>quo</strong></span> <span class='ocrx_word' id='word_1_117' title='bbox 911 1108 999 1191; x_wconf 92' lang='lat' dir='ltr'><strong>viget</strong></span> <span class='ocrx_word' id='word_1_118' title='bbox 1022 1105 1086 1169; x_wconf 89' lang='lat' dir='ltr'><strong>Dei</strong></span> <span class='ocrx_word' id='word_1_119' title='bbox 1108 1104 1219 1186; x_wconf 92' lang='lat' dir='ltr'><strong>cogni·</strong></span> <span class='ocrx_word' id='word_1_120' title='bbox 1272 1113 1341 1183; x_wconf 90' lang='lat' dir='ltr'><strong>unt,</strong></span> <span class='ocrx_word' id='word_1_121' title='bbox 1364 1116 1403 1169; x_wconf 91' lang='lat' dir='ltr'><strong>ut</strong></span> <span class='ocrx_word' id='word_1_122' title='bbox 1420 1105 1481 1170; x_wconf 88' lang='lat' dir='ltr'><strong>sibi</strong></span> <span class='ocrx_word' id='word_1_123' title='bbox 1499 1125 1542 1169; x_wconf 91' lang='lat' dir='ltr'><strong>ex</strong></span> <span class='ocrx_word' id='word_1_124' title='bbox 1559 1106 1675 1172; x_wconf 88' lang='lat' dir='ltr'><strong>alienis</strong></span> <span class='ocrx_word' id='word_1_125' title='bbox 1693 1098 1858 1189; x_wconf 76' lang='lat' dir='ltr'><strong>responsis</strong></span> <span class='ocrx_word' id='word_1_126' title='bbox 1876 1114 2008 1171; x_wconf 88' lang='lat' dir='ltr'><strong>sanctos</strong></span> <span class='ocrx_word' id='word_1_127' title='bbox 2019 1104 2144 1170; x_wconf 88' lang='lat' dir='ltr'><strong>Ohristi</strong></span> <span class='ocrx_word' id='word_1_128' title='bbox 2162 1125 2252 1169; x_wconf 93' lang='lat' dir='ltr'><strong>mar·</strong></span> 
     </span>
     <span class='ocr_line' id='line_1_10' title="bbox 238 1189 2253 1280; baseline -0.006 -12"><span class='ocrx_word' id='word_1_129' title='bbox 238 1205 294 1280; x_wconf 90' lang='lat' dir='ltr'><strong>tio,</strong></span> <span class='ocrx_word' id='word_1_130' title='bbox 328 1222 459 1267; x_wconf 89' lang='lat' dir='ltr'><strong>sacrum</strong></span> <span class='ocrx_word' id='word_1_131' title='bbox 486 1199 556 1263; x_wconf 88' lang='lat' dir='ltr'><strong>eius</strong></span> <span class='ocrx_word' id='word_1_132' title='bbox 578 1216 707 1273; x_wconf 89' lang='lat' dir='ltr'><strong>nomen,</strong></span> <span class='ocrx_word' id='word_1_133' title='bbox 741 1193 836 1259; x_wconf 92' lang='lat' dir='ltr'><strong>ouius</strong></span> <span class='ocrx_word' id='word_1_134' title='bbox 869 1202 978 1257; x_wconf 88' lang='lat' dir='ltr'><strong>custos</strong></span> <span class='ocrx_word' id='word_1_135' title='bbox 1009 1202 1044 1255; x_wconf 90' lang='lat' dir='ltr'><strong>et</strong></span> <span class='ocrx_word' id='word_1_136' title='bbox 1076 1197 1220 1253; x_wconf 74' lang='lat' dir='ltr'><strong>assertor</strong></span> <span class='ocrx_word' id='word_1_137' title='bbox 1272 1198 1363 1274; x_wconf 80' lang='lat' dir='ltr'><strong>tyros</strong></span> <span class='ocrx_word' id='word_1_138' title='bbox 1385 1190 1563 1255; x_wconf 85' lang='lat' dir='ltr'><strong>crudeliter</strong></span> <span class='ocrx_word' id='word_1_139' title='bbox 1583 1192 1769 1257; x_wconf 89' lang='lat' dir='ltr'><strong>interficere</strong></span> <span class='ocrx_word' id='word_1_140' title='bbox 1790 1192 1895 1258; x_wconf 83' lang='lat' dir='ltr'><strong>liceat</strong></span> <span class='ocrx_word' id='word_1_141' title='bbox 1931 1190 1985 1256; x_wconf 85' lang='lat' dir='ltr'><strong>Ad</strong></span> <span class='ocrx_word' id='word_1_142' title='bbox 2007 1191 2089 1256; x_wconf 88' lang='lat' dir='ltr'><strong>haec</strong></span> <span class='ocrx_word' id='word_1_143' title='bbox 2110 1189 2253 1255; x_wconf 90' lang='lat' dir='ltr'><strong>solvitur</strong></span> 
     </span>
     <span class='ocr_line' id='line_1_11' title="bbox 237 1275 2253 1368; baseline -0.006 -15"><span class='ocrx_word' id='word_1_144' title='bbox 237 1288 300 1353; x_wconf 85' lang='lat' dir='ltr'><strong>fuit</strong></span> <span class='ocrx_word' id='word_1_145' title='bbox 321 1309 381 1352; x_wconf 92' lang='lat' dir='ltr'><strong>rex</strong></span> <span class='ocrx_word' id='word_1_146' title='bbox 404 1283 620 1368; x_wconf 86' lang='lat' dir='ltr'><strong>Babylonius,</strong></span> <span class='ocrx_word' id='word_1_147' title='bbox 661 1277 823 1363; x_wconf 89' lang='lat' dir='ltr'><strong>praesidio</strong></span> <span class='ocrx_word' id='word_1_148' title='bbox 858 1279 1026 1360; x_wconf 88' lang='lat' dir='ltr'><strong>tutelaque</strong></span> <span class='ocrx_word' id='word_1_149' title='bbox 1061 1297 1122 1339; x_wconf 90' lang='lat' dir='ltr'><strong>sua</strong></span> <span class='ocrx_word' id='word_1_150' title='bbox 1152 1295 1220 1337; x_wconf 92' lang='lat' dir='ltr'><strong>non</strong></span> <span class='ocrx_word' id='word_1_151' title='bbox 1271 1275 1477 1359; x_wconf 81' lang='lat' dir='ltr'><strong>quorundam</strong></span> <span class='ocrx_word' id='word_1_152' title='bbox 1499 1277 1645 1354; x_wconf 87' lang='lat' dir='ltr'><strong>obiectio,</strong></span> <span class='ocrx_word' id='word_1_153' title='bbox 1678 1280 1733 1360; x_wconf 92' lang='lat' dir='ltr'><strong>qui</strong></span> <span class='ocrx_word' id='word_1_154' title='bbox 1761 1290 1880 1363; x_wconf 89' lang='lat' dir='ltr'><strong>rogant</strong></span> <span class='ocrx_word' id='word_1_155' title='bbox 1900 1298 1944 1341; x_wconf 90' lang='lat' dir='ltr'><strong>au</strong></span> <span class='ocrx_word' id='word_1_156' title='bbox 1966 1275 2074 1360; x_wconf 82' lang='lat' dir='ltr'><strong>gladio</strong></span> <span class='ocrx_word' id='word_1_157' title='bbox 2097 1275 2253 1359; x_wconf 84' lang='lat' dir='ltr'><strong>adigendi</strong></span> 
     </span>
     <span class='ocr_line' id='line_1_12' title="bbox 239 1361 2251 1458; baseline -0.005 -20"><span class='ocrx_word' id='word_1_158' title='bbox 239 1371 416 1458; x_wconf 88' lang='lat' dir='ltr'><strong>dignatur?</strong></span> <span class='ocrx_word' id='word_1_159' title='bbox 468 1370 545 1434; x_wconf 91' lang='lat' dir='ltr'><strong>Nou</strong></span> <span class='ocrx_word' id='word_1_160' title='bbox 574 1365 660 1451; x_wconf 92' lang='lat' dir='ltr'><strong>quod</strong></span> <span class='ocrx_word' id='word_1_161' title='bbox 691 1365 863 1429; x_wconf 92' lang='lat' dir='ltr'><strong>homiuum</strong></span> <span class='ocrx_word' id='word_1_162' title='bbox 897 1363 1028 1428; x_wconf 78' lang='lat' dir='ltr'><strong>auxiliis</strong></span> <span class='ocrx_word' id='word_1_163' title='bbox 1061 1361 1132 1442; x_wconf 90' lang='lat' dir='ltr'><strong>ipse</strong></span> <span class='ocrx_word' id='word_1_164' title='bbox 1163 1361 1217 1422; x_wconf 92' lang='lat' dir='ltr'><strong>iu·</strong></span> <span class='ocrx_word' id='word_1_165' title='bbox 1272 1362 1341 1426; x_wconf 87' lang='lat' dir='ltr'><strong>sint</strong></span> <span class='ocrx_word' id='word_1_166' title='bbox 1372 1361 1414 1425; x_wconf 86' lang='lat' dir='ltr'><strong>ad</strong></span> <span class='ocrx_word' id='word_1_167' title='bbox 1442 1361 1568 1427; x_wconf 82' lang='lat' dir='ltr'><strong>Ohristi</strong></span> <span class='ocrx_word' id='word_1_168' title='bbox 1600 1362 1699 1427; x_wconf 88' lang='lat' dir='ltr'><strong>fidem</strong></span> <span class='ocrx_word' id='word_1_169' title='bbox 1732 1364 1857 1443; x_wconf 85' lang='lat' dir='ltr'><strong>Iudaei,-</strong></span> <span class='ocrx_word' id='word_1_170' title='bbox 1891 1364 2018 1428; x_wconf 73' lang='lat' dir='ltr'><strong>Turoae</strong></span> <span class='ocrx_word' id='word_1_171' title='bbox 2051 1371 2086 1428; x_wconf 91' lang='lat' dir='ltr'><strong>et</strong></span> <span class='ocrx_word' id='word_1_172' title='bbox 2118 1362 2251 1427; x_wconf 82' lang='lat' dir='ltr'><strong>similes</strong></span> 
     </span>
     <span class='ocr_line' id='line_1_13' title="bbox 240 1447 2256 1543; baseline -0.006 -19"><span class='ocrx_word' id='word_1_173' title='bbox 240 1459 360 1543; x_wconf 83' lang='lat' dir='ltr'><strong>digest,</strong></span> <span class='ocrx_word' id='word_1_174' title='bbox 401 1456 458 1522; x_wconf 91' lang='lat' dir='ltr'><strong>sed</strong></span> <span class='ocrx_word' id='word_1_175' title='bbox 498 1455 574 1537; x_wconf 92' lang='lat' dir='ltr'><strong>quia</strong></span> <span class='ocrx_word' id='word_1_176' title='bbox 609 1450 693 1516; x_wconf 91' lang='lat' dir='ltr'><strong>nibil</strong></span> <span class='ocrx_word' id='word_1_177' title='bbox 725 1451 835 1513; x_wconf 92' lang='lat' dir='ltr'><strong>minus</strong></span> <span class='ocrx_word' id='word_1_178' title='bbox 868 1458 1126 1514; x_wconf 89' lang='lat' dir='ltr'><strong>consentaneum</strong></span> <span class='ocrx_word' id='word_1_179' title='bbox 1159 1454 1218 1523; x_wconf 89' lang='lat' dir='ltr'><strong>est,</strong></span> <span class='ocrx_word' id='word_1_180' title='bbox 1272 1448 1386 1529; x_wconf 90' lang='lat' dir='ltr'><strong>Neque</strong></span> <span class='ocrx_word' id='word_1_181' title='bbox 1409 1448 1497 1512; x_wconf 91' lang='lat' dir='ltr'><strong>enim</strong></span> <span class='ocrx_word' id='word_1_182' title='bbox 1518 1449 1705 1530; x_wconf 89' lang='lat' dir='ltr'><strong>promiscue</strong></span> <span class='ocrx_word' id='word_1_183' title='bbox 1738 1451 1773 1513; x_wconf 90' lang='lat' dir='ltr'><strong>in</strong></span> <span class='ocrx_word' id='word_1_184' title='bbox 1805 1471 1920 1515; x_wconf 89' lang='lat' dir='ltr'><strong>omues</strong></span> <span class='ocrx_word' id='word_1_185' title='bbox 1952 1447 2099 1531; x_wconf 81' lang='lat' dir='ltr'><strong>gladium</strong></span> <span class='ocrx_word' id='word_1_186' title='bbox 2132 1447 2256 1532; x_wconf 86' lang='lat' dir='ltr'><strong>stringi</strong></span> 
     </span>
     <span class='ocr_line' id='line_1_14' title="bbox 241 1532 2252 1628; baseline -0.005 -20"><span class='ocrx_word' id='word_1_187' title='bbox 241 1565 341 1628; x_wconf 91' lang='lat' dir='ltr'><strong>quam</strong></span> <span class='ocrx_word' id='word_1_188' title='bbox 360 1563 456 1625; x_wconf 90' lang='lat' dir='ltr'><strong>reges</strong></span> <span class='ocrx_word' id='word_1_189' title='bbox 478 1550 512 1605; x_wconf 91' lang='lat' dir='ltr'><strong>et</strong></span> <span class='ocrx_word' id='word_1_190' title='bbox 533 1539 756 1623; x_wconf 82' lang='lat' dir='ltr'><strong>magistratus,</strong></span> <span class='ocrx_word' id='word_1_191' title='bbox 779 1555 860 1618; x_wconf 93' lang='lat' dir='ltr'><strong>quos</strong></span> <span class='ocrx_word' id='word_1_192' title='bbox 882 1533 944 1598; x_wconf 90' lang='lat' dir='ltr'><strong>sibi</strong></span> <span class='ocrx_word' id='word_1_193' title='bbox 968 1535 1002 1597; x_wconf 93' lang='lat' dir='ltr'><strong>in</strong></span> <span class='ocrx_word' id='word_1_194' title='bbox 1025 1533 1121 1597; x_wconf 83' lang='lat' dir='ltr'><strong>terris</strong></span> <span class='ocrx_word' id='word_1_195' title='bbox 1142 1552 1218 1596; x_wconf 92' lang='lat' dir='ltr'><strong>con·</strong></span> <span class='ocrx_word' id='word_1_196' title='bbox 1271 1533 1362 1597; x_wconf 89' lang='lat' dir='ltr'><strong>iubet</strong></span> <span class='ocrx_word' id='word_1_197' title='bbox 1383 1532 1487 1611; x_wconf 88' lang='lat' dir='ltr'><strong>Deus,</strong></span> <span class='ocrx_word' id='word_1_198' title='bbox 1510 1533 1567 1598; x_wconf 91' lang='lat' dir='ltr'><strong>scd</strong></span> <span class='ocrx_word' id='word_1_199' title='bbox 1587 1542 1762 1616; x_wconf 85' lang='lat' dir='ltr'><strong>apostatas,</strong></span> <span class='ocrx_word' id='word_1_200' title='bbox 1785 1537 1840 1617; x_wconf 90' lang='lat' dir='ltr'><strong>qui</strong></span> <span class='ocrx_word' id='word_1_201' title='bbox 1862 1556 1897 1600; x_wconf 90' lang='lat' dir='ltr'><strong>se</strong></span> <span class='ocrx_word' id='word_1_202' title='bbox 1914 1535 2014 1616; x_wconf 92' lang='lat' dir='ltr'><strong>impie</strong></span> <span class='ocrx_word' id='word_1_203' title='bbox 2033 1533 2252 1599; x_wconf 84' lang='lat' dir='ltr'><strong>alienaverint</strong></span> 
     </span>
     <span class='ocr_line' id='line_1_15' title="bbox 240 1616 2251 1702; baseline -0.005 -7"><span class='ocrx_word' id='word_1_204' title='bbox 240 1631 349 1696; x_wconf 88' lang='lat' dir='ltr'><strong>stituit</strong></span> <span class='ocrx_word' id='word_1_205' title='bbox 371 1628 549 1702; x_wconf 90' lang='lat' dir='ltr'><strong>ministros,</strong></span> <span class='ocrx_word' id='word_1_206' title='bbox 582 1645 642 1688; x_wconf 91' lang='lat' dir='ltr'><strong>sua</strong></span> <span class='ocrx_word' id='word_1_207' title='bbox 674 1620 783 1686; x_wconf 90' lang='lat' dir='ltr'><strong>studia</strong></span> <span class='ocrx_word' id='word_1_208' title='bbox 810 1620 852 1685; x_wconf 92' lang='lat' dir='ltr'><strong>ad</strong></span> <span class='ocrx_word' id='word_1_209' title='bbox 874 1619 1034 1685; x_wconf 88' lang='lat' dir='ltr'><strong>tuendum</strong></span> <span class='ocrx_word' id='word_1_210' title='bbox 1057 1617 1128 1682; x_wconf 88' lang='lat' dir='ltr'><strong>eius</strong></span> <span class='ocrx_word' id='word_1_211' title='bbox 1150 1616 1219 1681; x_wconf 92' lang='lat' dir='ltr'><strong>cul-</strong></span> <span class='ocrx_word' id='word_1_212' title='bbox 1271 1638 1387 1682; x_wconf 91' lang='lat' dir='ltr'><strong>avero</strong></span> <span class='ocrx_word' id='word_1_213' title='bbox 1405 1618 1495 1684; x_wconf 91' lang='lat' dir='ltr'><strong>cultu</strong></span> <span class='ocrx_word' id='word_1_214' title='bbox 1514 1637 1547 1682; x_wconf 86' lang='lat' dir='ltr'><strong>et</strong></span> <span class='ocrx_word' id='word_1_215' title='bbox 1564 1620 1644 1684; x_wconf 90' lang='lat' dir='ltr'><strong>alios</strong></span> <span class='ocrx_word' id='word_1_216' title='bbox 1662 1620 1704 1684; x_wconf 88' lang='lat' dir='ltr'><strong>ad</strong></span> <span class='ocrx_word' id='word_1_217' title='bbox 1724 1620 1865 1686; x_wconf 92' lang='lat' dir='ltr'><strong>similem</strong></span> <span class='ocrx_word' id='word_1_218' title='bbox 1883 1620 2099 1685; x_wconf 85' lang='lat' dir='ltr'><strong>defectionem</strong></span> <span class='ocrx_word' id='word_1_219' title='bbox 2117 1619 2251 1684; x_wconf 87' lang='lat' dir='ltr'><strong>trahere</strong></span> 
     </span>
     <span class='ocr_line' id='line_1_16' title="bbox 240 1701 2251 1788; baseline -0.006 -8"><span class='ocrx_word' id='word_1_220' title='bbox 240 1724 313 1780; x_wconf 91' lang='lat' dir='ltr'><strong>tum</strong></span> <span class='ocrx_word' id='word_1_221' title='bbox 343 1736 409 1779; x_wconf 93' lang='lat' dir='ltr'><strong>non</strong></span> <span class='ocrx_word' id='word_1_222' title='bbox 438 1714 569 1777; x_wconf 83' lang='lat' dir='ltr'><strong>referre.</strong></span> <span class='ocrx_word' id='word_1_223' title='bbox 624 1708 698 1773; x_wconf 90' lang='lat' dir='ltr'><strong>Hoc</strong></span> <span class='ocrx_word' id='word_1_224' title='bbox 730 1715 859 1771; x_wconf 89' lang='lat' dir='ltr'><strong>tautum</strong></span> <span class='ocrx_word' id='word_1_225' title='bbox 890 1707 1039 1782; x_wconf 89' lang='lat' dir='ltr'><strong>interest,</strong></span> <span class='ocrx_word' id='word_1_226' title='bbox 1073 1701 1160 1784; x_wconf 91' lang='lat' dir='ltr'><strong>quod</strong></span> <span class='ocrx_word' id='word_1_227' title='bbox 1191 1702 1219 1765; x_wconf 90' lang='lat' dir='ltr'><strong>si</strong></span> <span class='ocrx_word' id='word_1_228' title='bbox 1271 1705 1536 1782; x_wconf 78' lang='lat' dir='ltr'><strong>constituerint,</strong></span> <span class='ocrx_word' id='word_1_229' title='bbox 1569 1705 1676 1770; x_wconf 86' lang='lat' dir='ltr'><strong>iustae</strong></span> <span class='ocrx_word' id='word_1_230' title='bbox 1708 1726 1832 1788; x_wconf 90' lang='lat' dir='ltr'><strong>poenae</strong></span> <span class='ocrx_word' id='word_1_231' title='bbox 1865 1705 2004 1771; x_wconf 84' lang='lat' dir='ltr'><strong>subiicit</strong></span> <span class='ocrx_word' id='word_1_232' title='bbox 2049 1704 2147 1771; x_wconf 90' lang='lat' dir='ltr'><strong>Nunc</strong></span> <span class='ocrx_word' id='word_1_233' title='bbox 2169 1725 2251 1770; x_wconf 91' lang='lat' dir='ltr'><strong>vero</strong></span> 
     </span>
     <span class='ocr_line' id='line_1_17' title="bbox 240 1787 2251 1877; baseline -0.005 -11"><span class='ocrx_word' id='word_1_234' title='bbox 240 1801 336 1866; x_wconf 91' lang='lat' dir='ltr'><strong>illum</strong></span> <span class='ocrx_word' id='word_1_235' title='bbox 354 1799 414 1865; x_wconf 82' lang='lat' dir='ltr'><strong>aeli</strong></span> <span class='ocrx_word' id='word_1_236' title='bbox 434 1797 585 1863; x_wconf 90' lang='lat' dir='ltr'><strong>ardorem</strong></span> <span class='ocrx_word' id='word_1_237' title='bbox 602 1797 638 1858; x_wconf 92' lang='lat' dir='ltr'><strong>in</strong></span> <span class='ocrx_word' id='word_1_238' title='bbox 656 1812 754 1859; x_wconf 88' lang='lat' dir='ltr'><strong>saevo</strong></span> <span class='ocrx_word' id='word_1_239' title='bbox 773 1804 916 1877; x_wconf 86' lang='lat' dir='ltr'><strong>tyranno</strong></span> <span class='ocrx_word' id='word_1_240' title='bbox 935 1787 1083 1855; x_wconf 87' lang='lat' dir='ltr'><strong>accendit</strong></span> <span class='ocrx_word' id='word_1_241' title='bbox 1100 1788 1221 1870; x_wconf 79' lang='lat' dir='ltr'><strong>exigua</strong></span> <span class='ocrx_word' id='word_1_242' title='bbox 1271 1790 1418 1871; x_wconf 89' lang='lat' dir='ltr'><strong>quisquis</strong></span> <span class='ocrx_word' id='word_1_243' title='bbox 1451 1788 1624 1857; x_wconf 88' lang='lat' dir='ltr'><strong>haereticis</strong></span> <span class='ocrx_word' id='word_1_244' title='bbox 1657 1800 1691 1855; x_wconf 91' lang='lat' dir='ltr'><strong>et</strong></span> <span class='ocrx_word' id='word_1_245' title='bbox 1724 1791 1924 1875; x_wconf 85' lang='lat' dir='ltr'><strong>blasphemis</strong></span> <span class='ocrx_word' id='word_1_246' title='bbox 1955 1790 2079 1855; x_wconf 90' lang='lat' dir='ltr'><strong>iniuste</strong></span> <span class='ocrx_word' id='word_1_247' title='bbox 2111 1812 2251 1872; x_wconf 91' lang='lat' dir='ltr'><strong>poenam</strong></span> 
     </span>
     <span class='ocr_line' id='line_1_18' title="bbox 241 1873 2250 1967; baseline -0.006 -14"><span class='ocrx_word' id='word_1_248' title='bbox 241 1885 394 1963; x_wconf 88' lang='lat' dir='ltr'><strong>scintilla,</strong></span> <span class='ocrx_word' id='word_1_249' title='bbox 417 1882 580 1967; x_wconf 89' lang='lat' dir='ltr'><strong>principes</strong></span> <span class='ocrx_word' id='word_1_250' title='bbox 598 1879 752 1945; x_wconf 90' lang='lat' dir='ltr'><strong>ecclesiae</strong></span> <span class='ocrx_word' id='word_1_251' title='bbox 769 1877 972 1954; x_wconf 90' lang='lat' dir='ltr'><strong>domesticos,</strong></span> <span class='ocrx_word' id='word_1_252' title='bbox 995 1874 1113 1958; x_wconf 90' lang='lat' dir='ltr'><strong>quibus</strong></span> <span class='ocrx_word' id='word_1_253' title='bbox 1131 1881 1220 1938; x_wconf 84' lang='lat' dir='ltr'><strong>certo</strong></span> <span class='ocrx_word' id='word_1_254' title='bbox 1272 1875 1377 1958; x_wconf 90' lang='lat' dir='ltr'><strong>infligi</strong></span> <span class='ocrx_word' id='word_1_255' title='bbox 1399 1873 1582 1953; x_wconf 89' lang='lat' dir='ltr'><strong>contendet,</strong></span> <span class='ocrx_word' id='word_1_256' title='bbox 1606 1879 1711 1942; x_wconf 86' lang='lat' dir='ltr'><strong>aciens</strong></span> <span class='ocrx_word' id='word_1_257' title='bbox 1732 1889 1767 1942; x_wconf 91' lang='lat' dir='ltr'><strong>et</strong></span> <span class='ocrx_word' id='word_1_258' title='bbox 1787 1878 1902 1944; x_wconf 89' lang='lat' dir='ltr'><strong>volens</strong></span> <span class='ocrx_word' id='word_1_259' title='bbox 1923 1877 2037 1942; x_wconf 92' lang='lat' dir='ltr'><strong>eodem</strong></span> <span class='ocrx_word' id='word_1_260' title='bbox 2056 1897 2091 1941; x_wconf 90' lang='lat' dir='ltr'><strong>se</strong></span> <span class='ocrx_word' id='word_1_261' title='bbox 2108 1876 2250 1943; x_wconf 89' lang='lat' dir='ltr'><strong>obstrin-</strong></span> 
     </span>
     <span class='ocr_line' id='line_1_19' title="bbox 158 1960 2251 2054; baseline -0.005 -16"><span class='ocrx_word' id='word_1_262' title='bbox 158 2018 160 2020; x_wconf 93' lang='lat'>-</span> <span class='ocrx_word' id='word_1_263' title='bbox 240 1979 408 2054; x_wconf 85' lang='lat' dir='ltr'><strong>comporta</strong></span> <span class='ocrx_word' id='word_1_264' title='bbox 430 1978 490 2047; x_wconf 91' lang='lat' dir='ltr'><strong>est,</strong></span> <span class='ocrx_word' id='word_1_265' title='bbox 524 1977 557 2032; x_wconf 92' lang='lat' dir='ltr'><strong>ot</strong></span> <span class='ocrx_word' id='word_1_266' title='bbox 581 1966 668 2031; x_wconf 89' lang='lat' dir='ltr'><strong>clare</strong></span> <span class='ocrx_word' id='word_1_267' title='bbox 688 1964 801 2028; x_wconf 87' lang='lat' dir='ltr'><strong>illuxit</strong></span> <span class='ocrx_word' id='word_1_268' title='bbox 821 1963 886 2027; x_wconf 90' lang='lat' dir='ltr'><strong>Dei</strong></span> <span class='ocrx_word' id='word_1_269' title='bbox 908 1963 1041 2037; x_wconf 89' lang='lat' dir='ltr'><strong>veritas,</strong></span> <span class='ocrx_word' id='word_1_270' title='bbox 1074 1960 1138 2023; x_wconf 89' lang='lat' dir='ltr'><strong>nisi</strong></span> <span class='ocrx_word' id='word_1_271' title='bbox 1161 1977 1220 2041; x_wconf 91' lang='lat' dir='ltr'><strong>pro</strong></span> <span class='ocrx_word' id='word_1_272' title='bbox 1272 1971 1329 2044; x_wconf 90' lang='lat' dir='ltr'><strong>get</strong></span> <span class='ocrx_word' id='word_1_273' title='bbox 1359 1965 1433 2039; x_wconf 82' lang='lat' dir='ltr'><strong>[pag.</strong></span> <span class='ocrx_word' id='word_1_274' title='bbox 1468 1966 1521 2040; x_wconf 85' lang='lat'><strong>30]</strong></span> <span class='ocrx_word' id='word_1_275' title='bbox 1553 1961 1775 2045; x_wconf 87' lang='lat' dir='ltr'><strong>blasphemiae</strong></span> <span class='ocrx_word' id='word_1_276' title='bbox 1809 1972 1914 2028; x_wconf 88' lang='lat' dir='ltr'><strong>roatu.</strong></span> <span class='ocrx_word' id='word_1_277' title='bbox 1966 1963 2032 2027; x_wconf 91' lang='lat' dir='ltr'><strong>Hio</strong></span> <span class='ocrx_word' id='word_1_278' title='bbox 2063 1962 2157 2028; x_wconf 89' lang='lat' dir='ltr'><strong>nobis</strong></span> <span class='ocrx_word' id='word_1_279' title='bbox 2184 1984 2251 2028; x_wconf 92' lang='lat' dir='ltr'><strong>non</strong></span> 
     </span>
     <span class='ocr_line' id='line_1_20' title="bbox 240 2045 2252 2139; baseline -0.004 -17"><span class='ocrx_word' id='word_1_280' title='bbox 240 2077 280 2122; x_wconf 90' lang='lat' dir='ltr'><strong>ea</strong></span> <span class='ocrx_word' id='word_1_281' title='bbox 301 2057 400 2139; x_wconf 89' lang='lat' dir='ltr'><strong>longe</strong></span> <span class='ocrx_word' id='word_1_282' title='bbox 420 2055 597 2119; x_wconf 89' lang='lat' dir='ltr'><strong>animosius</strong></span> <span class='ocrx_word' id='word_1_283' title='bbox 615 2058 773 2135; x_wconf 90' lang='lat' dir='ltr'><strong>pugnent,</strong></span> <span class='ocrx_word' id='word_1_284' title='bbox 797 2055 926 2114; x_wconf 90' lang='lat' dir='ltr'><strong>constat</strong></span> <span class='ocrx_word' id='word_1_285' title='bbox 943 2047 1049 2130; x_wconf 90' lang='lat' dir='ltr'><strong>turpis</strong></span> <span class='ocrx_word' id='word_1_286' title='bbox 1067 2045 1220 2130; x_wconf 89' lang='lat' dir='ltr'><strong>ignaviae</strong></span> <span class='ocrx_word' id='word_1_287' title='bbox 1273 2045 1460 2111; x_wconf 89' lang='lat' dir='ltr'><strong>obtruditur</strong></span> <span class='ocrx_word' id='word_1_288' title='bbox 1481 2047 1649 2112; x_wconf 93' lang='lat' dir='ltr'><strong>hominum</strong></span> <span class='ocrx_word' id='word_1_289' title='bbox 1672 2049 1843 2128; x_wconf 86' lang='lat' dir='ltr'><strong>autoritas,</strong></span> <span class='ocrx_word' id='word_1_290' title='bbox 1875 2048 1932 2114; x_wconf 92' lang='lat' dir='ltr'><strong>sed</strong></span> <span class='ocrx_word' id='word_1_291' title='bbox 1954 2049 2066 2113; x_wconf 91' lang='lat' dir='ltr'><strong>Deum</strong></span> <span class='ocrx_word' id='word_1_292' title='bbox 2098 2048 2252 2114; x_wconf 89' lang='lat' dir='ltr'><strong>audimus</strong></span> 
     </span>
     <span class='ocr_line' id='line_1_21' title="bbox 239 2130 2252 2216; baseline -0.005 -7"><span class='ocrx_word' id='word_1_293' title='bbox 239 2142 291 2209; x_wconf 89' lang='lat' dir='ltr'><strong>bis</strong></span> <span class='ocrx_word' id='word_1_294' title='bbox 313 2163 385 2207; x_wconf 92' lang='lat' dir='ltr'><strong>reos</strong></span> <span class='ocrx_word' id='word_1_295' title='bbox 407 2161 487 2206; x_wconf 88' lang='lat' dir='ltr'><strong>esse.</strong></span> <span class='ocrx_word' id='word_1_296' title='bbox 1272 2130 1468 2214; x_wconf 68' lang='lat' dir='ltr'><strong>loquentem,</strong></span> <span class='ocrx_word' id='word_1_297' title='bbox 1508 2142 1542 2197; x_wconf 72' lang='lat' dir='ltr'><strong>el</strong></span> <span class='ocrx_word' id='word_1_298' title='bbox 1580 2133 1657 2215; x_wconf 75' lang='lat' dir='ltr'><strong>quid</strong></span> <span class='ocrx_word' id='word_1_299' title='bbox 1689 2134 1845 2201; x_wconf 88' lang='lat' dir='ltr'><strong>ecclesiae</strong></span> <span class='ocrx_word' id='word_1_300' title='bbox 1877 2156 1956 2200; x_wconf 90' lang='lat' dir='ltr'><strong>suae</strong></span> <span class='ocrx_word' id='word_1_301' title='bbox 1987 2135 2021 2198; x_wconf 93' lang='lat' dir='ltr'><strong>in</strong></span> <span class='ocrx_word' id='word_1_302' title='bbox 2055 2144 2252 2216; x_wconf 86' lang='lat' dir='ltr'><strong>perpetuum</strong></span> 
     </span>
    </p>

    <p class='ocr_par' dir='ltr' id='par_1_3' title="bbox 240 2217 2276 4965">
     <span class='ocr_line' id='line_1_22' title="bbox 327 2217 2252 2305; baseline -0.004 -12"><span class='ocrx_word' id='word_1_303' title='bbox 327 2227 395 2294; x_wconf 79' lang='lat' dir='ltr'><strong>Sed</strong></span> <span class='ocrx_word' id='word_1_304' title='bbox 416 2227 483 2290; x_wconf 89' lang='lat' dir='ltr'><strong>iam</strong></span> <span class='ocrx_word' id='word_1_305' title='bbox 505 2224 679 2289; x_wconf 89' lang='lat' dir='ltr'><strong>audiamus</strong></span> <span class='ocrx_word' id='word_1_306' title='bbox 699 2220 779 2303; x_wconf 91' lang='lat' dir='ltr'><strong>quid</strong></span> <span class='ocrx_word' id='word_1_307' title='bbox 806 2220 888 2287; x_wconf 91' lang='lat' dir='ltr'><strong>iuris</strong></span> <span class='ocrx_word' id='word_1_308' title='bbox 909 2217 1074 2282; x_wconf 91' lang='lat' dir='ltr'><strong>Dominus</strong></span> <span class='ocrx_word' id='word_1_309' title='bbox 1096 2225 1220 2281; x_wconf 88' lang='lat' dir='ltr'><strong>statue-</strong></span> <span class='ocrx_word' id='word_1_310' title='bbox 1272 2217 1406 2282; x_wconf 89' lang='lat' dir='ltr'><strong>mandet</strong></span> <span class='ocrx_word' id='word_1_311' title='bbox 1423 2237 1490 2281; x_wconf 91' lang='lat' dir='ltr'><strong>uon</strong></span> <span class='ocrx_word' id='word_1_312' title='bbox 1508 2219 1644 2284; x_wconf 90' lang='lat' dir='ltr'><strong>obscure</strong></span> <span class='ocrx_word' id='word_1_313' title='bbox 1662 2220 1887 2305; x_wconf 83' lang='lat' dir='ltr'><strong>intelligimus.</strong></span> <span class='ocrx_word' id='word_1_314' title='bbox 1911 2221 1987 2285; x_wconf 92' lang='lat' dir='ltr'><strong>Non</strong></span> <span class='ocrx_word' id='word_1_315' title='bbox 1998 2220 2252 2285; x_wconf 84' lang='lat' dir='ltr'><strong>fmstrahuma·</strong></span> 
     </span>
     <span class='ocr_line' id='line_1_23' title="bbox 240 2301 2252 2390; baseline -0.003 -13"><span class='ocrx_word' id='word_1_316' title='bbox 240 2315 285 2378; x_wconf 87' lang='lat' dir='ltr'><strong>rit</strong></span> <span class='ocrx_word' id='word_1_317' title='bbox 305 2314 342 2377; x_wconf 93' lang='lat' dir='ltr'><strong>in</strong></span> <span class='ocrx_word' id='word_1_318' title='bbox 364 2334 426 2378; x_wconf 88' lang='lat' dir='ltr'><strong>sua</strong></span> <span class='ocrx_word' id='word_1_319' title='bbox 446 2310 591 2377; x_wconf 85' lang='lat' dir='ltr'><strong>ecclesia</strong></span> <span class='ocrx_word' id='word_1_320' title='bbox 636 2310 816 2390; x_wconf 89' lang='lat' dir='ltr'><strong>Postquam</strong></span> <span class='ocrx_word' id='word_1_321' title='bbox 848 2306 937 2370; x_wconf 92' lang='lat' dir='ltr'><strong>enim</strong></span> <span class='ocrx_word' id='word_1_322' title='bbox 969 2301 1167 2386; x_wconf 89' lang='lat' dir='ltr'><strong>prophetam</strong></span> <span class='ocrx_word' id='word_1_323' title='bbox 1188 2309 1222 2366; x_wconf 90' lang='lat' dir='ltr'><strong>ot</strong></span> <span class='ocrx_word' id='word_1_324' title='bbox 1273 2323 1332 2367; x_wconf 90' lang='lat' dir='ltr'><strong>nos</strong></span> <span class='ocrx_word' id='word_1_325' title='bbox 1343 2322 1459 2367; x_wconf 89' lang='lat' dir='ltr'><strong>omnes</strong></span> <span class='ocrx_word' id='word_1_326' title='bbox 1470 2303 1608 2369; x_wconf 86' lang='lat' dir='ltr'><strong>affectus</strong></span> <span class='ocrx_word' id='word_1_327' title='bbox 1618 2305 1753 2385; x_wconf 86' lang='lat' dir='ltr'><strong>excutit,</strong></span> <span class='ocrx_word' id='word_1_328' title='bbox 1761 2307 1880 2389; x_wconf 92' lang='lat' dir='ltr'><strong>quibus</strong></span> <span class='ocrx_word' id='word_1_329' title='bbox 1889 2306 2010 2372; x_wconf 89' lang='lat' dir='ltr'><strong>molliri</strong></span> <span class='ocrx_word' id='word_1_330' title='bbox 2022 2303 2121 2369; x_wconf 89' lang='lat' dir='ltr'><strong>corda</strong></span> <span class='ocrx_word' id='word_1_331' title='bbox 2130 2306 2252 2371; x_wconf 87' lang='lat' dir='ltr'><strong>solent:</strong></span> 
     </span>
     <span class='ocr_line' id='line_1_24' title="bbox 240 2388 2252 2478; baseline -0.004 -13"><span class='ocrx_word' id='word_1_332' title='bbox 240 2400 490 2474; x_wconf 86' lang='lat' dir='ltr'><strong>somniatorem,</strong></span> <span class='ocrx_word' id='word_1_333' title='bbox 522 2397 577 2478; x_wconf 92' lang='lat' dir='ltr'><strong>qui</strong></span> <span class='ocrx_word' id='word_1_334' title='bbox 605 2394 764 2477; x_wconf 92' lang='lat' dir='ltr'><strong>populum</strong></span> <span class='ocrx_word' id='word_1_335' title='bbox 796 2390 975 2456; x_wconf 85' lang='lat' dir='ltr'><strong>abducere·</strong></span> <span class='ocrx_word' id='word_1_336' title='bbox 990 2388 1169 2455; x_wconf 86' lang='lat' dir='ltr'><strong>tentaverit</strong></span> <span class='ocrx_word' id='word_1_337' title='bbox 1201 2407 1221 2450; x_wconf 87' lang='lat' dir='ltr'><strong>a</strong></span> <span class='ocrx_word' id='word_1_338' title='bbox 1272 2402 1448 2470; x_wconf 89' lang='lat' dir='ltr'><strong>paternum</strong></span> <span class='ocrx_word' id='word_1_339' title='bbox 1470 2411 1624 2467; x_wconf 90' lang='lat' dir='ltr'><strong>amorem,</strong></span> <span class='ocrx_word' id='word_1_340' title='bbox 1658 2390 1814 2475; x_wconf 93' lang='lat' dir='ltr'><strong>quidquid</strong></span> <span class='ocrx_word' id='word_1_341' title='bbox 1834 2400 1886 2457; x_wconf 91' lang='lat' dir='ltr'><strong>est</strong></span> <span class='ocrx_word' id='word_1_342' title='bbox 1906 2392 1994 2456; x_wconf 82' lang='lat' dir='ltr'><strong>inter</strong></span> <span class='ocrx_word' id='word_1_343' title='bbox 2014 2392 2141 2470; x_wconf 83' lang='lat' dir='ltr'><strong>fratres,</strong></span> <span class='ocrx_word' id='word_1_344' title='bbox 2173 2413 2252 2474; x_wconf 92' lang='lat' dir='ltr'><strong>pro-</strong></span> 
     </span>
     <span class='ocr_line' id='line_1_25' title="bbox 240 2475 2250 2569; baseline -0.004 -18"><span class='ocrx_word' id='word_1_345' title='bbox 240 2494 329 2551; x_wconf 90' lang='lat' dir='ltr'><strong>reoto</strong></span> <span class='ocrx_word' id='word_1_346' title='bbox 352 2484 483 2569; x_wconf 90' lang='lat' dir='ltr'><strong>pietatis</strong></span> <span class='ocrx_word' id='word_1_347' title='bbox 505 2481 606 2558; x_wconf 90' lang='lat' dir='ltr'><strong>cultu,</strong></span> <span class='ocrx_word' id='word_1_348' title='bbox 639 2480 736 2545; x_wconf 89' lang='lat' dir='ltr'><strong>iussit</strong></span> <span class='ocrx_word' id='word_1_349' title='bbox 769 2477 881 2556; x_wconf 91' lang='lat' dir='ltr'><strong>occidi,</strong></span> <span class='ocrx_word' id='word_1_350' title='bbox 915 2475 1054 2542; x_wconf 91' lang='lat' dir='ltr'><strong>eandem</strong></span> <span class='ocrx_word' id='word_1_351' title='bbox 1081 2494 1220 2556; x_wconf 90' lang='lat' dir='ltr'><strong>poenam</strong></span> <span class='ocrx_word' id='word_1_352' title='bbox 1273 2475 1414 2558; x_wconf 89' lang='lat' dir='ltr'><strong>pinquos</strong></span> <span class='ocrx_word' id='word_1_353' title='bbox 1447 2484 1481 2539; x_wconf 91' lang='lat' dir='ltr'><strong>et</strong></span> <span class='ocrx_word' id='word_1_354' title='bbox 1511 2477 1633 2540; x_wconf 90' lang='lat' dir='ltr'><strong>amicos</strong></span> <span class='ocrx_word' id='word_1_355' title='bbox 1672 2476 1920 2544; x_wconf 89' lang='lat' dir='ltr'><strong>benevolentiae</strong></span> <span class='ocrx_word' id='word_1_356' title='bbox 1952 2479 2111 2543; x_wconf 88' lang='lat' dir='ltr'><strong>facessere</strong></span> <span class='ocrx_word' id='word_1_357' title='bbox 2142 2477 2250 2543; x_wconf 87' lang='lat' dir='ltr'><strong>iubet:</strong></span> 
     </span>
     <span class='ocr_line' id='line_1_26' title="bbox 241 2559 2253 2655; baseline -0.003 -19"><span class='ocrx_word' id='word_1_358' title='bbox 241 2571 284 2637; x_wconf 94' lang='lat' dir='ltr'><strong>ad</strong></span> <span class='ocrx_word' id='word_1_359' title='bbox 296 2570 443 2655; x_wconf 87' lang='lat' dir='ltr'><strong>singulos</strong></span> <span class='ocrx_word' id='word_1_360' title='bbox 456 2564 607 2633; x_wconf 89' lang='lat' dir='ltr'><strong>extendit</strong></span> <span class='ocrx_word' id='word_1_361' title='bbox 624 2565 676 2630; x_wconf 91' lang='lat' dir='ltr'><strong>his</strong></span> <span class='ocrx_word' id='word_1_362' title='bbox 698 2565 822 2630; x_wconf 90' lang='lat' dir='ltr'><strong>verbis:</strong></span> <span class='ocrx_word' id='word_1_363' title='bbox 846 2561 884 2629; x_wconf 80' lang='lat' dir='ltr'><strong>Si</strong></span> <span class='ocrx_word' id='word_1_364' title='bbox 902 2559 1089 2627; x_wconf 89' lang='lat' dir='ltr'><strong>incitaverit</strong></span> <span class='ocrx_word' id='word_1_365' title='bbox 1104 2567 1139 2624; x_wconf 92' lang='lat' dir='ltr'><strong>te</strong></span> <span class='ocrx_word' id='word_1_366' title='bbox 1156 2560 1221 2623; x_wconf 79' lang='lat' dir='ltr'><strong>fra-</strong></span> <span class='ocrx_word' id='word_1_367' title='bbox 1272 2562 1409 2626; x_wconf 89' lang='lat' dir='ltr'><strong>maritos</strong></span> <span class='ocrx_word' id='word_1_368' title='bbox 1430 2571 1564 2627; x_wconf 89' lang='lat' dir='ltr'><strong>revocat</strong></span> <span class='ocrx_word' id='word_1_369' title='bbox 1585 2583 1604 2626; x_wconf 89' lang='lat' dir='ltr'><strong>a</strong></span> <span class='ocrx_word' id='word_1_370' title='bbox 1626 2563 1713 2627; x_wconf 91' lang='lat' dir='ltr'><strong>thori</strong></span> <span class='ocrx_word' id='word_1_371' title='bbox 1736 2562 1915 2630; x_wconf 86' lang='lat' dir='ltr'><strong>blanditiis:</strong></span> <span class='ocrx_word' id='word_1_372' title='bbox 1940 2562 2080 2646; x_wconf 90' lang='lat' dir='ltr'><strong>donique</strong></span> <span class='ocrx_word' id='word_1_373' title='bbox 2101 2563 2253 2629; x_wconf 89' lang='lat' dir='ltr'><strong>homines</strong></span> 
     </span>
     <span class='ocr_line' id='line_1_27' title="bbox 241 2644 2253 2733; baseline -0.003 -14"><span class='ocrx_word' id='word_1_374' title='bbox 241 2664 293 2720; x_wconf 88' lang='lat' dir='ltr'><strong>ter</strong></span> <span class='ocrx_word' id='word_1_375' title='bbox 315 2665 391 2720; x_wconf 91' lang='lat' dir='ltr'><strong>tuus</strong></span> <span class='ocrx_word' id='word_1_376' title='bbox 412 2655 501 2720; x_wconf 89' lang='lat' dir='ltr'><strong>filius</strong></span> <span class='ocrx_word' id='word_1_377' title='bbox 523 2652 639 2717; x_wconf 89' lang='lat' dir='ltr'><strong>matris</strong></span> <span class='ocrx_word' id='word_1_378' title='bbox 661 2658 747 2728; x_wconf 91' lang='lat' dir='ltr'><strong>tuae,</strong></span> <span class='ocrx_word' id='word_1_379' title='bbox 769 2657 827 2714; x_wconf 90' lang='lat' dir='ltr'><strong>aut</strong></span> <span class='ocrx_word' id='word_1_380' title='bbox 848 2648 936 2713; x_wconf 92' lang='lat' dir='ltr'><strong>filius</strong></span> <span class='ocrx_word' id='word_1_381' title='bbox 958 2657 1045 2724; x_wconf 88' lang='lat' dir='ltr'><strong>tuus,</strong></span> <span class='ocrx_word' id='word_1_382' title='bbox 1075 2657 1132 2709; x_wconf 90' lang='lat' dir='ltr'><strong>aut</strong></span> <span class='ocrx_word' id='word_1_383' title='bbox 1153 2644 1222 2709; x_wconf 89' lang='lat' dir='ltr'><strong>filia</strong></span> <span class='ocrx_word' id='word_1_384' title='bbox 1272 2644 1509 2729; x_wconf 87' lang='lat' dir='ltr'><strong>propemodum</strong></span> <span class='ocrx_word' id='word_1_385' title='bbox 1537 2656 1656 2713; x_wconf 88' lang='lat' dir='ltr'><strong>natura</strong></span> <span class='ocrx_word' id='word_1_386' title='bbox 1684 2670 1744 2715; x_wconf 88' lang='lat' dir='ltr'><strong>sua</strong></span> <span class='ocrx_word' id='word_1_387' title='bbox 1777 2651 1878 2728; x_wconf 84' lang='lat' dir='ltr'><strong>exuit,</strong></span> <span class='ocrx_word' id='word_1_388' title='bbox 1911 2671 1952 2714; x_wconf 90' lang='lat' dir='ltr'><strong>ne</strong></span> <span class='ocrx_word' id='word_1_389' title='bbox 1985 2648 2062 2733; x_wconf 91' lang='lat' dir='ltr'><strong>quid</strong></span> <span class='ocrx_word' id='word_1_390' title='bbox 2093 2649 2253 2715; x_wconf 87' lang='lat' dir='ltr'><strong>obstaculi</strong></span> 
     </span>
     <span class='ocr_line' id='line_1_28' title="bbox 241 2731 2253 2820; baseline -0.002 -14"><span class='ocrx_word' id='word_1_391' title='bbox 241 2749 309 2818; x_wconf 86' lang='lat' dir='ltr'><strong>tua,</strong></span> <span class='ocrx_word' id='word_1_392' title='bbox 342 2749 401 2805; x_wconf 91' lang='lat' dir='ltr'><strong>aut</strong></span> <span class='ocrx_word' id='word_1_393' title='bbox 430 2761 514 2804; x_wconf 90' lang='lat' dir='ltr'><strong>uxor</strong></span> <span class='ocrx_word' id='word_1_394' title='bbox 535 2757 617 2820; x_wconf 90' lang='lat' dir='ltr'><strong>quae</strong></span> <span class='ocrx_word' id='word_1_395' title='bbox 647 2745 698 2802; x_wconf 91' lang='lat' dir='ltr'><strong>est</strong></span> <span class='ocrx_word' id='word_1_396' title='bbox 717 2738 753 2801; x_wconf 92' lang='lat' dir='ltr'><strong>in</strong></span> <span class='ocrx_word' id='word_1_397' title='bbox 775 2735 851 2801; x_wconf 89' lang='lat' dir='ltr'><strong>sinu</strong></span> <span class='ocrx_word' id='word_1_398' title='bbox 872 2744 937 2813; x_wconf 91' lang='lat' dir='ltr'><strong>tuo,</strong></span> <span class='ocrx_word' id='word_1_399' title='bbox 972 2743 1030 2796; x_wconf 87' lang='lat' dir='ltr'><strong>aut</strong></span> <span class='ocrx_word' id='word_1_400' title='bbox 1050 2731 1221 2814; x_wconf 90' lang='lat' dir='ltr'><strong>proximus</strong></span> <span class='ocrx_word' id='word_1_401' title='bbox 1273 2740 1424 2798; x_wconf 86' lang='lat' dir='ltr'><strong>sanctum</strong></span> <span class='ocrx_word' id='word_1_402' title='bbox 1446 2753 1560 2797; x_wconf 91' lang='lat' dir='ltr'><strong>eorum</strong></span> <span class='ocrx_word' id='word_1_403' title='bbox 1579 2732 1689 2799; x_wconf 83' lang='lat' dir='ltr'><strong>zelum</strong></span> <span class='ocrx_word' id='word_1_404' title='bbox 1709 2743 1866 2800; x_wconf 89' lang='lat' dir='ltr'><strong>moretur.</strong></span> <span class='ocrx_word' id='word_1_405' title='bbox 1911 2735 1982 2801; x_wconf 84' lang='lat' dir='ltr'><strong>Our</strong></span> <span class='ocrx_word' id='word_1_406' title='bbox 2006 2744 2074 2799; x_wconf 89' lang='lat' dir='ltr'><strong>tam</strong></span> <span class='ocrx_word' id='word_1_407' title='bbox 2095 2734 2253 2819; x_wconf 82' lang='lat' dir='ltr'><strong>implaca-</strong></span> 
     </span>
     <span class='ocr_line' id='line_1_29' title="bbox 242 2814 2254 2910; baseline -0.003 -19"><span class='ocrx_word' id='word_1_408' title='bbox 242 2847 342 2910; x_wconf 91' lang='lat' dir='ltr'><strong>quem</strong></span> <span class='ocrx_word' id='word_1_409' title='bbox 372 2823 473 2891; x_wconf 90' lang='lat' dir='ltr'><strong>habes</strong></span> <span class='ocrx_word' id='word_1_410' title='bbox 507 2823 600 2907; x_wconf 91' lang='lat' dir='ltr'><strong>quasi</strong></span> <span class='ocrx_word' id='word_1_411' title='bbox 632 2822 790 2886; x_wconf 86' lang='lat' dir='ltr'><strong>animam·</strong></span> <span class='ocrx_word' id='word_1_412' title='bbox 806 2828 908 2897; x_wconf 91' lang='lat' dir='ltr'><strong>tuam,</strong></span> <span class='ocrx_word' id='word_1_413' title='bbox 942 2825 1068 2884; x_wconf 86' lang='lat' dir='ltr'><strong>secreto</strong></span> <span class='ocrx_word' id='word_1_414' title='bbox 1100 2814 1221 2895; x_wconf 84' lang='lat' dir='ltr'><strong>dicens,</strong></span> <span class='ocrx_word' id='word_1_415' title='bbox 1272 2816 1347 2882; x_wconf 89' lang='lat' dir='ltr'><strong>bilis</strong></span> <span class='ocrx_word' id='word_1_416' title='bbox 1369 2818 1515 2903; x_wconf 87' lang='lat' dir='ltr'><strong>exigitur</strong></span> <span class='ocrx_word' id='word_1_417' title='bbox 1536 2820 1705 2898; x_wconf 88' lang='lat' dir='ltr'><strong>severitas,</strong></span> <span class='ocrx_word' id='word_1_418' title='bbox 1732 2821 1797 2885; x_wconf 90' lang='lat' dir='ltr'><strong>nisi</strong></span> <span class='ocrx_word' id='word_1_419' title='bbox 1825 2828 1863 2885; x_wconf 92' lang='lat' dir='ltr'><strong>ut</strong></span> <span class='ocrx_word' id='word_1_420' title='bbox 1884 2821 2025 2887; x_wconf 89' lang='lat' dir='ltr'><strong>sciamus</strong></span> <span class='ocrx_word' id='word_1_421' title='bbox 2047 2841 2113 2885; x_wconf 90' lang='lat' dir='ltr'><strong>non</strong></span> <span class='ocrx_word' id='word_1_422' title='bbox 2136 2821 2254 2886; x_wconf 88' lang='lat' dir='ltr'><strong>haberi</strong></span> 
     </span>
     <span class='ocr_line' id='line_1_30' title="bbox 242 2902 2253 2989; baseline -0.002 -11"><span class='ocrx_word' id='word_1_423' title='bbox 242 2932 357 2978; x_wconf 90' lang='lat' dir='ltr'><strong>eamus</strong></span> <span class='ocrx_word' id='word_1_424' title='bbox 379 2919 412 2974; x_wconf 91' lang='lat' dir='ltr'><strong>et</strong></span> <span class='ocrx_word' id='word_1_425' title='bbox 429 2909 612 2976; x_wconf 87' lang='lat' dir='ltr'><strong>serviamus</strong></span> <span class='ocrx_word' id='word_1_426' title='bbox 631 2908 693 2974; x_wconf 90' lang='lat' dir='ltr'><strong>diis</strong></span> <span class='ocrx_word' id='word_1_427' title='bbox 714 2906 840 2986; x_wconf 90' lang='lat' dir='ltr'><strong>alienis,</strong></span> <span class='ocrx_word' id='word_1_428' title='bbox 863 2925 944 2988; x_wconf 91' lang='lat' dir='ltr'><strong>quos</strong></span> <span class='ocrx_word' id='word_1_429' title='bbox 965 2923 1026 2969; x_wconf 92' lang='lat' dir='ltr'><strong>nec</strong></span> <span class='ocrx_word' id='word_1_430' title='bbox 1039 2911 1075 2968; x_wconf 91' lang='lat' dir='ltr'><strong>tu</strong></span> <span class='ocrx_word' id='word_1_431' title='bbox 1087 2902 1221 2985; x_wconf 88' lang='lat' dir='ltr'><strong>novisti,</strong></span> <span class='ocrx_word' id='word_1_432' title='bbox 1274 2923 1372 2968; x_wconf 91' lang='lat' dir='ltr'><strong>suum</strong></span> <span class='ocrx_word' id='word_1_433' title='bbox 1393 2904 1466 2970; x_wconf 93' lang='lat' dir='ltr'><strong>Deo</strong></span> <span class='ocrx_word' id='word_1_434' title='bbox 1499 2903 1666 2984; x_wconf 85' lang='lat' dir='ltr'><strong>honorum,</strong></span> <span class='ocrx_word' id='word_1_435' title='bbox 1699 2906 1764 2971; x_wconf 86' lang='lat' dir='ltr'><strong>nisi</strong></span> <span class='ocrx_word' id='word_1_436' title='bbox 1797 2928 1881 2989; x_wconf 90' lang='lat' dir='ltr'><strong>quae</strong></span> <span class='ocrx_word' id='word_1_437' title='bbox 1902 2905 1952 2971; x_wconf 93' lang='lat' dir='ltr'><strong>illi</strong></span> <span class='ocrx_word' id='word_1_438' title='bbox 1975 2906 2113 2973; x_wconf 91' lang='lat' dir='ltr'><strong>debetur</strong></span> <span class='ocrx_word' id='word_1_439' title='bbox 2144 2907 2253 2988; x_wconf 84' lang='lat' dir='ltr'><strong>pietas</strong></span> 
     </span>
     <span class='ocr_line' id='line_1_31' title="bbox 242 2986 2254 3120; baseline -0.002 -58"><span class='ocrx_word' id='word_1_440' title='bbox 242 3019 304 3064; x_wconf 89' lang='lat' dir='ltr'><strong>nec</strong></span> <span class='ocrx_word' id='word_1_441' title='bbox 337 3006 448 3080; x_wconf 88' lang='lat' dir='ltr'><strong>patres</strong></span> <span class='ocrx_word' id='word_1_442' title='bbox 482 2996 545 3060; x_wconf 91' lang='lat' dir='ltr'><strong>tui:</strong></span> <span class='ocrx_word' id='word_1_443' title='bbox 559 2997 584 3071; x_wconf 87' lang='lat'><strong>¹)</strong></span> <span class='ocrx_word' id='word_1_444' title='bbox 617 3016 681 3058; x_wconf 91' lang='lat' dir='ltr'><strong>non</strong></span> <span class='ocrx_word' id='word_1_445' title='bbox 717 2992 901 3076; x_wconf 85' lang='lat' dir='ltr'><strong>acquiesces</strong></span> <span class='ocrx_word' id='word_1_446' title='bbox 934 2991 979 3067; x_wconf 90' lang='lat' dir='ltr'><strong>ei,</strong></span> <span class='ocrx_word' id='word_1_447' title='bbox 1012 3009 1074 3055; x_wconf 89' lang='lat' dir='ltr'><strong>nec</strong></span> <span class='ocrx_word' id='word_1_448' title='bbox 1109 2986 1221 3053; x_wconf 89' lang='lat' dir='ltr'><strong>audies</strong></span> <span class='ocrx_word' id='word_1_449' title='bbox 1246 3031 1249 3120; x_wconf 67' lang='grc' dir='ltr'>Ι</span> <span class='ocrx_word' id='word_1_450' title='bbox 1273 2989 1427 3054; x_wconf 90' lang='lat' dir='ltr'><strong>humanis</strong></span> <span class='ocrx_word' id='word_1_451' title='bbox 1466 2990 1618 3056; x_wconf 89' lang='lat' dir='ltr'><strong>omnibus</strong></span> <span class='ocrx_word' id='word_1_452' title='bbox 1655 2992 1769 3057; x_wconf 86' lang='lat' dir='ltr'><strong>officiis</strong></span> <span class='ocrx_word' id='word_1_453' title='bbox 1814 2994 2008 3075; x_wconf 85' lang='lat' dir='ltr'><strong>praefertur,</strong></span> <span class='ocrx_word' id='word_1_454' title='bbox 2054 3001 2089 3057; x_wconf 92' lang='lat' dir='ltr'><strong>et</strong></span> <span class='ocrx_word' id='word_1_455' title='bbox 2125 2992 2254 3075; x_wconf 89' lang='lat' dir='ltr'><strong>quoties</strong></span> 
     </span>
     <span class='ocr_line' id='line_1_32' title="bbox 243 3074 2276 3164; baseline -0.003 -16"><span class='ocrx_word' id='word_1_456' title='bbox 243 3105 328 3161; x_wconf 90' lang='lat' dir='ltr'><strong>eum,</strong></span> <span class='ocrx_word' id='word_1_457' title='bbox 362 3104 429 3147; x_wconf 92' lang='lat' dir='ltr'><strong>non</strong></span> <span class='ocrx_word' id='word_1_458' title='bbox 462 3087 574 3164; x_wconf 85' lang='lat' dir='ltr'><strong>parcet</strong></span> <span class='ocrx_word' id='word_1_459' title='bbox 595 3082 624 3145; x_wconf 88' lang='lat' dir='ltr'><strong>ei</strong></span> <span class='ocrx_word' id='word_1_460' title='bbox 646 3078 760 3145; x_wconf 88' lang='lat' dir='ltr'><strong>oculus</strong></span> <span class='ocrx_word' id='word_1_461' title='bbox 781 3089 869 3155; x_wconf 89' lang='lat' dir='ltr'><strong>tuus,</strong></span> <span class='ocrx_word' id='word_1_462' title='bbox 903 3097 964 3142; x_wconf 90' lang='lat' dir='ltr'><strong>nec</strong></span> <span class='ocrx_word' id='word_1_463' title='bbox 996 3076 1027 3140; x_wconf 90' lang='lat' dir='ltr'><strong>ei</strong></span> <span class='ocrx_word' id='word_1_464' title='bbox 1060 3074 1221 3157; x_wconf 90' lang='lat' dir='ltr'><strong>propitius</strong></span> <span class='ocrx_word' id='word_1_465' title='bbox 1247 3127 1248 3139; x_wconf 67' lang='grc'>,</span> <span class='ocrx_word' id='word_1_466' title='bbox 1274 3075 1449 3140; x_wconf 88' lang='lat' dir='ltr'><strong>asserenda</strong></span> <span class='ocrx_word' id='word_1_467' title='bbox 1467 3086 1518 3139; x_wconf 88' lang='lat' dir='ltr'><strong>est</strong></span> <span class='ocrx_word' id='word_1_468' title='bbox 1539 3078 1610 3142; x_wconf 89' lang='lat' dir='ltr'><strong>eius</strong></span> <span class='ocrx_word' id='word_1_469' title='bbox 1630 3076 1744 3161; x_wconf 88' lang='lat' dir='ltr'><strong>gloria,</strong></span> <span class='ocrx_word' id='word_1_470' title='bbox 1773 3077 2008 3161; x_wconf 88' lang='lat' dir='ltr'><strong>propemodum</strong></span> <span class='ocrx_word' id='word_1_471' title='bbox 2030 3098 2071 3143; x_wconf 90' lang='lat' dir='ltr'><strong>ex</strong></span> <span class='ocrx_word' id='word_1_472' title='bbox 2094 3080 2276 3143; x_wconf 86' lang='lat' dir='ltr'><strong>memoria</strong></span> 
     </span>
     <span class='ocr_line' id='line_1_33' title="bbox 242 3157 2253 3247; baseline -0.003 -12"><span class='ocrx_word' id='word_1_473' title='bbox 242 3171 306 3235; x_wconf 90' lang='lat' dir='ltr'><strong>erit</strong></span> <span class='ocrx_word' id='word_1_474' title='bbox 327 3177 365 3232; x_wconf 91' lang='lat' dir='ltr'><strong>ut</strong></span> <span class='ocrx_word' id='word_1_475' title='bbox 387 3168 529 3234; x_wconf 88' lang='lat' dir='ltr'><strong>occultes</strong></span> <span class='ocrx_word' id='word_1_476' title='bbox 550 3187 634 3231; x_wconf 90' lang='lat' dir='ltr'><strong>eum.</strong></span> <span class='ocrx_word' id='word_1_477' title='bbox 658 3164 749 3247; x_wconf 77' lang='lat' dir='ltr'><strong>Quin</strong></span> <span class='ocrx_word' id='word_1_478' title='bbox 770 3165 880 3246; x_wconf 87' lang='lat' dir='ltr'><strong>potius</strong></span> <span class='ocrx_word' id='word_1_479' title='bbox 902 3159 1078 3228; x_wconf 90' lang='lat' dir='ltr'><strong>occidendo</strong></span> <span class='ocrx_word' id='word_1_480' title='bbox 1096 3157 1222 3224; x_wconf 88' lang='lat' dir='ltr'><strong>occides</strong></span> <span class='ocrx_word' id='word_1_481' title='bbox 1273 3169 1388 3225; x_wconf 90' lang='lat' dir='ltr'><strong>nostra</strong></span> <span class='ocrx_word' id='word_1_482' title='bbox 1409 3158 1536 3226; x_wconf 92' lang='lat' dir='ltr'><strong>deletur</strong></span> <span class='ocrx_word' id='word_1_483' title='bbox 1563 3171 1680 3227; x_wconf 90' lang='lat' dir='ltr'><strong>mutua</strong></span> <span class='ocrx_word' id='word_1_484' title='bbox 1706 3163 1795 3228; x_wconf 91' lang='lat' dir='ltr'><strong>inter</strong></span> <span class='ocrx_word' id='word_1_485' title='bbox 1819 3185 1879 3229; x_wconf 91' lang='lat' dir='ltr'><strong>nos</strong></span> <span class='ocrx_word' id='word_1_486' title='bbox 1901 3164 2111 3229; x_wconf 83' lang='lat' dir='ltr'><strong>humanitas?</strong></span> <span class='ocrx_word' id='word_1_487' title='bbox 2156 3161 2253 3229; x_wconf 81' lang='lat' dir='ltr'><strong>Adde</strong></span> 
     </span>
     <span class='ocr_line' id='line_1_34' title="bbox 243 3243 2253 3335; baseline -0.003 -15"><span class='ocrx_word' id='word_1_488' title='bbox 243 3276 328 3335; x_wconf 92' lang='lat' dir='ltr'><strong>eum,</strong></span> <span class='ocrx_word' id='word_1_489' title='bbox 360 3263 393 3318; x_wconf 88' lang='lat' dir='ltr'><strong>et</strong></span> <span class='ocrx_word' id='word_1_490' title='bbox 425 3273 543 3318; x_wconf 91' lang='lat' dir='ltr'><strong>manus</strong></span> <span class='ocrx_word' id='word_1_491' title='bbox 575 3261 632 3317; x_wconf 88' lang='lat' dir='ltr'><strong>tua</strong></span> <span class='ocrx_word' id='word_1_492' title='bbox 665 3252 772 3334; x_wconf 91' lang='lat' dir='ltr'><strong>prima</strong></span> <span class='ocrx_word' id='word_1_493' title='bbox 795 3251 838 3314; x_wconf 90' lang='lat' dir='ltr'><strong>sit</strong></span> <span class='ocrx_word' id='word_1_494' title='bbox 860 3248 1012 3313; x_wconf 92' lang='lat' dir='ltr'><strong>utillum</strong></span> <span class='ocrx_word' id='word_1_495' title='bbox 1035 3246 1220 3323; x_wconf 87' lang='lat' dir='ltr'><strong>interficiat,</strong></span> <span class='ocrx_word' id='word_1_496' title='bbox 1273 3245 1362 3328; x_wconf 91' lang='lat' dir='ltr'><strong>quod</strong></span> <span class='ocrx_word' id='word_1_497' title='bbox 1396 3243 1511 3311; x_wconf 88' lang='lat' dir='ltr'><strong>eadem</strong></span> <span class='ocrx_word' id='word_1_498' title='bbox 1543 3269 1650 3330; x_wconf 89' lang='lat' dir='ltr'><strong>poena</strong></span> <span class='ocrx_word' id='word_1_499' title='bbox 1671 3248 1768 3331; x_wconf 92' lang='lat' dir='ltr'><strong>paulo</strong></span> <span class='ocrx_word' id='word_1_500' title='bbox 1789 3259 1864 3332; x_wconf 90' lang='lat' dir='ltr'><strong>post</strong></span> <span class='ocrx_word' id='word_1_501' title='bbox 1885 3251 2033 3333; x_wconf 90' lang='lat' dir='ltr'><strong>integras</strong></span> <span class='ocrx_word' id='word_1_502' title='bbox 2054 3248 2152 3315; x_wconf 89' lang='lat' dir='ltr'><strong>urbes</strong></span> <span class='ocrx_word' id='word_1_503' title='bbox 2174 3270 2253 3316; x_wconf 93' lang='lat' dir='ltr'><strong>oon·</strong></span> 
     </span>
     <span class='ocr_line' id='line_1_35' title="bbox 242 3331 2254 3421; baseline -0.002 -16"><span class='ocrx_word' id='word_1_504' title='bbox 242 3339 360 3406; x_wconf 89' lang='lat' dir='ltr'><strong>deinde</strong></span> <span class='ocrx_word' id='word_1_505' title='bbox 383 3359 500 3403; x_wconf 90' lang='lat' dir='ltr'><strong>manus</strong></span> <span class='ocrx_word' id='word_1_506' title='bbox 524 3339 626 3402; x_wconf 91' lang='lat' dir='ltr'><strong>totius</strong></span> <span class='ocrx_word' id='word_1_507' title='bbox 643 3337 768 3421; x_wconf 92' lang='lat' dir='ltr'><strong>populi:</strong></span> <span class='ocrx_word' id='word_1_508' title='bbox 803 3335 969 3419; x_wconf 86' lang='lat' dir='ltr'><strong>opprimes</strong></span> <span class='ocrx_word' id='word_1_509' title='bbox 1001 3343 1112 3398; x_wconf 90' lang='lat' dir='ltr'><strong>autem</strong></span> <span class='ocrx_word' id='word_1_510' title='bbox 1145 3351 1221 3395; x_wconf 87' lang='lat' dir='ltr'><strong>eum</strong></span> <span class='ocrx_word' id='word_1_511' title='bbox 1275 3331 1422 3416; x_wconf 87' lang='lat' dir='ltr'><strong>stringit:</strong></span> <span class='ocrx_word' id='word_1_512' title='bbox 1469 3331 1506 3398; x_wconf 87' lang='lat' dir='ltr'><strong>Si</strong></span> <span class='ocrx_word' id='word_1_513' title='bbox 1529 3333 1673 3398; x_wconf 91' lang='lat' dir='ltr'><strong>audieris</strong></span> <span class='ocrx_word' id='word_1_514' title='bbox 1695 3335 1729 3398; x_wconf 91' lang='lat' dir='ltr'><strong>in</strong></span> <span class='ocrx_word' id='word_1_515' title='bbox 1752 3355 1818 3399; x_wconf 88' lang='lat' dir='ltr'><strong>una</strong></span> <span class='ocrx_word' id='word_1_516' title='bbox 1842 3336 1973 3400; x_wconf 89' lang='lat' dir='ltr'><strong>urbium</strong></span> <span class='ocrx_word' id='word_1_517' title='bbox 1995 3343 2137 3414; x_wconf 87' lang='lat' dir='ltr'><strong>tuarum,</strong></span> <span class='ocrx_word' id='word_1_518' title='bbox 2168 3335 2254 3420; x_wconf 87' lang='lat' dir='ltr'><strong>&#39;quas</strong></span> 
     </span>
     <span class='ocr_line' id='line_1_36' title="bbox 241 3415 2254 3519; baseline -0.001 -29"><span class='ocrx_word' id='word_1_519' title='bbox 241 3425 407 3511; x_wconf 90' lang='lat' dir='ltr'><strong>lapidibus</strong></span> <span class='ocrx_word' id='word_1_520' title='bbox 429 3424 532 3490; x_wconf 91' lang='lat' dir='ltr'><strong>donec</strong></span> <span class='ocrx_word' id='word_1_521' title='bbox 553 3425 713 3488; x_wconf 91' lang='lat' dir='ltr'><strong>moriatur</strong></span> <span class='ocrx_word' id='word_1_522' title='bbox 734 3421 849 3501; x_wconf 86' lang='lat' dir='ltr'><strong>(Dout.</strong></span> <span class='ocrx_word' id='word_1_523' title='bbox 876 3424 924 3498; x_wconf 84' lang='lat'><strong>13,</strong></span> <span class='ocrx_word' id='word_1_524' title='bbox 948 3428 966 3483; x_wconf 83' lang='lat' dir='ltr'><strong>o·</strong></span> <span class='ocrx_word' id='word_1_525' title='bbox 990 3429 1104 3502; x_wconf 76' lang='lat' dir='ltr'><strong>seqq).</strong></span> <span class='ocrx_word' id='word_1_526' title='bbox 1133 3417 1222 3480; x_wconf 83' lang='lat' dir='ltr'><strong>Eunt</strong></span> <span class='ocrx_word' id='word_1_527' title='bbox 1275 3415 1333 3481; x_wconf 89' lang='lat' dir='ltr'><strong>tibi</strong></span> <span class='ocrx_word' id='word_1_528' title='bbox 1355 3418 1521 3483; x_wconf 90' lang='lat' dir='ltr'><strong>Dominus</strong></span> <span class='ocrx_word' id='word_1_529' title='bbox 1549 3418 1591 3483; x_wconf 89' lang='lat' dir='ltr'><strong>ad</strong></span> <span class='ocrx_word' id='word_1_530' title='bbox 1620 3419 1837 3485; x_wconf 87' lang='lat' dir='ltr'><strong>habitandum</strong></span> <span class='ocrx_word' id='word_1_531' title='bbox 1866 3420 1966 3499; x_wconf 88' lang='lat' dir='ltr'><strong>dabit,</strong></span> <span class='ocrx_word' id='word_1_532' title='bbox 1999 3442 2148 3519; x_wconf 85' lang='lat' dir='ltr'><strong>egressos</strong></span> <span class='ocrx_word' id='word_1_533' title='bbox 2179 3441 2254 3487; x_wconf 87' lang='lat' dir='ltr'><strong>esse</strong></span> 
     </span>
     <span class='ocr_line' id='line_1_37' title="bbox 240 3502 2254 3590; baseline -0.002 -13"><span class='ocrx_word' id='word_1_534' title='bbox 240 3534 338 3590; x_wconf 91' lang='lat' dir='ltr'><strong>nunc,</strong></span> <span class='ocrx_word' id='word_1_535' title='bbox 361 3520 395 3576; x_wconf 91' lang='lat' dir='ltr'><strong>et</strong></span> <span class='ocrx_word' id='word_1_536' title='bbox 417 3508 619 3575; x_wconf 80' lang='lat' dir='ltr'><strong>crudelitatis</strong></span> <span class='ocrx_word' id='word_1_537' title='bbox 638 3510 750 3574; x_wconf 92' lang='lat' dir='ltr'><strong>Deum</strong></span> <span class='ocrx_word' id='word_1_538' title='bbox 772 3517 937 3585; x_wconf 87' lang='lat' dir='ltr'><strong>accusent,</strong></span> <span class='ocrx_word' id='word_1_539' title='bbox 970 3506 1089 3588; x_wconf 89' lang='lat' dir='ltr'><strong>quibus</strong></span> <span class='ocrx_word' id='word_1_540' title='bbox 1116 3503 1222 3567; x_wconf 88' lang='lat' dir='ltr'><strong>instar</strong></span> <span class='ocrx_word' id='word_1_541' title='bbox 1273 3502 1359 3567; x_wconf 91' lang='lat' dir='ltr'><strong>filios</strong></span> <span class='ocrx_word' id='word_1_542' title='bbox 1381 3503 1488 3569; x_wconf 90' lang='lat' dir='ltr'><strong>Belial</strong></span> <span class='ocrx_word' id='word_1_543' title='bbox 1521 3504 1669 3570; x_wconf 92' lang='lat' dir='ltr'><strong>emedio</strong></span> <span class='ocrx_word' id='word_1_544' title='bbox 1691 3507 1750 3584; x_wconf 88' lang='lat' dir='ltr'><strong>tui,</strong></span> <span class='ocrx_word' id='word_1_545' title='bbox 1784 3515 1818 3571; x_wconf 90' lang='lat' dir='ltr'><strong>et</strong></span> <span class='ocrx_word' id='word_1_546' title='bbox 1840 3511 1997 3572; x_wconf 89' lang='lat' dir='ltr'><strong>avertisse</strong></span> <span class='ocrx_word' id='word_1_547' title='bbox 2018 3507 2141 3573; x_wconf 83' lang='lat' dir='ltr'><strong>incolas</strong></span> <span class='ocrx_word' id='word_1_548' title='bbox 2161 3505 2254 3573; x_wconf 89' lang='lat' dir='ltr'><strong>urbis</strong></span> 
     </span>
     <span class='ocr_line' id='line_1_38' title="bbox 241 3589 2253 3678; baseline -0.002 -17"><span class='ocrx_word' id='word_1_549' title='bbox 241 3597 324 3662; x_wconf 91' lang='lat' dir='ltr'><strong>lovis</strong></span> <span class='ocrx_word' id='word_1_550' title='bbox 345 3605 379 3662; x_wconf 88' lang='lat' dir='ltr'><strong>et</strong></span> <span class='ocrx_word' id='word_1_551' title='bbox 395 3597 534 3662; x_wconf 91' lang='lat' dir='ltr'><strong>venialis</strong></span> <span class='ocrx_word' id='word_1_552' title='bbox 554 3595 666 3661; x_wconf 92' lang='lat' dir='ltr'><strong>delicti</strong></span> <span class='ocrx_word' id='word_1_553' title='bbox 687 3603 738 3660; x_wconf 92' lang='lat' dir='ltr'><strong>est</strong></span> <span class='ocrx_word' id='word_1_554' title='bbox 760 3615 780 3660; x_wconf 87' lang='lat' dir='ltr'><strong>a</strong></span> <span class='ocrx_word' id='word_1_555' title='bbox 801 3614 886 3678; x_wconf 92' lang='lat' dir='ltr'><strong>pura</strong></span> <span class='ocrx_word' id='word_1_556' title='bbox 906 3590 970 3658; x_wconf 86' lang='lat' dir='ltr'><strong>fide</strong></span> <span class='ocrx_word' id='word_1_557' title='bbox 993 3601 1027 3657; x_wconf 91' lang='lat' dir='ltr'><strong>et</strong></span> <span class='ocrx_word' id='word_1_558' title='bbox 1044 3590 1109 3655; x_wconf 93' lang='lat' dir='ltr'><strong>Dei</strong></span> <span class='ocrx_word' id='word_1_559' title='bbox 1131 3589 1223 3656; x_wconf 92' lang='lat' dir='ltr'><strong>cultu</strong></span> <span class='ocrx_word' id='word_1_560' title='bbox 1274 3609 1362 3667; x_wconf 87' lang='lat' dir='ltr'><strong>suae,</strong></span> <span class='ocrx_word' id='word_1_561' title='bbox 1396 3589 1544 3656; x_wconf 92' lang='lat' dir='ltr'><strong>dicendo:</strong></span> <span class='ocrx_word' id='word_1_562' title='bbox 1585 3611 1707 3669; x_wconf 89' lang='lat' dir='ltr'><strong>eamus,</strong></span> <span class='ocrx_word' id='word_1_563' title='bbox 1747 3600 1782 3657; x_wconf 91' lang='lat' dir='ltr'><strong>et</strong></span> <span class='ocrx_word' id='word_1_564' title='bbox 1809 3592 1992 3658; x_wconf 88' lang='lat' dir='ltr'><strong>serviamus</strong></span> <span class='ocrx_word' id='word_1_565' title='bbox 2025 3591 2087 3659; x_wconf 89' lang='lat' dir='ltr'><strong>diis</strong></span> <span class='ocrx_word' id='word_1_566' title='bbox 2119 3592 2253 3659; x_wconf 89' lang='lat' dir='ltr'><strong>alienis:</strong></span> 
     </span>
     <span class='ocr_line' id='line_1_39' title="bbox 244 3675 2253 3762; baseline -0 -17"><span class='ocrx_word' id='word_1_567' title='bbox 244 3687 318 3761; x_wconf 79' lang='lat' dir='ltr'><strong>[pag.</strong></span> <span class='ocrx_word' id='word_1_568' title='bbox 333 3687 387 3760; x_wconf 86' lang='lat'><strong>29]</strong></span> <span class='ocrx_word' id='word_1_569' title='bbox 409 3679 554 3747; x_wconf 84' lang='lat' dir='ltr'><strong>delectio.</strong></span> <span class='ocrx_word' id='word_1_570' title='bbox 598 3682 785 3756; x_wconf 84' lang='lat' dir='ltr'><strong>Caeterum,</strong></span> <span class='ocrx_word' id='word_1_571' title='bbox 819 3689 997 3761; x_wconf 87' lang='lat' dir='ltr'><strong>antequam</strong></span> <span class='ocrx_word' id='word_1_572' title='bbox 1030 3676 1120 3741; x_wconf 92' lang='lat' dir='ltr'><strong>ultra</strong></span> <span class='ocrx_word' id='word_1_573' title='bbox 1146 3696 1222 3757; x_wconf 90' lang='lat' dir='ltr'><strong>pro-</strong></span> <span class='ocrx_word' id='word_1_574' title='bbox 1274 3695 1394 3757; x_wconf 88' lang='lat' dir='ltr'><strong>quaere</strong></span> <span class='ocrx_word' id='word_1_575' title='bbox 1412 3675 1559 3757; x_wconf 88' lang='lat' dir='ltr'><strong>sollicite,</strong></span> <span class='ocrx_word' id='word_1_576' title='bbox 1577 3685 1611 3741; x_wconf 93' lang='lat' dir='ltr'><strong>et</strong></span> <span class='ocrx_word' id='word_1_577' title='bbox 1622 3676 1799 3762; x_wconf 88' lang='lat' dir='ltr'><strong>diligenter</strong></span> <span class='ocrx_word' id='word_1_578' title='bbox 1809 3676 1858 3742; x_wconf 91' lang='lat' dir='ltr'><strong>rei</strong></span> <span class='ocrx_word' id='word_1_579' title='bbox 1869 3679 2007 3743; x_wconf 89' lang='lat' dir='ltr'><strong>veritate</strong></span> <span class='ocrx_word' id='word_1_580' title='bbox 2018 3678 2253 3761; x_wconf 71' lang='lat' dir='ltr'><strong>perspectasi</strong></span> 
     </span>
     <span class='ocr_line' id='line_1_40' title="bbox 243 3761 2253 3852; baseline -0.001 -20"><span class='ocrx_word' id='word_1_581' title='bbox 243 3766 422 3852; x_wconf 85' lang='lat' dir='ltr'><strong>gradimur,</strong></span> <span class='ocrx_word' id='word_1_582' title='bbox 456 3764 521 3831; x_wconf 91' lang='lat' dir='ltr'><strong>duo</strong></span> <span class='ocrx_word' id='word_1_583' title='bbox 549 3776 663 3831; x_wconf 89' lang='lat' dir='ltr'><strong>notare</strong></span> <span class='ocrx_word' id='word_1_584' title='bbox 691 3786 809 3848; x_wconf 89' lang='lat' dir='ltr'><strong>operae</strong></span> <span class='ocrx_word' id='word_1_585' title='bbox 837 3765 979 3847; x_wconf 86' lang='lat' dir='ltr'><strong>pretium</strong></span> <span class='ocrx_word' id='word_1_586' title='bbox 1002 3771 1061 3828; x_wconf 83' lang='lat' dir='ltr'><strong>est.</strong></span> <span class='ocrx_word' id='word_1_587' title='bbox 1105 3763 1222 3845; x_wconf 87' lang='lat' dir='ltr'><strong>Neque</strong></span> <span class='ocrx_word' id='word_1_588' title='bbox 1274 3761 1441 3828; x_wconf 88' lang='lat' dir='ltr'><strong>inveneris</strong></span> <span class='ocrx_word' id='word_1_589' title='bbox 1459 3782 1571 3828; x_wconf 87' lang='lat' dir='ltr'><strong>veram</strong></span> <span class='ocrx_word' id='word_1_590' title='bbox 1590 3784 1661 3829; x_wconf 88' lang='lat' dir='ltr'><strong>esse</strong></span> <span class='ocrx_word' id='word_1_591' title='bbox 1678 3765 1810 3841; x_wconf 81' lang='lat' dir='ltr'><strong>lamam,</strong></span> <span class='ocrx_word' id='word_1_592' title='bbox 1829 3763 2253 3846; x_wconf 84' lang='lat' dir='ltr'><strong>statimperoutiesinoolas</strong></span> 
     </span>
     <span class='ocr_line' id='line_1_41' title="bbox 243 3845 2253 3935; baseline -0.001 -18"><span class='ocrx_word' id='word_1_593' title='bbox 243 3853 332 3917; x_wconf 90' lang='lat' dir='ltr'><strong>enim</strong></span> <span class='ocrx_word' id='word_1_594' title='bbox 353 3852 554 3935; x_wconf 82' lang='lat' dir='ltr'><strong>religionem,</strong></span> <span class='ocrx_word' id='word_1_595' title='bbox 584 3851 817 3934; x_wconf 90' lang='lat' dir='ltr'><strong>qualiscunque</strong></span> <span class='ocrx_word' id='word_1_596' title='bbox 839 3848 972 3914; x_wconf 90' lang='lat' dir='ltr'><strong>tandem</strong></span> <span class='ocrx_word' id='word_1_597' title='bbox 995 3849 1047 3926; x_wconf 91' lang='lat' dir='ltr'><strong>sit,</strong></span> <span class='ocrx_word' id='word_1_598' title='bbox 1080 3858 1149 3913; x_wconf 89' lang='lat' dir='ltr'><strong>tam</strong></span> <span class='ocrx_word' id='word_1_599' title='bbox 1171 3869 1222 3913; x_wconf 90' lang='lat' dir='ltr'><strong>se-</strong></span> <span class='ocrx_word' id='word_1_600' title='bbox 1274 3845 1365 3911; x_wconf 88' lang='lat' dir='ltr'><strong>urbis</strong></span> <span class='ocrx_word' id='word_1_601' title='bbox 1396 3847 1487 3914; x_wconf 88' lang='lat' dir='ltr'><strong>illins</strong></span> <span class='ocrx_word' id='word_1_602' title='bbox 1508 3848 1544 3912; x_wconf 94' lang='lat' dir='ltr'><strong>in</strong></span> <span class='ocrx_word' id='word_1_603' title='bbox 1566 3869 1622 3914; x_wconf 91' lang='lat' dir='ltr'><strong>ore</strong></span> <span class='ocrx_word' id='word_1_604' title='bbox 1644 3847 1755 3932; x_wconf 89' lang='lat' dir='ltr'><strong>gladii,</strong></span> <span class='ocrx_word' id='word_1_605' title='bbox 1789 3857 1824 3913; x_wconf 91' lang='lat' dir='ltr'><strong>et</strong></span> <span class='ocrx_word' id='word_1_606' title='bbox 1846 3848 1968 3915; x_wconf 88' lang='lat' dir='ltr'><strong>delebis</strong></span> <span class='ocrx_word' id='word_1_607' title='bbox 1990 3870 2073 3928; x_wconf 91' lang='lat' dir='ltr'><strong>eam,</strong></span> <span class='ocrx_word' id='word_1_608' title='bbox 2097 3857 2132 3916; x_wconf 91' lang='lat' dir='ltr'><strong>et</strong></span> <span class='ocrx_word' id='word_1_609' title='bbox 2152 3869 2253 3932; x_wconf 90' lang='lat' dir='ltr'><strong>quae-</strong></span> 
     </span>
     <span class='ocr_line' id='line_1_42' title="bbox 243 3933 2253 4018; baseline -0 -15"><span class='ocrx_word' id='word_1_610' title='bbox 243 3959 321 4004; x_wconf 91' lang='lat' dir='ltr'><strong>vere</strong></span> <span class='ocrx_word' id='word_1_611' title='bbox 343 3945 526 4012; x_wconf 88' lang='lat' dir='ltr'><strong>conservat,</strong></span> <span class='ocrx_word' id='word_1_612' title='bbox 560 3957 598 4002; x_wconf 86' lang='lat' dir='ltr'><strong>ao</strong></span> <span class='ocrx_word' id='word_1_613' title='bbox 620 3938 734 4014; x_wconf 90' lang='lat' dir='ltr'><strong>saucit,</strong></span> <span class='ocrx_word' id='word_1_614' title='bbox 768 3935 826 4001; x_wconf 88' lang='lat' dir='ltr'><strong>sed</strong></span> <span class='ocrx_word' id='word_1_615' title='bbox 846 3956 944 4018; x_wconf 91' lang='lat' dir='ltr'><strong>quam</strong></span> <span class='ocrx_word' id='word_1_616' title='bbox 966 3934 1067 3999; x_wconf 86' lang='lat' dir='ltr'><strong>verbo</strong></span> <span class='ocrx_word' id='word_1_617' title='bbox 1090 3956 1149 3999; x_wconf 90' lang='lat' dir='ltr'><strong>suo</strong></span> <span class='ocrx_word' id='word_1_618' title='bbox 1170 3936 1221 3998; x_wconf 90' lang='lat' dir='ltr'><strong>in·</strong></span> <span class='ocrx_word' id='word_1_619' title='bbox 1274 3953 1403 4014; x_wconf 91' lang='lat' dir='ltr'><strong>cunque</strong></span> <span class='ocrx_word' id='word_1_620' title='bbox 1415 3935 1449 3998; x_wconf 93' lang='lat' dir='ltr'><strong>in</strong></span> <span class='ocrx_word' id='word_1_621' title='bbox 1467 3955 1506 3998; x_wconf 89' lang='lat' dir='ltr'><strong>ea</strong></span> <span class='ocrx_word' id='word_1_622' title='bbox 1518 3943 1595 3999; x_wconf 91' lang='lat' dir='ltr'><strong>sunt</strong></span> <span class='ocrx_word' id='word_1_623' title='bbox 1605 3956 1708 4017; x_wconf 90' lang='lat' dir='ltr'><strong>usque</strong></span> <span class='ocrx_word' id='word_1_624' title='bbox 1719 3934 1760 3999; x_wconf 91' lang='lat' dir='ltr'><strong>ad</strong></span> <span class='ocrx_word' id='word_1_625' title='bbox 1771 3956 1898 4017; x_wconf 89' lang='lat' dir='ltr'><strong>peoora.</strong></span> <span class='ocrx_word' id='word_1_626' title='bbox 1922 3933 2169 4018; x_wconf 80' lang='lat' dir='ltr'><strong>Supellectilem</strong></span> <span class='ocrx_word' id='word_1_627' title='bbox 2181 3936 2253 4002; x_wconf 90' lang='lat' dir='ltr'><strong>eius</strong></span> 
     </span>
     <span class='ocr_line' id='line_1_43' title="bbox 243 4018 2252 4104; baseline -0.002 -15"><span class='ocrx_word' id='word_1_628' title='bbox 243 4024 406 4090; x_wconf 86' lang='lat' dir='ltr'><strong>stituerat.</strong></span> <span class='ocrx_word' id='word_1_629' title='bbox 451 4020 582 4086; x_wconf 90' lang='lat' dir='ltr'><strong>Deinde</strong></span> <span class='ocrx_word' id='word_1_630' title='bbox 615 4021 823 4104; x_wconf 88' lang='lat' dir='ltr'><strong>lapidationis</strong></span> <span class='ocrx_word' id='word_1_631' title='bbox 857 4041 995 4103; x_wconf 90' lang='lat' dir='ltr'><strong>poenam</strong></span> <span class='ocrx_word' id='word_1_632' title='bbox 1026 4021 1062 4084; x_wconf 89' lang='lat' dir='ltr'><strong>in</strong></span> <span class='ocrx_word' id='word_1_633' title='bbox 1091 4029 1222 4085; x_wconf 86' lang='lat' dir='ltr'><strong>exteros</strong></span> <span class='ocrx_word' id='word_1_634' title='bbox 1274 4018 1488 4102; x_wconf 87' lang='lat' dir='ltr'><strong>congregabis</strong></span> <span class='ocrx_word' id='word_1_635' title='bbox 1510 4029 1544 4084; x_wconf 91' lang='lat' dir='ltr'><strong>et</strong></span> <span class='ocrx_word' id='word_1_636' title='bbox 1565 4041 1692 4098; x_wconf 90' lang='lat' dir='ltr'><strong>exures,</strong></span> <span class='ocrx_word' id='word_1_637' title='bbox 1726 4028 1763 4085; x_wconf 91' lang='lat' dir='ltr'><strong>ut</strong></span> <span class='ocrx_word' id='word_1_638' title='bbox 1790 4021 1966 4086; x_wconf 87' lang='lat' dir='ltr'><strong>anathema</strong></span> <span class='ocrx_word' id='word_1_639' title='bbox 1988 4022 2031 4086; x_wconf 93' lang='lat' dir='ltr'><strong>sit</strong></span> <span class='ocrx_word' id='word_1_640' title='bbox 2063 4020 2177 4103; x_wconf 87' lang='lat' dir='ltr'><strong>(Dent.</strong></span> <span class='ocrx_word' id='word_1_641' title='bbox 2203 4025 2252 4099; x_wconf 84' lang='lat'><strong>13,</strong></span> 
     </span>
     <span class='ocr_line' id='line_1_44' title="bbox 242 4104 2254 4191; baseline -0.002 -15"><span class='ocrx_word' id='word_1_642' title='bbox 242 4131 311 4176; x_wconf 90' lang='lat' dir='ltr'><strong>non</strong></span> <span class='ocrx_word' id='word_1_643' title='bbox 331 4107 439 4183; x_wconf 88' lang='lat' dir='ltr'><strong>edicit,</strong></span> <span class='ocrx_word' id='word_1_644' title='bbox 463 4105 521 4172; x_wconf 87' lang='lat' dir='ltr'><strong>sed</strong></span> <span class='ocrx_word' id='word_1_645' title='bbox 543 4107 601 4189; x_wconf 91' lang='lat' dir='ltr'><strong>qui</strong></span> <span class='ocrx_word' id='word_1_646' title='bbox 623 4106 706 4191; x_wconf 89' lang='lat' dir='ltr'><strong>legis</strong></span> <span class='ocrx_word' id='word_1_647' title='bbox 725 4107 907 4171; x_wconf 88' lang='lat' dir='ltr'><strong>doctrinam</strong></span> <span class='ocrx_word' id='word_1_648' title='bbox 927 4106 1075 4187; x_wconf 84' lang='lat' dir='ltr'><strong>professi,</strong></span> <span class='ocrx_word' id='word_1_649' title='bbox 1098 4104 1222 4189; x_wconf 87' lang='lat' dir='ltr'><strong>perfide</strong></span> <span class='ocrx_word' id='word_1_650' title='bbox 1279 4107 1315 4165; x_wconf 83' lang='lat'><strong>12</strong></span> <span class='ocrx_word' id='word_1_651' title='bbox 1338 4110 1405 4183; x_wconf 88' lang='grc' dir='ltr'>θθ.).</span> <span class='ocrx_word' id='word_1_652' title='bbox 1451 4104 1594 4170; x_wconf 89' lang='lat' dir='ltr'><strong>Videant</strong></span> <span class='ocrx_word' id='word_1_653' title='bbox 1621 4106 1678 4172; x_wconf 89' lang='lat' dir='ltr'><strong>isti</strong></span> <span class='ocrx_word' id='word_1_654' title='bbox 1699 4106 1934 4183; x_wconf 88' lang='lat' dir='ltr'><strong>misericordes,</strong></span> <span class='ocrx_word' id='word_1_655' title='bbox 1967 4128 2048 4189; x_wconf 89' lang='lat' dir='ltr'><strong>quos</strong></span> <span class='ocrx_word' id='word_1_656' title='bbox 2080 4114 2254 4190; x_wconf 87' lang='lat' dir='ltr'><strong>tantopere</strong></span> 
     </span>
     <span class='ocr_line' id='line_1_45' title="bbox 243 4190 2254 4275; baseline -0.002 -13"><span class='ocrx_word' id='word_1_657' title='bbox 243 4197 284 4262; x_wconf 90' lang='lat' dir='ltr'><strong>ab</strong></span> <span class='ocrx_word' id='word_1_658' title='bbox 307 4215 346 4261; x_wconf 85' lang='lat' dir='ltr'><strong>aa</strong></span> <span class='ocrx_word' id='word_1_659' title='bbox 373 4193 581 4259; x_wconf 89' lang='lat' dir='ltr'><strong>desciverint</strong></span> <span class='ocrx_word' id='word_1_660' title='bbox 626 4193 680 4256; x_wconf 97' lang='lat' dir='ltr'><strong>Ita</strong></span> <span class='ocrx_word' id='word_1_661' title='bbox 713 4192 840 4256; x_wconf 89' lang='lat' dir='ltr'><strong>tollitur</strong></span> <span class='ocrx_word' id='word_1_662' title='bbox 873 4191 1009 4255; x_wconf 87' lang='lat' dir='ltr'><strong>offensio</strong></span> <span class='ocrx_word' id='word_1_663' title='bbox 1031 4212 1116 4273; x_wconf 89' lang='lat' dir='ltr'><strong>quae</strong></span> <span class='ocrx_word' id='word_1_664' title='bbox 1138 4191 1222 4255; x_wconf 91' lang='lat' dir='ltr'><strong>mul·</strong></span> <span class='ocrx_word' id='word_1_665' title='bbox 1274 4190 1438 4272; x_wconf 89' lang='lat' dir='ltr'><strong>impunita</strong></span> <span class='ocrx_word' id='word_1_666' title='bbox 1469 4191 1648 4256; x_wconf 89' lang='lat' dir='ltr'><strong>haereseon</strong></span> <span class='ocrx_word' id='word_1_667' title='bbox 1679 4191 1811 4256; x_wconf 90' lang='lat' dir='ltr'><strong>licentia</strong></span> <span class='ocrx_word' id='word_1_668' title='bbox 1843 4191 1993 4271; x_wconf 84' lang='lat' dir='ltr'><strong>delectat,</strong></span> <span class='ocrx_word' id='word_1_669' title='bbox 2034 4213 2133 4275; x_wconf 90' lang='lat' dir='ltr'><strong>quam</strong></span> <span class='ocrx_word' id='word_1_670' title='bbox 2165 4193 2254 4258; x_wconf 89' lang='lat' dir='ltr'><strong>male</strong></span> 
     </span>
     <span class='ocr_line' id='line_1_46' title="bbox 243 4275 2254 4363; baseline -0.001 -17"><span class='ocrx_word' id='word_1_671' title='bbox 243 4291 294 4347; x_wconf 88' lang='lat' dir='ltr'><strong>tos</strong></span> <span class='ocrx_word' id='word_1_672' title='bbox 316 4281 485 4363; x_wconf 88' lang='lat' dir='ltr'><strong>imperitos</strong></span> <span class='ocrx_word' id='word_1_673' title='bbox 507 4278 601 4356; x_wconf 87' lang='lat' dir='ltr'><strong>fallit,</strong></span> <span class='ocrx_word' id='word_1_674' title='bbox 624 4278 702 4342; x_wconf 93' lang='lat' dir='ltr'><strong>dum</strong></span> <span class='ocrx_word' id='word_1_675' title='bbox 725 4286 879 4342; x_wconf 92' lang='lat' dir='ltr'><strong>metuunt</strong></span> <span class='ocrx_word' id='word_1_676' title='bbox 900 4297 943 4341; x_wconf 89' lang='lat' dir='ltr'><strong>ne</strong></span> <span class='ocrx_word' id='word_1_677' title='bbox 965 4275 1028 4340; x_wconf 90' lang='lat' dir='ltr'><strong>hoc</strong></span> <span class='ocrx_word' id='word_1_678' title='bbox 1049 4285 1223 4360; x_wconf 89' lang='lat' dir='ltr'><strong>praetextu</strong></span> <span class='ocrx_word' id='word_1_679' title='bbox 1275 4277 1336 4340; x_wconf 92' lang='lat' dir='ltr'><strong>sibi</strong></span> <span class='ocrx_word' id='word_1_680' title='bbox 1358 4278 1534 4342; x_wconf 89' lang='lat' dir='ltr'><strong>conveniat</strong></span> <span class='ocrx_word' id='word_1_681' title='bbox 1554 4298 1630 4342; x_wconf 91' lang='lat' dir='ltr'><strong>cum</strong></span> <span class='ocrx_word' id='word_1_682' title='bbox 1648 4275 1712 4342; x_wconf 92' lang='lat' dir='ltr'><strong>Dei</strong></span> <span class='ocrx_word' id='word_1_683' title='bbox 1734 4277 1897 4343; x_wconf 83' lang='lat' dir='ltr'><strong>mandato.</strong></span> <span class='ocrx_word' id='word_1_684' title='bbox 1921 4277 1973 4342; x_wconf 89' lang='lat' dir='ltr'><strong>Ne</strong></span> <span class='ocrx_word' id='word_1_685' title='bbox 1994 4278 2165 4344; x_wconf 88' lang='lat' dir='ltr'><strong>ecclesiam</strong></span> <span class='ocrx_word' id='word_1_686' title='bbox 2187 4277 2254 4344; x_wconf 91' lang='lat' dir='ltr'><strong>Dei</strong></span> 
     </span>
     <span class='ocr_line' id='line_1_47' title="bbox 243 4360 2255 4447; baseline -0 -16"><span class='ocrx_word' id='word_1_687' title='bbox 243 4367 285 4431; x_wconf 88' lang='lat' dir='ltr'><strong>ad</strong></span> <span class='ocrx_word' id='word_1_688' title='bbox 319 4364 532 4430; x_wconf 87' lang='lat' dir='ltr'><strong>saeviendum</strong></span> <span class='ocrx_word' id='word_1_689' title='bbox 562 4371 734 4428; x_wconf 90' lang='lat' dir='ltr'><strong>armentur</strong></span> <span class='ocrx_word' id='word_1_690' title='bbox 766 4383 870 4447; x_wconf 89' lang='lat' dir='ltr'><strong>papae</strong></span> <span class='ocrx_word' id='word_1_691' title='bbox 900 4362 1079 4428; x_wconf 87' lang='lat' dir='ltr'><strong>carnifices.</strong></span> <span class='ocrx_word' id='word_1_692' title='bbox 1135 4363 1221 4427; x_wconf 90' lang='lat' dir='ltr'><strong>Nam</strong></span> <span class='ocrx_word' id='word_1_693' title='bbox 1273 4360 1467 4428; x_wconf 88' lang='lat' dir='ltr'><strong>immodicus</strong></span> <span class='ocrx_word' id='word_1_694' title='bbox 1488 4363 1579 4445; x_wconf 89' lang='lat' dir='ltr'><strong>rigor</strong></span> <span class='ocrx_word' id='word_1_695' title='bbox 1596 4364 1742 4440; x_wconf 86' lang='lat' dir='ltr'><strong>infamet,</strong></span> <span class='ocrx_word' id='word_1_696' title='bbox 1771 4363 1897 4428; x_wconf 88' lang='lat' dir='ltr'><strong>vellent</strong></span> <span class='ocrx_word' id='word_1_697' title='bbox 1928 4364 1963 4427; x_wconf 93' lang='lat' dir='ltr'><strong>in</strong></span> <span class='ocrx_word' id='word_1_698' title='bbox 1985 4365 2086 4429; x_wconf 89' lang='lat' dir='ltr'><strong>unius</strong></span> <span class='ocrx_word' id='word_1_699' title='bbox 2108 4364 2255 4432; x_wconf 87' lang='lat' dir='ltr'><strong>hominis</strong></span> 
     </span>
     <span class='ocr_line' id='line_1_48' title="bbox 244 4448 2254 4533; baseline -0 -16"><span class='ocrx_word' id='word_1_700' title='bbox 244 4453 273 4518; x_wconf 90' lang='lat' dir='ltr'><strong>si</strong></span> <span class='ocrx_word' id='word_1_701' title='bbox 306 4450 471 4516; x_wconf 90' lang='lat' dir='ltr'><strong>Dominus</strong></span> <span class='ocrx_word' id='word_1_702' title='bbox 503 4450 622 4533; x_wconf 93' lang='lat' dir='ltr'><strong>populo</strong></span> <span class='ocrx_word' id='word_1_703' title='bbox 660 4471 719 4515; x_wconf 91' lang='lat' dir='ltr'><strong>suo</strong></span> <span class='ocrx_word' id='word_1_704' title='bbox 752 4458 876 4514; x_wconf 85' lang='lat' dir='ltr'><strong>certam</strong></span> <span class='ocrx_word' id='word_1_705' title='bbox 907 4448 1038 4531; x_wconf 89' lang='lat' dir='ltr'><strong>pietatis</strong></span> <span class='ocrx_word' id='word_1_706' title='bbox 1072 4448 1222 4532; x_wconf 90' lang='lat' dir='ltr'><strong>regulam</strong></span> <span class='ocrx_word' id='word_1_707' title='bbox 1274 4448 1416 4531; x_wconf 86' lang='lat' dir='ltr'><strong>gratiam</strong></span> <span class='ocrx_word' id='word_1_708' title='bbox 1438 4449 1556 4531; x_wconf 88' lang='lat' dir='ltr'><strong>impios</strong></span> <span class='ocrx_word' id='word_1_709' title='bbox 1578 4469 1706 4517; x_wconf 90' lang='lat' dir='ltr'><strong>errores</strong></span> <span class='ocrx_word' id='word_1_710' title='bbox 1726 4450 1862 4531; x_wconf 92' lang='lat' dir='ltr'><strong>impune</strong></span> <span class='ocrx_word' id='word_1_711' title='bbox 1884 4450 2043 4533; x_wconf 90' lang='lat' dir='ltr'><strong>grassari:</strong></span> <span class='ocrx_word' id='word_1_712' title='bbox 2072 4451 2166 4516; x_wconf 91' lang='lat' dir='ltr'><strong>Deus</strong></span> <span class='ocrx_word' id='word_1_713' title='bbox 2194 4469 2254 4516; x_wconf 85' lang='lat' dir='ltr'><strong>au·</strong></span> 
     </span>
     <span class='ocr_line' id='line_1_49' title="bbox 243 4533 2255 4620; baseline -0 -18"><span class='ocrx_word' id='word_1_714' title='bbox 243 4545 320 4602; x_wconf 84' lang='lat' dir='ltr'><strong>ante</strong></span> <span class='ocrx_word' id='word_1_715' title='bbox 358 4536 514 4620; x_wconf 87' lang='lat' dir='ltr'><strong>patefecit</strong></span> <span class='ocrx_word' id='word_1_716' title='bbox 545 4557 645 4619; x_wconf 90' lang='lat' dir='ltr'><strong>quam</strong></span> <span class='ocrx_word' id='word_1_717' title='bbox 682 4536 796 4618; x_wconf 90' lang='lat' dir='ltr'><strong>poenis</strong></span> <span class='ocrx_word' id='word_1_718' title='bbox 835 4533 1009 4599; x_wconf 91' lang='lat' dir='ltr'><strong>subiiceret</strong></span> <span class='ocrx_word' id='word_1_719' title='bbox 1041 4542 1220 4618; x_wconf 88' lang='lat' dir='ltr'><strong>apostatas:</strong></span> <span class='ocrx_word' id='word_1_720' title='bbox 1273 4543 1342 4597; x_wconf 89' lang='lat' dir='ltr'><strong>tem</strong></span> <span class='ocrx_word' id='word_1_721' title='bbox 1364 4554 1407 4597; x_wconf 90' lang='lat' dir='ltr'><strong>ne</strong></span> <span class='ocrx_word' id='word_1_722' title='bbox 1426 4534 1505 4598; x_wconf 89' lang='lat' dir='ltr'><strong>totis</strong></span> <span class='ocrx_word' id='word_1_723' title='bbox 1527 4534 1659 4617; x_wconf 92' lang='lat' dir='ltr'><strong>quidem</strong></span> <span class='ocrx_word' id='word_1_724' title='bbox 1681 4535 1811 4618; x_wconf 91' lang='lat' dir='ltr'><strong>populis</strong></span> <span class='ocrx_word' id='word_1_725' title='bbox 1833 4536 1986 4619; x_wconf 88' lang='lat' dir='ltr'><strong>ignoscit:</strong></span> <span class='ocrx_word' id='word_1_726' title='bbox 2020 4534 2168 4601; x_wconf 81' lang='lat' dir='ltr'><strong>funditus</strong></span> <span class='ocrx_word' id='word_1_727' title='bbox 2195 4534 2255 4601; x_wconf 92' lang='lat' dir='ltr'><strong>de-</strong></span> 
     </span>
     <span class='ocr_line' id='line_1_50' title="bbox 265 4616 2254 4699; baseline 0 -11"><span class='ocrx_word' id='word_1_728' title='bbox 265 4624 395 4688; x_wconf 90' lang='lat' dir='ltr'><strong>uisnam</strong></span> <span class='ocrx_word' id='word_1_729' title='bbox 427 4622 617 4686; x_wconf 91' lang='lat' dir='ltr'><strong>mortalium</strong></span> <span class='ocrx_word' id='word_1_730' title='bbox 650 4642 781 4688; x_wconf 88' lang='lat' dir='ltr'><strong>sumere</strong></span> <span class='ocrx_word' id='word_1_731' title='bbox 814 4620 875 4686; x_wconf 92' lang='lat' dir='ltr'><strong>hoo</strong></span> <span class='ocrx_word' id='word_1_732' title='bbox 907 4618 970 4685; x_wconf 89' lang='lat' dir='ltr'><strong>sibi</strong></span> <span class='ocrx_word' id='word_1_733' title='bbox 1004 4621 1146 4699; x_wconf 91' lang='lat' dir='ltr'><strong>audebit,</strong></span> <span class='ocrx_word' id='word_1_734' title='bbox 1185 4627 1223 4685; x_wconf 92' lang='lat' dir='ltr'><strong>ut</strong></span> <span class='ocrx_word' id='word_1_735' title='bbox 1274 4616 1334 4682; x_wconf 88' lang='lat' dir='ltr'><strong>leri</strong></span> <span class='ocrx_word' id='word_1_736' title='bbox 1356 4617 1448 4683; x_wconf 91' lang='lat' dir='ltr'><strong>iubet</strong></span> <span class='ocrx_word' id='word_1_737' title='bbox 1469 4620 1576 4699; x_wconf 88' lang='lat' dir='ltr'><strong>urbes,</strong></span> <span class='ocrx_word' id='word_1_738' title='bbox 1611 4630 1644 4685; x_wconf 89' lang='lat' dir='ltr'><strong>et</strong></span> <span class='ocrx_word' id='word_1_739' title='bbox 1670 4640 1785 4684; x_wconf 90' lang='lat' dir='ltr'><strong>earum</strong></span> <span class='ocrx_word' id='word_1_740' title='bbox 1807 4620 1930 4687; x_wconf 92' lang='lat' dir='ltr'><strong>aboleri</strong></span> <span class='ocrx_word' id='word_1_741' title='bbox 1952 4622 2153 4699; x_wconf 86' lang='lat' dir='ltr'><strong>memoriam,</strong></span> <span class='ocrx_word' id='word_1_742' title='bbox 2185 4630 2254 4688; x_wconf 88' lang='lat' dir='ltr'><strong>tro·</strong></span> 
     </span>
     <span class='ocr_line' id='line_1_51' title="bbox 244 4645 2255 4792; baseline 0 -18"><span class='ocrx_word' id='word_1_743' title='bbox 244 4645 412 4776; x_wconf 82' lang='lat' dir='ltr'><strong>doctrinae</strong></span> <span class='ocrx_word' id='word_1_744' title='bbox 432 4728 537 4792; x_wconf 86' lang='lat' dir='ltr'><strong>genua</strong></span> <span class='ocrx_word' id='word_1_745' title='bbox 559 4728 618 4772; x_wconf 90' lang='lat' dir='ltr'><strong>suo</strong></span> <span class='ocrx_word' id='word_1_746' title='bbox 641 4706 694 4773; x_wconf 90' lang='lat' dir='ltr'><strong>vel</strong></span> <span class='ocrx_word' id='word_1_747' title='bbox 721 4706 858 4773; x_wconf 86' lang='lat' dir='ltr'><strong>alterius</strong></span> <span class='ocrx_word' id='word_1_748' title='bbox 885 4705 1023 4772; x_wconf 87' lang='lat' dir='ltr'><strong>arbitrio</strong></span> <span class='ocrx_word' id='word_1_749' title='bbox 1046 4709 1222 4773; x_wconf 88' lang='lat' dir='ltr'><strong>confictum</strong></span> <span class='ocrx_word' id='word_1_750' title='bbox 1274 4702 1381 4786; x_wconf 90' lang='lat' dir='ltr'><strong>phaea</strong></span> <span class='ocrx_word' id='word_1_751' title='bbox 1414 4703 1554 4788; x_wconf 92' lang='lat' dir='ltr'><strong>denique</strong></span> <span class='ocrx_word' id='word_1_752' title='bbox 1586 4708 1668 4790; x_wconf 91' lang='lat' dir='ltr'><strong>erigi</strong></span> <span class='ocrx_word' id='word_1_753' title='bbox 1699 4707 1735 4771; x_wconf 94' lang='lat' dir='ltr'><strong>in</strong></span> <span class='ocrx_word' id='word_1_754' title='bbox 1769 4706 1902 4790; x_wconf 90' lang='lat' dir='ltr'><strong>signum</strong></span> <span class='ocrx_word' id='word_1_755' title='bbox 1934 4704 2178 4786; x_wconf 89' lang='lat' dir='ltr'><strong>exsecrationis,</strong></span> <span class='ocrx_word' id='word_1_756' title='bbox 2211 4730 2255 4774; x_wconf 93' lang='lat' dir='ltr'><strong>ne</strong></span> 
     </span>
     <span class='ocr_line' id='line_1_52' title="bbox 242 4791 2255 4879; baseline -0.001 -19"><span class='ocrx_word' id='word_1_757' title='bbox 242 4794 353 4879; x_wconf 89' lang='lat' dir='ltr'><strong>gladio</strong></span> <span class='ocrx_word' id='word_1_758' title='bbox 375 4801 410 4860; x_wconf 92' lang='lat' dir='ltr'><strong>et</strong></span> <span class='ocrx_word' id='word_1_759' title='bbox 430 4795 544 4876; x_wconf 90' lang='lat' dir='ltr'><strong>poenis</strong></span> <span class='ocrx_word' id='word_1_760' title='bbox 566 4791 713 4860; x_wconf 84' lang='lat' dir='ltr'><strong>sanciat?</strong></span> <span class='ocrx_word' id='word_1_761' title='bbox 758 4794 850 4878; x_wconf 85' lang='lat' dir='ltr'><strong>Ergo</strong></span> <span class='ocrx_word' id='word_1_762' title='bbox 872 4814 939 4858; x_wconf 90' lang='lat' dir='ltr'><strong>non</strong></span> <span class='ocrx_word' id='word_1_763' title='bbox 959 4812 1045 4875; x_wconf 86' lang='lat' dir='ltr'><strong>vaga</strong></span> <span class='ocrx_word' id='word_1_764' title='bbox 1071 4800 1105 4858; x_wconf 87' lang='lat' dir='ltr'><strong>et</strong></span> <span class='ocrx_word' id='word_1_765' title='bbox 1126 4813 1223 4858; x_wconf 87' lang='lat' dir='ltr'><strong>caeca</strong></span> <span class='ocrx_word' id='word_1_766' title='bbox 1274 4796 1377 4854; x_wconf 87' lang='lat' dir='ltr'><strong>totam</strong></span> <span class='ocrx_word' id='word_1_767' title='bbox 1399 4797 1522 4856; x_wconf 83' lang='lat' dir='ltr'><strong>terram</strong></span> <span class='ocrx_word' id='word_1_768' title='bbox 1544 4804 1681 4874; x_wconf 88' lang='lat' dir='ltr'><strong>occupet</strong></span> <span class='ocrx_word' id='word_1_769' title='bbox 1707 4792 1867 4876; x_wconf 87' lang='lat' dir='ltr'><strong>contagio,</strong></span> <span class='ocrx_word' id='word_1_770' title='bbox 1901 4813 1938 4858; x_wconf 88' lang='lat' dir='ltr'><strong>ac</strong></span> <span class='ocrx_word' id='word_1_771' title='bbox 1972 4796 2047 4871; x_wconf 79' lang='lat' dir='ltr'><strong>[pag.</strong></span> <span class='ocrx_word' id='word_1_772' title='bbox 2071 4797 2126 4874; x_wconf 79' lang='lat'><strong>31]</strong></span> <span class='ocrx_word' id='word_1_773' title='bbox 2159 4791 2255 4859; x_wconf 89' lang='lat' dir='ltr'><strong>dissi·</strong></span> 
     </span>
     <span class='ocr_line' id='line_1_53' title="bbox 243 4875 2256 4965; baseline 0.001 -19"><span class='ocrx_word' id='word_1_774' title='bbox 243 4889 403 4965; x_wconf 87' lang='lat' dir='ltr'><strong>potestate</strong></span> <span class='ocrx_word' id='word_1_775' title='bbox 425 4880 619 4945; x_wconf 90' lang='lat' dir='ltr'><strong>instruimus</strong></span> <span class='ocrx_word' id='word_1_776' title='bbox 640 4879 862 4964; x_wconf 87' lang='lat' dir='ltr'><strong>magistratus,</strong></span> <span class='ocrx_word' id='word_1_777' title='bbox 896 4885 935 4943; x_wconf 93' lang='lat' dir='ltr'><strong>ut</strong></span> <span class='ocrx_word' id='word_1_778' title='bbox 963 4899 1077 4943; x_wconf 90' lang='lat' dir='ltr'><strong>eorum</strong></span> <span class='ocrx_word' id='word_1_779' title='bbox 1099 4878 1222 4961; x_wconf 91' lang='lat' dir='ltr'><strong>praesi-</strong></span> <span class='ocrx_word' id='word_1_780' title='bbox 1274 4875 1412 4940; x_wconf 89' lang='lat' dir='ltr'><strong>mulatio</strong></span> <span class='ocrx_word' id='word_1_781' title='bbox 1443 4878 1515 4960; x_wconf 88' lang='lat' dir='ltr'><strong>ipsa</strong></span> <span class='ocrx_word' id='word_1_782' title='bbox 1536 4878 1670 4945; x_wconf 89' lang='lat' dir='ltr'><strong>sceleris</strong></span> <span class='ocrx_word' id='word_1_783' title='bbox 1702 4879 1745 4943; x_wconf 91' lang='lat' dir='ltr'><strong>sit</strong></span> <span class='ocrx_word' id='word_1_784' title='bbox 1777 4900 1814 4944; x_wconf 90' lang='lat' dir='ltr'><strong>ao</strong></span> <span class='ocrx_word' id='word_1_785' title='bbox 1844 4878 1959 4962; x_wconf 90' lang='lat' dir='ltr'><strong>culpae</strong></span> <span class='ocrx_word' id='word_1_786' title='bbox 1991 4879 2139 4946; x_wconf 81' lang='lat' dir='ltr'><strong>societas.</strong></span> <span class='ocrx_word' id='word_1_787' title='bbox 2184 4880 2256 4948; x_wconf 90' lang='lat' dir='ltr'><strong>Neo</strong></span> 
     </span>
    </p>
   </div>
   <div class='ocr_carea' id='block_1_3' title="bbox 211 5096 2257 5313">
    <p class='ocr_par' dir='ltr' id='par_1_4' title="bbox 211 5096 2257 5313">
     <span class='ocr_line' id='line_1_54' title="bbox 211 5096 2254 5171; baseline 0.003 -18"><span class='ocrx_word' id='word_1_788' title='bbox 211 5128 214 5133; x_wconf 87' lang='lat'><strong>·</strong></span> <span class='ocrx_word' id='word_1_789' title='bbox 313 5100 343 5168; x_wconf 90' lang='lat'><strong>1)</strong></span> <span class='ocrx_word' id='word_1_790' title='bbox 362 5100 436 5156; x_wconf 72' lang='lat' dir='ltr'><strong>Aua</strong></span> <span class='ocrx_word' id='word_1_791' title='bbox 463 5100 537 5157; x_wconf 82' lang='lat' dir='ltr'><strong>C’est</strong></span> <span class='ocrx_word' id='word_1_792' title='bbox 554 5104 571 5157; x_wconf 80' lang='lat' dir='ltr'><strong>a</strong></span> <span class='ocrx_word' id='word_1_793' title='bbox 588 5101 678 5156; x_wconf 87' lang='lat' dir='ltr'><strong>savoir</strong></span> <span class='ocrx_word' id='word_1_794' title='bbox 694 5100 735 5155; x_wconf 88' lang='lat' dir='ltr'><strong>les</strong></span> <span class='ocrx_word' id='word_1_795' title='bbox 753 5099 834 5155; x_wconf 84' lang='lat' dir='ltr'><strong>dieux</strong></span> <span class='ocrx_word' id='word_1_796' title='bbox 858 5098 906 5154; x_wconf 89' lang='lat' dir='ltr'><strong>dcs</strong></span> <span class='ocrx_word' id='word_1_797' title='bbox 924 5096 1039 5166; x_wconf 86' lang='lat' dir='ltr'><strong>peuplea</strong></span> <span class='ocrx_word' id='word_1_798' title='bbox 1063 5099 1109 5166; x_wconf 90' lang='lat' dir='ltr'><strong>qui</strong></span> <span class='ocrx_word' id='word_1_799' title='bbox 1126 5101 1224 5155; x_wconf 75' lang='lat' dir='ltr'><strong>sunta</strong></span> <span class='ocrx_word' id='word_1_800' title='bbox 1345 5099 1374 5166; x_wconf 90' lang='lat'><strong>1)</strong></span> <span class='ocrx_word' id='word_1_801' title='bbox 1393 5099 1527 5156; x_wconf 86' lang='lat' dir='ltr'><strong>Pourtant</strong></span> <span class='ocrx_word' id='word_1_802' title='bbox 1550 5118 1619 5157; x_wconf 85' lang='lat' dir='ltr'><strong>ceux</strong></span> <span class='ocrx_word' id='word_1_803' title='bbox 1636 5102 1694 5170; x_wconf 85' lang='lat' dir='ltr'><strong>qui,</strong></span> <span class='ocrx_word' id='word_1_804' title='bbox 1717 5116 1781 5156; x_wconf 88' lang='lat' dir='ltr'><strong>sous</strong></span> <span class='ocrx_word' id='word_1_805' title='bbox 1800 5101 1913 5158; x_wconf 90' lang='lat' dir='ltr'><strong>couleur</strong></span> <span class='ocrx_word' id='word_1_806' title='bbox 1930 5101 1964 5157; x_wconf 86' lang='lat' dir='ltr'><strong>do</strong></span> <span class='ocrx_word' id='word_1_807' title='bbox 1982 5101 2080 5171; x_wconf 83' lang='lat' dir='ltr'><strong>garder</strong></span> <span class='ocrx_word' id='word_1_808' title='bbox 2102 5101 2129 5156; x_wconf 88' lang='lat' dir='ltr'><strong>le</strong></span> <span class='ocrx_word' id='word_1_809' title='bbox 2147 5101 2254 5159; x_wconf 79' lang='lat' dir='ltr'><strong>servios</strong></span> 
     </span>
     <span class='ocr_line' id='line_1_55' title="bbox 243 5165 2257 5291; baseline 0.002 -67"><span class='ocrx_word' id='word_1_810' title='bbox 243 5168 373 5224; x_wconf 86' lang='lat' dir='ltr'><strong>l’environ</strong></span> <span class='ocrx_word' id='word_1_811' title='bbox 391 5167 503 5252; x_wconf 26' lang='lat' dir='ltr'><strong>deutoy,</strong></span> <span class='ocrx_word' id='word_1_812' title='bbox 527 5176 625 5291; x_wconf 65' lang='lat' dir='ltr'><strong>⁸⁰sl⁶¹¹t</strong></span> <span class='ocrx_word' id='word_1_813' title='bbox 640 5185 705 5239; x_wconf 88' lang='lat' dir='ltr'><strong>pres</strong></span> <span class='ocrx_word' id='word_1_814' title='bbox 724 5185 760 5224; x_wconf 92' lang='lat' dir='ltr'><strong>ou</strong></span> <span class='ocrx_word' id='word_1_815' title='bbox 778 5168 834 5223; x_wconf 90' lang='lat' dir='ltr'><strong>loin</strong></span> <span class='ocrx_word' id='word_1_816' title='bbox 852 5167 885 5223; x_wconf 91' lang='lat' dir='ltr'><strong>de</strong></span> <span class='ocrx_word' id='word_1_817' title='bbox 904 5174 964 5235; x_wconf 83' lang='lat' dir='ltr'><strong>toy,</strong></span> <span class='ocrx_word' id='word_1_818' title='bbox 988 5165 1084 5235; x_wconf 84' lang='lat' dir='ltr'><strong>depuis</strong></span> <span class='ocrx_word' id='word_1_819' title='bbox 1102 5184 1138 5222; x_wconf 93' lang='lat' dir='ltr'><strong>nn</strong></span> <span class='ocrx_word' id='word_1_820' title='bbox 1157 5168 1225 5224; x_wconf 88' lang='lat' dir='ltr'><strong>bont</strong></span> <span class='ocrx_word' id='word_1_821' title='bbox 1276 5167 1310 5222; x_wconf 85' lang='lat' dir='ltr'><strong>de</strong></span> <span class='ocrx_word' id='word_1_822' title='bbox 1327 5168 1397 5224; x_wconf 90' lang='lat' dir='ltr'><strong>Dieu</strong></span> <span class='ocrx_word' id='word_1_823' title='bbox 1415 5184 1449 5224; x_wconf 91' lang='lat' dir='ltr'><strong>en</strong></span> <span class='ocrx_word' id='word_1_824' title='bbox 1467 5185 1518 5225; x_wconf 89' lang='lat' dir='ltr'><strong>son</strong></span> <span class='ocrx_word' id='word_1_825' title='bbox 1536 5177 1616 5239; x_wconf 85' lang='lat' dir='ltr'><strong>estat,</strong></span> <span class='ocrx_word' id='word_1_826' title='bbox 1633 5178 1698 5225; x_wconf 87' lang='lat' dir='ltr'><strong>sont</strong></span> <span class='ocrx_word' id='word_1_827' title='bbox 1714 5178 1885 5252; x_wconf 77' lang='lat' dir='ltr'><strong>protecteurs</strong></span> <span class='ocrx_word' id='word_1_828' title='bbox 1903 5171 1951 5226; x_wconf 88' lang='lat' dir='ltr'><strong>des</strong></span> <span class='ocrx_word' id='word_1_829' title='bbox 1963 5169 2160 5239; x_wconf 85' lang='lat' dir='ltr'><strong>superstitious,</strong></span> <span class='ocrx_word' id='word_1_830' title='bbox 2178 5169 2257 5228; x_wconf 90' lang='lat' dir='ltr'><strong>n’ont</strong></span> 
     </span>
     <span class='ocr_line' id='line_1_56' title="bbox 246 5236 2183 5313; baseline 0 -20"><span class='ocrx_word' id='word_1_831' title='bbox 246 5237 279 5293; x_wconf 84' lang='lat' dir='ltr'><strong>de</strong></span> <span class='ocrx_word' id='word_1_832' title='bbox 297 5237 325 5291; x_wconf 93' lang='lat' dir='ltr'><strong>la</strong></span> <span class='ocrx_word' id='word_1_833' title='bbox 342 5245 415 5292; x_wconf 89' lang='lat' dir='ltr'><strong>terro</strong></span> <span class='ocrx_word' id='word_1_834' title='bbox 432 5237 537 5307; x_wconf 77' lang='lat' dir='ltr'><strong>rusqu’t</strong></span> <span class='ocrx_word' id='word_1_835' title='bbox 572 5245 660 5293; x_wconf 80' lang='lat' dir='ltr'><strong>autre</strong></span> <span class='ocrx_word' id='word_1_836' title='bbox 1276 5236 1383 5307; x_wconf 84' lang='lat' dir='ltr'><strong>dequoy</strong></span> <span class='ocrx_word' id='word_1_837' title='bbox 1401 5253 1430 5294; x_wconf 86' lang='lat' dir='ltr'><strong>se</strong></span> <span class='ocrx_word' id='word_1_838' title='bbox 1448 5237 1547 5293; x_wconf 86' lang='lat' dir='ltr'><strong>flatter.</strong></span> <span class='ocrx_word' id='word_1_839' title='bbox 1582 5239 1621 5295; x_wconf 89' lang='lat' dir='ltr'><strong>Ils</strong></span> <span class='ocrx_word' id='word_1_840' title='bbox 1639 5247 1687 5294; x_wconf 89' lang='lat' dir='ltr'><strong>ont</strong></span> <span class='ocrx_word' id='word_1_841' title='bbox 1704 5239 1774 5313; x_wconf 75' lang='lat' dir='ltr'><strong>beau</strong></span> <span class='ocrx_word' id='word_1_842' title='bbox 1793 5239 1850 5294; x_wconf 81' lang='lat' dir='ltr'><strong>dire</strong></span> <span class='ocrx_word' id='word_1_843' title='bbox 1868 5239 1948 5309; x_wconf 88' lang='lat' dir='ltr'><strong>qu&#39;en</strong></span> <span class='ocrx_word' id='word_1_844' title='bbox 1965 5236 2119 5307; x_wconf 78' lang='lat' dir='ltr'><strong>espandaut</strong></span> <span class='ocrx_word' id='word_1_845' title='bbox 2135 5245 2183 5294; x_wconf 79' lang='lat' dir='ltr'><strong>stc.</strong></span> 
     </span>
    </p>
   </div>
   <div class='ocr_carea' id='block_1_4' title="bbox 0 0 2404 5908">
    <p class='ocr_par' dir='ltr' id='par_1_5' title="bbox 0 0 2404 5908">
     <span class='ocr_line' id='line_1_57' title="bbox 0 0 2404 5908; baseline 0 0"><span class='ocrx_word' id='word_1_846' title='bbox 0 0 2404 5908; x_wconf 95' lang='lat' dir='ltr'><strong> </strong></span> 
     </span>
    </p>
   </div>
  </div>
 </body>
</html>
