4680 5918
936 1743 1188 1825 DEUXIEME
1211 1757 1489 1823 APPENDIOE.

304 1943 601 2043 narrans
627 1945 1197 2045 u’oscomnmus
1224 1948 1269 2043 a
1297 1945 1554 2045 suarm
1581 1945 1666 2043 er
1694 1949 1824 2045 sua
1851 1947 2122 2046 suavus.

682 2183 710 2248 Ι.
1239 2182 1349 2247 Iesum
1374 2182 1543 2248 Christum
1568 2183 1672 2248 filium
1694 2183 1760 2248 Dei
1782 2185 1829 2251 eie
1852 2183 2075 2261 dehonestari,
2104 2204 2219 2265 parum

1239 2267 1420 2333 christiane
1441 2269 1502 2333 tibi
1524 2290 1621 2353 agere
1639 2268 1760 2335 videor.
1794 2271 1836 2334 In
1849 2270 1921 2335 aliis
1938 2276 2130 2333 mansuetus
2150 2289 2220 2333 ero:

205 2359 386 2442 Ioannes
409 2358 763 2472 oecolampadius
784 2358 962 2443 servem
979 2362 1185 2472 Hispano,
1239 2354 1274 2417 in
1298 2353 1510 2452 blasphemiis
1537 2375 1619 2436 quae
1648 2356 1681 2419 iu
1712 2355 1899 2432 Christum,
1929 2376 1995 2453 non
2017 2355 2106 2418 item.
2143 2352 2222 2421 ,Sed

1239 2458 1350 2520 paucis
1377 2446 1496 2503 iterum
1526 2460 1622 2523 agam
1651 2453 1685 2505 et
1708 2443 1867 2507 rationem
1888 2440 1964 2505 fider
1986 2438 2131 2517 reddam,
2153 2459 2221 2503 non

354 2480 528 2562 D⁰m¹m
560 2489 755 2590 sPmtum
788 2492 996 2591 precatur·
1016 2478 1037 2556 ¹)
1210 2495 1277 2588 ¹ut
1298 2524 1424 2590 curioso
1446 2537 1480 2588 et
1508 2527 1712 2591 contentioso
1741 2528 1953 2602 satisfaciam,
1982 2525 2040 2590 sed
2067 2547 2109 2589 ne
2135 2545 2221 2589 vane

943 2675 946 2681 ,
1261 2631 1297 2674 er
1320 2621 1395 2674 etuo
1440 2609 1578 2675 lorieris.

291 2695 512 2780 Conquereris
538 2717 592 2760 me
621 2699 692 2760 esse
714 2694 774 2759 tibi
798 2697 972 2761 molestum
994 2705 1027 2762 et
1050 2698 1185 2762 durum:
1238 2629 1259 2691 p
1297 2630 1376 2758 p'Pu
1403 2632 1505 2780 ngeges
1537 2697 1570 2760 in
1605 2718 1671 2783 una
1700 2717 1839 2779 persona
1867 2697 1950 2762 duas
1978 2704 2129 2760 naturas:
2160 2716 2220 2779 ego

206 2781 288 2845 mihi
316 2793 425 2847 autem
458 2783 562 2846 maior
593 2781 813 2863 conquerendi
847 2802 945 2848 causa
973 2791 1031 2849 est.
1081 2782 1186 2864 Quasi
1237 2780 1332 2844 iuxta
1353 2780 1512 2845 Ioannem
1536 2781 1616 2860 dico,
1638 2783 1765 2846 verbnm
1782 2803 1855 2848 caro
1874 2784 1993 2865 foetam
2011 2787 2063 2846 est.
2098 2781 2221 2864 Utique

206 2868 293 2931 enim
312 2872 434 2933 otiosus
456 2887 571 2942 essem,
595 2866 744 2931 obtrudis
766 2867 857 2943 mihi,
885 2867 1040 2950 quidquid
1063 2869 1103 2933 de
1125 2870 1185 2934 tri-
1238 2867 1376 2930 verbum
1398 2873 1431 2930 ot
1453 2886 1529 2932 earo
1551 2869 1608 2932 uui
1631 2868 1827 2933 tribuuntur
1848 2888 2021 2952 personae:
2049 2877 2084 2931 ot
2105 2869 2220 2951 negari

204 2953 309 3017 nitate
331 2951 482 3018 Sorbona
507 2952 646 3034 ineptiit.
697 2953 806 3038 Aegre
834 2954 901 3018 fers
928 2955 1013 3034 quod
1036 2955 1185 3020 Athana·
1236 2952 1357 3033 nequit,
1381 2951 1485 3025 aliam,
1502 2973 1573 3018 esse
1594 2962 1748 3017 naturam
1771 2953 1872 3030 verbi,
1894 2953 1993 3018 aliam
2015 2953 2137 3031 carnia
2161 2974 2230 3035 ne-²

195 3038 291 3102 “sium
326 3046 360 3102 et
387 3038 646 3115 Nazianzenum,
682 3039 804 3121 optimc
843 3039 977 3104 meritos
1006 3040 1185 3125 theologos,
1238 3057 1301 3118 que
1323 3046 1442 3101 natura
1469 3038 1560 3103 verbi
1590 3047 1641 3103 est
1668 3048 1787 3103 natirra
1814 3040 1939 3117 carnis,
1965 3059 2072 3120 neque
2100 3045 2221 3103 natura

203 3123 349 3205 probem,
378 3145 438 3188 nee
459 3131 519 3188 tuo
548 3144 640 3189 moro
661 3125 833 3189 confutem.
879 3123 1068 3204 contendis,
1091 3132 1186 3192 tanto
1238 3124 1345 3186 earnis
1366 3131 1416 3187 est
1444 3133 1563 3188 natura
1590 3124 1691 3189 verbi.
1742 3125 1793 3189 'Pu
1820 3124 1899 3190 dieis
1927 3124 2053 3189 undum
2081 3132 2220 3189 eatenus

205 3218 353 3293 tempore
382 3209 550 3275 ecelesiam
578 3208 707 3275 (lhristi
729 3232 749 3275 a
770 3210 986 3275 fundamento
1008 3212 1084 3276 fidei
1108 3232 1187 3277 suae
1238 3207 1301 3272 diei
1319 3208 1433 3286 filium,
1456 3230 1498 3275 oa
1516 3211 1598 3274 forte
1616 3208 1708 3275 verbi
1727 3232 1747 3275 a
1764 3211 1831 3275 filio
1848 3210 2028 3281 (hominem
2046 3209 2220 3293 intelligis)

84 3335 88 3345 ·
205 3303 356 3359 amotam.
402 3295 478 3359 Non
499 3296 622 3378 pateris
655 3302 693 3359 ut
727 3295 767 3360 ad
802 3295 1052 3363 declarationem
1081 3298 1187 3361 nomi·
1239 3291 1393 3359 distincta
1433 3315 1572 3376 persono
1610 3304 1790 3361 censeatur.
1849 3294 1916 3360 Sed
1951 3295 2107 3359 iniuriam
2140 3294 2220 3359 facis

204 3378 302 3445 nibus
324 3381 418 3446 novis
440 3391 588 3446 utamur:
618 3381 704 3463 quod
733 3390 844 3447 tamen
872 3381 930 3446 tibi
953 3383 1127 3465 permittis,
1150 3384 1186 3446 in
1238 3377 1410 3444 Patribus:
1446 3401 1524 3445 nam
1553 3380 1624 3445 ideo
1654 3380 1810 3446 dixerunt
1836 3381 1963 3445 undum
1985 3381 2107 3456 filium,
2141 3380 2220 3462 quia

203 3465 368 3549 fingendis
389 3466 506 3550 glossis
522 3487 581 3550 pro
601 3476 660 3531 tuo
680 3467 824 3532 arbitrio.
870 3468 1066 3533 Tertulliani
1084 3469 1188 3533 maior
1239 3484 1370 3528 omnem
1391 3467 1496 3548 patris
1518 3475 1671 3530 naturam
1694 3468 1728 3530 in
1755 3487 1791 3532 se
1818 3466 1926 3531 habet,
1971 3466 2057 3529 llum
2086 3474 2121 3530 et
2141 3487 2219 3530 con-

204 3560 255 3615 est
280 3549 387 3616 honor
419 3551 506 3634 apud
533 3561 565 3616 te
592 3573 691 3636 quam
720 3554 820 3617 totius
852 3552 1015 3618 eeclesiae.
1069 3554 1188 3637 Fingis
1238 3548 1485 3615 substantialem
1504 3552 1589 3633 patri
1608 3552 1714 3616 filium
1736 3551 1859 3629 dicunt,
1882 3561 1915 3616 et
1932 3571 2120 3633 expressam
2138 3552 2220 3614 ima·

204 3637 298 3719 quasi
318 3657 380 3702 nos
401 3637 546 3703 humano
567 3659 658 3703 more
679 3638 719 3702 de
740 3638 898 3702 filiatione
915 3639 981 3703 Dei
1003 3638 1186 3720 loquamur,
1238 3634 1350 3717 ginem
1372 3637 1577 3701 substantiae
1598 3637 1696 3702 illius.
1744 3638 1791 3702 Et
1813 3638 1932 3701 iterum
1954 3633 2047 3701 iuxta
2066 3636 2220 3715 Paulum,

204 3730 239 3786 et
259 3722 519 3790 crudefaoiamus
540 3724 645 3790 filium
663 3725 737 3803 Dei,
759 3724 1011 3806 aboleamusque
1028 3724 1185 3790 honorem
1234 3741 1340 3802 quum
1363 3730 1449 3786 esest
1471 3725 1505 3786 in
1526 3723 1632 3787 forma
1653 3723 1718 3788 Dei
1745 3724 1925 3788 inanivisse
1948 3744 1997 3799 se,
2027 3729 2061 3786 et
2079 3723 2218 3786 formam

203 3806 264 3870 filii
287 3808 367 3872 Dei:
394 3809 429 3873 id
451 3809 536 3892 quod
558 3819 596 3875 tu
617 3831 692 3875 eum
714 3830 844 3874 summa
864 3809 1069 3892 blasphemia
1089 3811 1185 3876 faeie:
1238 3806 1325 3870 servi
1347 3807 1518 3890 accepisse.
1563 3806 1636 3872 'fibi
1663 3830 1756 3883 vero,
1785 3809 1922 3892 prolatio
1949 3817 1999 3872 est
2020 3809 2092 3890 ipsa
2113 3809 2221 3872 carnis

205 3893 414 3976 deprehendo
436 3897 524 3959 enim
547 3894 722 3961 diabolicas
743 3895 818 3960 illas
836 3896 1007 3960 versutius,
1044 3895 1185 3960 interim
1238 3893 1415 3975 generatio.
1466 3895 1539 3977 Ego
1567 3895 1647 3971 ecio,
1683 3894 1775 3960 verbi
1804 3894 2021 3976 prolationem
2055 3893 2096 3958 ab
2123 3893 2219 3957 initio

205 3978 285 4044 dum
306 4000 371 4045 non
395 4001 558 4046 summam
576 3980 772 4065 patientiam
794 4000 872 4063 prae
894 4002 947 4045 me
969 3980 1048 4060 fero,
1072 3982 1185 4047 dolens
1237 3978 1347 4055 luisse,
1377 3990 1410 4042 et
1438 4000 1568 4062 semper
1594 4000 1665 4044 esse
1693 3979 1779 4062 apud
1802 3981 1929 4059 Deum,
1958 3998 2025 4043 non
2054 3987 2104 4044 est
2130 3979 2218 4044 enim

220 4139 317 4144 ,ψ’
339 4140 407 4144 m
1237 4061 1375 4127 verbum
1398 4066 1478 4148 quin
1499 4067 1693 4148 proferatur.
1745 4066 1793 4129 At
1813 4064 1922 4131 carnis
1943 4064 2122 4149 generatio,
2151 4085 2218 4128 non

274 4201 303 4267 1)
324 4201 410 4270 impr.
434 4201 491 4255 DD.
510 4174 619 4257 Ioannis
637 4202 839 4273 Oecolampadii
862 4211 891 4257 et
913 4204 1053 4257 Huldrichi
1071 4203 1137 4257 Zvin
1157 4204 1184 4257 lii
1237 4156 1332 4212 Item:
1374 4158 1481 4249 9⁰ep¹t
1512 4171 1600 4250 emm
1639 4173 1691 4250 Ψ·
1710 4156 1870 4249 tem-pom
1904 4159 1943 4214 Ut
1969 4150 2112 4215 mundus
2139 4170 2218 4232 lpse'
2292 4236 2297 4245 ·

203 4269 388 4339 Epistularum
411 4270 471 4324 libri
495 4279 612 4340 quatuor
636 4279 686 4326 stc.
729 4272 812 4328 Basil.
831 4271 899 4325 1536
921 4273 968 4327 iol.
992 4272 1012 4325 f.
1030 4271 1044 4323 1
1064 4289 1086 4326 s.
1151 4288 1184 4324 ne
1237 4232 1334 4314 Q¹¹⁰d
1363 4258 1390 4300 ⁸¹
1415 4256 1481 4300 ⁰⁰¹¹
1505 4236 1602 4335 ahter
1631 4235 1711 4336 d¹,⁰¹,⁸
1732 4237 1833 4337 fmflqe
1861 4234 1902 4300 ab
1933 4245 2081 4333 memor
2116 4254 2219 4333 ,quam

204 4336 404 4393 nntreddition
427 4339 460 4392 de
483 4345 773 4408 octoucrapcparut
795 4343 1006 4395 sensistine:
1040 4340 1182 4408 Epistulae
1235 4320 1411 4386 mundum:
1435 4342 1605 4405 egreglum
1628 4321 1753 4387 801110οῐ
1770 4322 1872 4388 fillum
1891 4319 2076 4398 De1dab¹s
2097 4341 2123 4383 Β]
2144 4341 2219 4384 Vffl'·

203 4406 343 4462 doctorum
375 4410 489 4463 virorum
517 4409 613 4476 quibus
640 4423 713 4463 eum‘
726 4408 917 4464 Eucharistiae
947 4417 974 4462 et
997 4408 1184 4477 Anabaptismi
1235 4403 1313 4468 bum
1336 4427 1403 4471 non
1425 4406 1521 4471 aliter
1549 4408 1611 4471 fuit
1632 4407 1735 4472 filius:
1769 4429 1852 4490 quae
1876 4415 1926 4470 est
1945 4427 2038 4470 mens
2065 4413 2131 4469 tua.
2176 4404 2217 4468 In

257 4478 340 4530 otium
367 4482 423 4530 tum
448 4478 502 4530 alia
529 4478 667 4546 religionis
694 4480 784 4546 capita
809 4519 814 4530 .
835 4517 866 4532 ,.
895 4479 1072 4532 continentur.
1101 4478 1182 4531 Basil.
1234 4491 1396 4574 principio
1418 4501 1489 4558 emt
1510 4493 1666 4557 Verbum:
1690 4493 1824 4569 honest,
1847 4494 1881 4555 in
1899 4490 2060 4574 principio
2079 4498 2218 4555 eratex,

203 4492 237 4529 ne

202 4494 322 4668 1165Ξὶξέ
335 4545 1183 4684 ᾖζζῑζωξὲζῖξᾟΒζζὲῑξξξῇᾝζῃὢοζῇαᾞζῗξθᾞ
1234 4597 1347 4658 pressa
1369 4579 1478 4663 imago
1496 4579 1699 4644 substantiae
1718 4579 1795 4643 Dei:
1819 4598 1897 4661 ergo
1920 4587 1953 4640 et
1969 4577 2077 4653 filius,
2090 4577 2145 4658 qui
2168 4584 2218 4641 est

202 4683 278 4749 regni
297 4680 398 4734 Christi
419 4689 447 4735 et
464 4686 630 4763 renascentis
648 4684 798 4753 Evangelii,
815 4683 906 4749 idest,
924 4682 1125 4750 Epistolar..D.
1143 4681 1181 4735 Io.
1233 4661 1294 4760 5¹¹³.
1318 4664 1427 4763 imago
1454 4665 1628 4764 invisibilis
1650 4664 1728 4737 Dei,
1759 4673 1828 4726 tum
1858 4669 1937 4726 erat.
1983 4663 2032 4725 Tu
2057 4661 2151 4760 di⁰i⁸3
2182 4661 2217 4760 in

203 4745 554 4818 Oecol.etHuld.Zwmglri
572 4753 775 4821 aliorumque..
794 4753 822 4806 ll.
840 4761 964 4820 quatuor.
981 4749 1180 4807 Baa159240.
1233 4756 1404 4831 scriptum
1442 4751 1641 4834 prophanam
1680 4769 1811 4832 semper
1840 4748 1996 4811 'futurum
2034 4745 2218 4829 praedicari

204 4818 251 4872 La
265 4819 399 4886 premiere
416 4814 642 4885 e'd.s’impr1'muit
659 4828 822 4875 conclament
840 4819 1114 4890 diuortmcdpoque,
1125 4835 1182 4888 par
1234 4834 1340 4898 filium
1368 4836 1440 4900 Dei·
1498 4832 1665 4917 Numquid
1705 4843 1816 4898 autem
1849 4833 1922 4898 ideo
1958 4840 2083 4915 negant
2115 4833 2218 4898 fuisse

202 4887 803 5026 tartunamananlu
836 4889 1182 5012 rainatas
1234 4921 1338 4985 unm
1368 4920 1456 4986 nu
1509 4921 1585 4985 uon
1614 4919 1727 4984 ses
1760 4920 1880 5003 ratur,
1915 4918 2001 5002 na
2034 4919 2123 4983 aas
2151 4917 2216 4982 m

201 5024 317 5095 Martio,
343 5043 367 5081 a.
386 5024 468 5090 1536)
492 5029 518 5077 et
538 5024 560 5077 il
583 5029 622 5078 est
644 5024 715 5078 donc
737 5027 930 5094 neewotutle
950 5041 1002 5095 qne
1021 5000 1118 5079 Ouinia
1136 5025 1182 5078 des
1234 5009 1363 5071 futurus
1390 5015 1461 5071 erat
1488 5005 1602 5069 homo:
1647 5005 1703 5070 sed
1740 5006 1839 5070 homo
1868 5006 1999 5069 futurus
2026 5004 2114 5068 filius
2141 5003 2215 5068 Dei.

202 5095 258 5148 loro
286 5101 332 5149 ent
356 5097 553 5148 connaissance
581 5092 614 5146 de
640 5093 667 5146 la
696 5094 929 5161 nuncupandam
954 5093 1183 5162 d'Oeeolampade
1234 5092 1308 5174 Quo
1332 5091 1439 5157 tendit
1460 5112 1567 5157 sermo
1588 5090 1659 5169 ille,
1689 5112 1786 5173 quam
1814 5090 1918 5155 filium
1940 5089 2006 5154 Dei
2026 5110 2091 5153 non
2114 5089 2217 5153 fuisse

202 5178 267 5216 “⁹³⁰⁶
286 5161 379 5217 ΒΜ
403 5165 452 5233 4²⁴⁶
467 5177 487 5231 3¹
505 5167 544 5214 ²⁸⁸
561 5167 692 5216 mm
709 5177 758 5215 Μ
776 5163 813 5215 ³⁶⁸
828 5164 974 5242 dmm
990 5164 1111 5229 f⁶¹⁸¹²¹⁶⁸i
1135 5163 1183 5216 ’ΠΒ
1235 5187 1312 5244 ante
1334 5176 1615 5243 incarnationem?
1640 5175 1812 5258 Quomodo
1832 5176 1935 5260 igitur
1955 5175 2036 5239 exiit
2057 5197 2076 5238 a
2098 5174 2214 5258 patre?

199 5231 555 5369 ttttttttnttitt
567 5229 930 5360 ttlttlttllstttt
960 5231 1187 5370 milii
1211 5335 1214 5363 ,
1236 5262 1397 5348 su0m0d⁰
1419 5272 1478 5342 θεῖ’
1509 5271 1685 5345 amquam
1706 5261 1876 5327 Abraham
1903 5259 2022 5324 fimi?
2057 5258 2216 5342 q⁰⁰m⁰d⁰

202 5373 219 5424 a
236 5384 289 5437 pen
305 5371 370 5439 prta
387 5368 459 5423 dena
478 5383 538 5423 ans.
558 5397 588 5406 -
610 5367 758 5432 (Meshan
775 5366 904 5435 ludens,
930 5371 1006 5428 Vera
1023 5385 1052 5437 p.
1071 5368 1149 5437 389.)
1214 5363 1392 5434 tegi-essue
1420 5349 1489 5414 eius
1516 5349 1556 5412 ab
1583 5350 1678 5412 initio
1706 5370 1726 5412 n
1753 5345 1867 5412 diebus
1894 5345 2119 5410 aeternitatis?
2164 5345 2216 5408 'l'u
