4800 5902
190 297 254 359 aa
956 287 1140 371 raucas
1162 304 1227 371 nn
1249 307 1442 375 Bonane.

190 484 314 565 veniat,
337 484 395 568 qui
417 485 593 553 efficaciter
614 507 729 554 omnes
744 496 866 570 movet,
889 490 944 574 qui
966 490 1008 556 ad
1030 491 1172 559 salntem
1422 495 1654 579 Respondit
1675 496 2005 583 Hieronymus:¹)

190 575 270 634 sunt
291 568 552 652 praedestinati?

1312 646 1416 713 Deum
1439 669 1504 714 esce
1526 652 1580 730 qai
1602 670 1653 716 cor
1670 671 1820 716 caracam
1838 653 1940 718 raldit
1957 656 1985 716 et
2001 659 2131 719 mentem
2148 655 2205 720 dot

279 909 350 975 sihi
370 932 432 977 „072
453 913 556 977 viam·
576 912 632 977 ως
647 914 759 996 portus
779 936 875 997 quam
893 916 965 982 taos
979 920 1022 984 ad
1037 920 1172 985 3012,me
1223 904 1308 969 dora
1335 924 1397 969 sua
1423 911 1451 970 et
1471 907 1597 988 pra-tias
1618 907 1760 989 capereto
1783 909 1818 973 in
1840 907 1941 973 electis
1960 911 2045 989 auis,
2073 909 2128 976 too
2149 914 2203 990 est,

187 998 440 1080 praedatiaatos
467 1019 542 1063 esse.
593 997 757 1064 &aerim
783 1002 939 1068 cedmae
966 1004 1088 1070 credere
1110 1026 1172 1086 per
1224 989 1261 1053 lt
1281 988 1333 1053 MS
1354 993 1411 1071 lul
1425 991 1560 1073 Ptrsetlt
1582 992 1716 1057 Wlffl-

187 1083 329 1180 pretium
351 1083 515 1165 efficerer.
564 1085 722 1166 thatam
749 1087 792 1151 od
818 1089 1006 1168 incredulos,
1032 1092 1172 1174 qratiam

191 1167 257 1233 Del
284 1188 363 1249 luat
389 1170 511 1270 ⁰(stth
536 1170 615 1252 latll
642 1190 704 1235 Μ
731 1192 797 1270 θζθθθ
824 1173 893 1239 llllt
914 1174 1067 1255 efficacem
1091 1178 1171 1258 Quia
1489 1196 1717 1279 Excipiunt
1737 1196 1935 1262 ministri:

191 1274 261 1319 eom
288 1275 351 1336 pro
388 1256 539 1339 dtyrtitate
571 1276 632 1319 aon
666 1262 839 1323 aestimant.
895 1260 983 1342 Quod
1010 1282 1080 1345 crya
1108 1284 1170 1328 aaa

190 1339 333 1419 aedunt,
361 1361 423 1407 aaa
450 1341 514 1407 Dei
542 1341 596 1406 hoo
621 1343 693 1423 aaa·
714 1343 831 1409 terrem
857 1347 913 1410 sea
942 1366 1047 1411 corum
1074 1348 1170 1414 redel-
1309 1347 1537 1431 Tergiversari
1576 1348 1837 1433 Hieronymum,
1878 1369 1940 1414 nec
1975 1348 2064 1415 aliud
2103 1372 2203 1434 quam

189 1423 278 1490 toea
1223 1453 1328 1517 nugas
1351 1439 1472 1499 terere.
1517 1434 1684 1518 Rogatus,
1704 1455 1748 1499 an
1771 1455 1838 1514 non
1861 1434 1974 1500 electis
1995 1436 2064 1501 suis
2085 1437 2202 1501 Domi·

1221 1539 1294 1598 nus,
1314 1518 1401 1584 ultra
1418 1518 1617 1597 facultatem,
1636 1519 1735 1585 simul
1753 1521 1854 1585 etiam
1871 1519 2081 1587 voluntatem
2092 1521 2202 1602 donet,

457 1617 683 1700 Excipiunt
704 1619 900 1683 ministri:
1221 1602 1397 1686 respondet
1424 1605 1495 1669 dari
1522 1626 1577 1671 cor
1605 1626 1723 1688 capax,
1755 1625 1817 1689 quo
1846 1605 2025 1688 significat,
2053 1606 2138 1671 nihil
2161 1627 2202 1672 ex

1221 1709 1257 1754 se
1274 1689 1346 1773 ipsa
1363 1710 1457 1772 posse
1469 1691 1532 1755 Dei
1551 1691 1702 1775 gratiam,
1721 1691 1787 1755 nisi
1804 1699 1967 1773 quatenus
1979 1691 2083 1757 libero
2096 1692 2202 1758 homi-

274 1768 374 1851 Quod
391 1779 492 1855 negat
507 1773 665 1857 magister
676 1772 903 1859 Hieronymus
919 1773 1004 1840 ullos
1022 1774 1063 1839 ad
1081 1776 1168 1841 salu-
1221 1796 1304 1839 num
1332 1775 1468 1840 arbitrio
1492 1777 1641 1841 redditur
1662 1778 1794 1856 efficax,
1826 1796 1865 1841 ao
1895 1777 1924 1842 si
1951 1777 2045 1842 Deus
2066 1779 2103 1842 in
2126 1798 2201 1842 aere

188 1862 256 1921 tam
278 1876 358 1940 prae
387 1856 461 1922 aliis
488 1857 658 1923 ordinatos
679 1879 765 1937 esse,
793 1859 827 1923 id
854 1860 954 1925 Pauli
981 1860 1168 1926 testimonio
1220 1881 1343 1945 pyrum
1370 1882 1565 1944 suspensum
1593 1871 1737 1941 teneret,
1772 1864 1896 1927 sineret
1928 1869 2038 1928 autem
2065 1863 2201 1947 proprio

187 1963 322 2026 prorsus
352 1943 563 2022 adversatur,
608 1965 709 2027 quum
748 1944 843 2011 docet
874 1947 1025 2012 misereri
1057 1948 1168 2012 Deum
1242 1967 1384 2029 nemque
1412 1955 1503 2012 motu
1525 1967 1707 2013 accurrere.
1752 1947 1837 2013 Inde
1859 1954 2029 2030 sequetur,
2058 1950 2202 2033 gratiam

186 2029 280 2094 ouius
298 2029 372 2095 vult
393 2036 453 2095 ete.
477 2029 588 2113 (Rom.
604 2035 633 2108 9,
660 2028 723 2114 la),
745 2038 781 2095 et
801 2033 904 2114 ipsius
925 2033 989 2097 Dei
1011 2053 1168 2115 responso
1254 2032 1284 2096 ei
1307 2031 1355 2096 nil
1376 2033 1441 2097 nisi
1462 2035 1579 2098 merito
1601 2040 1713 2098 nostro
1735 2033 1883 2097 adiutam
1903 2033 2067 2115 prodesse.
2096 2034 2201 2116 Atqui

185 2113 274 2196 quod
295 2116 437 2179 refertur
464 2136 484 2179 a
505 2115 622 2199 Moyse
645 2114 765 2198 (Exod.
794 2121 848 2195 13,
874 2119 944 2199 la),
969 2120 1049 2183 item
1071 2117 1166 2183 altori
1219 2116 1344 2182 Paulus
1361 2125 1476 2182 contra
1492 2125 1642 2198 testatur,
1660 2140 1727 2183 non
1744 2119 1885 2184 volentis
1902 2139 1984 2197 osae,
2002 2139 2108 2201 neque
2126 2139 2200 2183 cur-

184 2199 286 2264 Pauli
307 2202 504 2279 sententiae,
526 2209 656 2267 sanctos
678 2202 858 2267 secundum
880 2201 945 2268 Dei
962 2205 1166 2286 propositum
1219 2204 1332 2282 rantis,
1355 2204 1414 2268 sed
1435 2204 1621 2269 miserantis
1643 2204 1707 2269 Dei
1728 2203 1838 2287 (Rom.
1864 2207 1893 2282 9,
1919 2205 1974 2285 16)

184 2296 317 2351 vocatos
347 2307 419 2351 esse
453 2286 563 2364 (Rom.
587 2289 623 2365 8,
652 2289 718 2366 28).
763 2285 861 2368 Quod
893 2295 1007 2371 postea
1036 2291 1164 2368 attexit,

184 2371 316 2437 eredere
338 2392 398 2454 per
419 2372 559 2456 gratiam
582 2392 637 2437 eos
658 2374 714 2455 qui
732 2373 879 2453 eredunt,
897 2375 1092 2457 perplexum
1114 2385 1165 2440 est

184 2468 218 2521 et
251 2476 354 2540 pravo
386 2458 503 2523 cavillo
535 2457 730 2523 involutum.
782 2457 908 2525 Omnes
940 2461 1030 2524 onim
1062 2481 1164 2542 quum

182 2551 304 2608 natura
320 2542 482 2608 increduli
500 2543 568 2609 siut
585 2555 618 2608 et
633 2544 721 2609 malo
738 2543 868 2624 addicti,
890 2567 986 2611 nemo
1004 2545 1046 2609 ad
1063 2545 1163 2611 fidem
1455 2559 1733 2642 Quaesierunt
1759 2561 1958 2625 ministri:

182 2630 297 2693 venire
313 2639 421 2711 potest
438 2630 502 2694 nisi
520 2630 612 2695 cuins
630 2632 884 2697 corDeusserio
903 2632 1011 2696 afficit.
1036 2630 1161 2712 Quem·

183 2713 360 2780 admodum
382 2715 492 2780 Lucas
518 2717 635 2780 recitat
661 2717 749 2798 (Act.
779 2722 832 2793 16,
858 2718 912 2797 14)
935 2738 990 2782 oor
1012 2717 1161 2782 mulieris
1300 2715 1424 2780 Annon
1451 2723 1526 2797 post
1550 2715 1683 2779 ruinam
1713 2714 1807 2780 Adae
1840 2715 1890 2779 ita
1923 2716 2054 2797 penitus
2083 2714 2200 2780 nudati

180 2801 281 2865 fnisse
307 2809 461 2883 apertum
489 2810 526 2865 ut
553 2801 651 2866 Pauli
679 2799 848 2867 doctrinae
873 2803 1027 2868 obediret.
1072 2803 1159 2868 Item
1213 2800 1280 2864 sint
1302 2800 1453 2865 homines
1480 2800 1583 2865 libero
1606 2801 1758 2879 arbitrio,
1787 2808 1824 2865 ut
1846 2800 1930 2864 nihil
1953 2821 2053 2883 quam
2074 2800 2200 2865 malum

184 2898 332 2969 apertam
359 2886 460 2951 anese
494 2894 640 2951 mentem
668 2887 835 2969 discipulis
869 2896 908 2952 nt
935 2888 1161 2973 intelligerent
1212 2886 1320 2951 faeere
1340 2887 1465 2969 possint
1488 2885 1592 2952 donoc
1611 2885 1852 2952 reformentur?

182 2973 361 3056 scripturas
391 2973 489 3056 (Luc.
514 2975 571 3050 24,
601 2975 667 3056 45).
713 2972 875 3039 Similiter
902 2972 1056 3039 Christus
1084 2995 1159 3057 pro-

178 3061 325 3138 nunciat,
349 3060 463 3125 venire
484 3058 526 3122 ad
548 3080 583 3123 se
605 3080 719 3124 omnes
742 3060 796 3142 qui
819 3080 839 3123 a
859 3067 953 3142 patre
976 3058 1161 3126 didicerunt
1410 3073 1642 3157 Respondit
1663 3074 1997 3158 Hieronymus:²)

180 3145 311 3225 (Ioann
336 3148 365 3224 6,
388 3145 455 3225 45).
482 3145 586 3226 Atqui
607 3145 716 3226 palam
739 3153 790 3210 est
810 3166 878 3209 non
898 3166 1012 3211 omnes
1034 3146 1157 3210 venire.

179 3231 277 3298 Unde
300 3232 449 3313 sequitur
473 3252 541 3295 non
562 3251 675 3295 omnes
692 3231 874 3313 aequaliter
895 3231 1031 3314 spiritus
1053 3231 1160 3316 gratia
1299 3227 1467 3294 Hominem
1488 3249 1551 3293 aon
1571 3227 1673 3308 faisse
1696 3227 1790 3291 libero
1812 3228 1946 3293 arbitrio
1963 3229 1999 3291 ia
2016 3232 2112 3291 totum
2129 3246 2199 3308 spo·

180 3318 276 3382 affici
310 3318 415 3382 Porro
433 3317 585 3399 magistri
602 3317 802 3401 Hieronymi
819 3315 991 3382 consilinm
1010 3324 1069 3394 est,
1091 3338 1159 3382 non
1213 3314 1325 3379 lictum
1350 3313 1465 3394 (saara
1492 3315 1575 3378 enim
1604 3319 1681 3377 esset
1709 3312 1836 3377 Mam
1866 3312 1990 3377 animal
2019 3317 2048 3375 et
2074 3313 2198 3377 ratione

180 3402 282 3467 aliam
313 3402 436 3485 gratiae
464 3403 529 3467 Dei
562 3402 739 3467 efficaciam
773 3402 931 3481 tribuere,
963 3403 1029 3467 nisi
1060 3424 1159 3485 quam
1212 3400 1369 3481 uacuam).
1416 3397 1479 3464 See
1506 3398 1676 3463 arbitrium
1703 3398 1772 3462 eiua
1799 3399 1920 3462 mansit
1944 3397 2142 3461 uulneratum
2169 3401 2198 3461 et

180 3487 326 3552 liberum
353 3486 494 3551 hominis
522 3488 696 3553 arbitrium
729 3488 779 3551 illi
812 3486 947 3553 dederit.
997 3488 1161 3553 Fateatur
1212 3489 1405 3566 corruptam,
1427 3488 1463 3548 at
1483 3504 1584 3565 saepe,
1607 3483 1716 3563 atsere
1732 3503 1862 3563 seraper,
1880 3482 1992 3546 bonam
2009 3481 2197 3546 intimaverit

181 3572 328 3656 quidem,
362 3573 490 3654 culpam
519 3594 619 3655 penes
641 3573 797 3655 reprobos
819 3574 956 3638 haerere
984 3573 1070 3655 quod
1093 3594 1160 3638 non
1212 3570 1333 3634 mulam
1360 3588 1426 3633 esse
1458 3573 1488 3633 et
1518 3568 1639 3633 malam
1667 3568 1787 3632 boram.
1842 3567 1978 3647 Ideoque
2004 3585 2126 3646 seraper
2153 3565 2197 3631 ad

179 3658 335 3735 credunt,
370 3665 404 3723 et
431 3680 545 3723 eorum
577 3659 799 3724 contumaciae
828 3658 1056 3742 imputandam
1079 3679 1160 3737 esse,
1214 3654 1449 3736 irrtelliqeadam
1476 3659 1505 3718 et
1529 3652 1716 3734 aeqaeadam
1737 3652 1801 3715 Dei
1833 3652 1928 3735 tepeat
1949 3672 2029 3733 opas
2050 3651 2197 3717 amicare

179 3765 248 3809 non
260 3744 326 3810 Dei
345 3743 484 3821 decreto,
502 3744 600 3827 idque
618 3745 749 3810 assiduo
767 3745 935 3810 inculcant
953 3743 1039 3826 apud
1057 3765 1161 3826 popu·
1213 3738 1278 3806 Dei
1298 3739 1420 3822 qratia,
1448 3744 1477 3803 et
1504 3739 1546 3803 oct
1574 3738 1759 3804 caecam
1786 3758 1866 3819 opas
1894 3737 2039 3803 habuisse
2066 3736 2197 3819 amacii

178 3831 260 3907 lum,
284 3829 342 3896 sed
364 3830 443 3893 hinc
463 3850 636 3913 perperam
659 3830 834 3913 colligitur,
857 3852 922 3894 non
943 3827 1079 3894 destitui
1095 3830 1161 3894 Dei
1210 3827 1318 3908 qratia
1340 3829 1368 3890 et
1389 3825 1576 3890 attractione

182 3917 300 4000 spiritu
322 3917 380 3998 qui
401 3916 563 3981 increduli
586 3926 730 3981 manent.

576 4040 580 4045 ·
1473 4011 1707 4093 Excipiunt
1734 4011 1931 4076 ministri:

1299 4167 1393 4232 Haec
1415 4167 1548 4250 propria
1569 4185 1641 4229 esse
1662 4164 1810 4248 papistae
1830 4166 1948 4242 verba,
1972 4165 2052 4228 dum
2072 4165 2196 4229 fatetur

420 4272 700 4355 Quaesierunt
720 4273 920 4338 minimi:
1213 4253 1373 4336 magister
1404 4252 1630 4336 Hieronymus
1669 4250 1835 4314 hominem
1864 4250 1930 4314 Dei
1971 4251 2079 4334 gratia
2112 4270 2194 4332 opus

269 4430 393 4494 Amlffll
426 4430 473 4492 lla
501 4436 656 4511 operetur
675 4428 777 4528 ,Dfllffi
804 4429 840 4493 ln
872 4429 948 4527 suls,
974 4427 1086 4527 01⁰(Jl3l5
1114 4435 1160 4506 ut,
1285 4457 1314 4524 1)
1333 4458 1424 4526 Ipsum
1442 4458 1529 4511 Deum
1548 4472 1609 4510 esse
1628 4457 1674 4524 qui
1691 4455 1739 4509 dat
1755 4455 1837 4509 corda
1857 4469 1957 4508 carnea
1975 4453 2009 4508 ad
2028 4453 2195 4508 intellectum

181 4514 521 4598 praeterquamquod
549 4514 590 4578 ad
618 4514 837 4598 temptandam
865 4522 1005 4598 grailam
1027 4512 1162 4577 ldonoos
1216 4542 1353 4594 capacem,
1373 4526 1406 4579 ad
1426 4523 1587 4579 audiendum
1606 4524 1717 4579 verbum
1736 4523 1846 4576 salutis:
1865 4524 1963 4590 quique
1983 4522 2096 4576 eundem
2114 4522 2195 4576 intel·

180 4598 304 4677 reddit,
334 4599 431 4666 simu]
455 4600 555 4665 etiam
578 4600 675 4666 corda
697 4620 811 4665 eorum
833 4601 953 4665 formet
974 4607 1011 4662 ut
1032 4619 1069 4662 re
1090 4600 1162 4680 ipsa
1215 4599 1315 4675 lactum
1332 4595 1464 4674 illuminat
1482 4610 1515 4647 ac
1532 4592 1620 4661 docet,
1639 4609 1672 4646 ac
1688 4599 1834 4660 postquam
1852 4591 1945 4645 docuit
1958 4590 2043 4671 elficit
2055 4591 2195 4671 utleredat

179 4685 306 4754 velint?
1216 4674 1244 4719 et
1261 4671 1299 4716 ita
1317 4661 1489 4731 progreditur
1507 4662 1630 4730 augendo
1650 4676 1698 4716 sua
1716 4660 1789 4714 dona
1807 4666 1835 4712 et
1848 4674 1999 4713 muneram
2012 4660 2115 4726 electls,
2132 4658 2158 4711 h.
2169 4674 2194 4714 e.

1215 4748 1278 4788 vere
1297 4732 1477 4785 credentibus.
1549 4762 1550 4765 =

1283 4799 1313 4864 2)
1331 4800 1473 4854 Hominem
1491 4806 1555 4866 post
1577 4797 1683 4864 lapsum
1705 4811 1760 4848 non
1783 4795 1934 4864 perdidisse
1954 4797 2061 4849 omnino
2078 4794 2194 4848 liberum

1215 4869 1366 4923 arbitrium:
1394 4885 1456 4921 nam
1480 4868 1576 4920 luisset
1598 4865 1673 4917 velut
1697 4864 1806 4918 brutum
1832 4867 1967 4931 privatum
1989 4863 2102 4916 ratione.
2138 4861 2192 4916 Sed

249 4943 279 5008 1)
299 4942 333 4997 Se
352 4958 406 4997 non
424 4957 523 5011 capere
542 4941 614 5011 quod
631 4941 706 4995 Deus
725 4940 875 4995 decreverit
893 4957 928 4996 ex
944 4942 1096 4995 hominibus
1114 4940 1162 4993 ali·
1214 4939 1298 5005 ipsius
1317 4936 1456 4990 arbitrium
1474 4935 1525 4988 fuit
1543 4934 1662 4988 saucium
1681 4938 1709 4986 et
1728 4940 1899 5011 corruptum,
1917 4932 1956 4984 ita
1975 4939 2005 4984 ut
2022 4945 2119 4998 saepe,
2137 4931 2190 5010 imo

183 5027 253 5078 quos
271 5013 361 5080 potius
379 5028 459 5078 quam
477 5011 545 5074 alios
564 5026 682 5064 servare.
717 5009 771 5064 Sed
788 5010 897 5076 fatetur,
917 5025 964 5065 eos
984 5012 1029 5078 qui
1047 5008 1161 5063 credunt
1212 5022 1278 5059 vero
1289 5019 1403 5072 semper,
1423 5004 1495 5071 quod
1512 5003 1611 5055 bonurn
1629 5010 1689 5054 erat
1706 5000 1829 5055 iudicarit
1845 4999 1953 5079 malum,
1971 5005 2000 5053 et
2014 5005 2109 5051 eontra
2121 5014 2192 5080 exra-

181 5080 293 5134 credere
318 5096 368 5148 per
390 5082 504 5145 gratiam
529 5078 683 5145 efficacem,
701 5116 850 5131 .........
867 5080 1030 5133 existimant.
1066 5077 1161 5145 Itaque
1213 5074 1314 5128 timarit
1332 5072 1429 5125 malum
1447 5073 1558 5126 bonum:
1579 5070 1614 5123 ob
1633 5086 1712 5138 quam
1730 5085 1795 5137 rem,
1814 5075 1844 5123 ut
1861 5067 2025 5135 intelligeret
2035 5066 2123 5189 lefiem
2132 5067 2192 5135 Der,

180 5163 216 5202 ax
239 5149 361 5217 ipsorum
385 5144 465 5217 culpa
488 5156 516 5201 et
540 5155 697 5215 contemptu
722 5147 852 5214 contingit
877 5147 949 5214 quod
967 5165 1021 5201 non
1041 5145 1161 5214 credant,
1214 5151 1242 5196 et
1263 5143 1315 5208 ipsi
1333 5146 1455 5209 pareret,
1483 5138 1598 5218 indiguit
1624 5154 1731 5208 semper
1756 5154 1795 5206 gr.
1817 5136 1881 5216 Ilei,
1911 5143 1939 5188 et
1961 5144 1992 5190 ut
2015 5151 2059 5190 cre
2080 5146 2139 5191 eret
2164 5137 2192 5190 in

177 5232 233 5271 non
251 5233 285 5272 ex
302 5217 354 5271 Dei
372 5219 491 5272 decreto.
1213 5211 1349 5265 Christum
1368 5225 1437 5278 opus
1454 5208 1548 5261 habuit
1565 5223 1604 5275 gr.
1623 5223 1663 5276 sp.
1683 5215 1712 5262 et
1729 5212 1901 5261 attractione.
