4702 5926
136 318 196 381 661
662 324 665 330 “
825 315 1089 384 EPISTOLAE
1112 317 1177 384 AD
1201 318 1459 388 OALVINUM.
2087 333 2153 399 662

135 507 181 573 ibi
201 512 288 571 actus
309 508 408 573 realis
428 509 515 572 intus
533 507 754 589 peneratianis,
781 525 843 570 nan
864 506 946 572 actio
967 505 1114 587 spiratio-
1170 504 1286 570 Omnia
1318 528 1389 590 erqo
1416 528 1496 589 quac
1523 501 1593 574 aere
1614 515 1696 589 soret,
1730 509 1766 575 in
1788 508 1856 577 Deo
1888 517 1973 593 sunt,
2004 520 2034 579 et
2065 515 2150 584 bona
2200 574 2204 580 ,

134 594 196 671 nis,
228 593 284 657 scd
317 614 387 658 cum
409 594 559 659 naturali
589 594 758 675 capnitione
788 596 816 654 et
842 590 908 656 Dei
941 591 1111 669 constituto,
1166 595 1240 655 sunt
1259 590 1354 673 facta,
1377 615 1558 676 quanquam
1579 596 1700 660 actibus
1712 596 1738 677 ¹)
1771 596 1869 662 malis
1899 598 1964 663 sint
1991 604 2150 681 quaedam

51 760 54 767 ,
135 683 204 744 arat
218 681 414 760 propositum
436 684 466 743 et
483 679 627 760 potantia.
680 677 866 743 Relucudia
885 676 949 756 flii
966 696 1026 741 non
1047 681 1116 741 erat
1161 682 1273 755 postea
1293 679 1475 759 deprauata,
1495 684 1532 742 ut
1551 680 1791 762 diabolusipse,
1813 686 1842 747 et
1863 683 1991 755 animus
2007 707 2150 766 macne,-

135 768 208 829 actn
228 765 324 829 real-is
343 766 441 846 flius,
463 765 518 828 sed
532 764 679 845 potentia.
703 761 793 828 Idem
814 762 852 828 dc
871 761 989 843 spiritu
1007 767 1113 827 sancto
1167 762 1222 842 qni
1242 762 1338 827 etiam
1358 763 1425 829 Deo
1446 766 1564 845 insunt,
1597 786 1666 830 cnm
1694 767 1804 832 insitis
1825 769 2042 850 αεειαεηιιιαε,
2075 778 2105 837 ει
2119 793 2150 839 ,α

135 851 233 928 duas,
263 856 299 914 ut
317 851 417 931 fuerit
438 851 472 914 in
501 848 665 929 arclietppo
692 849 835 928 poteritia
862 848 1019 929 spirandi,
1052 867 1113 912 riou
1167 846 1236 914 Deo
1257 848 1303 913 ita
1324 851 1526 915 sustinentur.
1570 851 1665 917 Hanc
1691 872 1758 916 rem
1785 853 1938 919 indicavit
1960 853 2051 922 Deus
2078 860 2149 939 ipsc

135 940 225 1001 actus
240 938 402 1016 passivus.
451 936 554 1015 Quum
576 935 620 998 ibi
641 953 729 998 nenia
751 938 864 1016 aperet,
896 953 984 997 nemo
1011 935 1114 1012 patio
1166 935 1332 998 creationis
1352 936 1497 1001 uocabula
1517 938 1599 1017 quod
1620 943 1665 1001 est
1687 939 1767 1018 inst)
1791 938 1862 1018 iebi,
1890 942 1984 1021 quasi
2004 942 2147 1023 dicisset,

136 1019 246 1085 batur:
271 1042 358 1086 nemo
379 1021 530 1102 spirabat,
560 1038 648 1084 neruo
669 1019 862 1101 spirabatur.
908 1017 987 1083 Ecce
1007 1039 1115 1083 ceram
1166 1018 1245 1083 insit
1264 1020 1345 1084 mibi
1368 1022 1433 1099 luc,
1466 1024 1544 1087 insit
1563 1022 1644 1087 mibi
1668 1024 1910 1104 firmamentum,
1944 1026 2046 1092 insint
2066 1030 2147 1095 aiibi

136 1106 217 1171 inter
235 1106 340 1186 filium
361 1111 388 1171 et
405 1107 553 1186 spiritum
570 1105 864 1186 aequiparationem,
886 1108 922 1168 ut
940 1109 1011 1168 ante
1027 1124 1114 1170 crea·
1166 1104 1352 1170 luminaria.
1398 1105 1441 1169 In
1461 1107 1529 1172 Dea
1551 1109 1657 1181 amnia
1678 1110 1858 1188 εοιιειειααι,
1883 1111 2057 1177 accidentia
2079 1114 2148 1180 Deo

135 1193 249 1257 tionem
270 1212 340 1257 cere
360 1192 489 1272 fuerint,
523 1211 586 1255 non
619 1197 719 1254 tamen
754 1189 927 1254 actionibus
952 1189 1114 1254 nostriset
1166 1190 1283 1268 insunt,
1317 1197 1409 1272 atque
1429 1192 1476 1258 ita
1497 1191 1567 1258 Deo
1588 1194 1740 1259 auidum
1789 1195 1952 1277 Quidquid
1983 1197 2019 1261 in
2040 1219 2148 1264 rerum

130 1278 338 1360 passionibus
358 1277 504 1341 realibus.
549 1275 591 1339 In
613 1277 767 1340 creatione
794 1295 913 1357 quaque
940 1275 1058 1340 similis
1082 1276 1114 1339 in
1165 1281 1282 1339 natma
1303 1277 1423 1355 accidit,
1456 1277 1525 1344 Deo
1555 1300 1677 1360 semper
1697 1280 1818 1357 accidit,
1851 1300 1908 1345 seu
1929 1280 1998 1347 Dca
2018 1283 2148 1350 incidit:

134 1361 190 1429 bac
211 1367 277 1427 erat
299 1361 500 1427 esleibdianis
531 1360 616 1425 uerbi
643 1366 671 1424 ει
698 1361 832 1442 spiritns
856 1361 948 1439 ratio,
981 1366 1015 1424 ut
1046 1361 1114 1424 siue
1165 1381 1227 1426 non
1243 1366 1372 1441 praeter
1392 1382 1487 1443 spem,
1510 1364 1565 1429 sed
1585 1365 1656 1444 ipsc
1677 1365 1872 1445 suscipiente.
1916 1365 2008 1433 Deus
2029 1390 2090 1435 non
2111 1368 2148 1434 ab

93 1466 94 1469 ’
135 1450 188 1517 sui
219 1449 390 1513 mutatione
422 1447 547 1510 uerbum
583 1452 612 1509 et
644 1446 795 1525 spiritum
825 1444 982 1510 exhiberet
1008 1445 1113 1511 Deus:
1165 1446 1201 1509 id
1221 1451 1368 1527 mutatur,
1399 1449 1455 1512 sed
1486 1470 1537 1513 res
1567 1470 1648 1530 quae
1679 1451 1824 1515 accidunt
1856 1457 2027 1517 mutantur.
2074 1454 2148 1519 Non

134 1535 261 1601 comm
283 1540 406 1597 eccterm
425 1534 531 1596 cisum
552 1531 727 1610 ostenderet,
760 1536 788 1595 et
817 1532 969 1610 spiritum
996 1533 1114 1616 interne
1165 1552 1234 1594 eam
1254 1532 1308 1596 boc
1334 1535 1464 1597 coritinet
1484 1534 1718 1614 absurditatem,
1746 1556 1841 1615 quam
1863 1537 2050 1602 intrinsecae
2071 1540 2149 1604 illae

135 1621 383 1687 communicaret.
428 1616 482 1681 Ita
504 1617 629 1682 uerbum
663 1622 693 1679 et
724 1618 874 1697 spiritum
900 1616 974 1681 clim
1001 1618 1113 1681 discer-
1163 1637 1269 1680 rerum
1291 1619 1440 1683 motiones
1462 1623 1490 1682 et
1512 1620 1707 1702 aqitationes,
1735 1641 1817 1702 quas
1837 1642 1892 1685 vos
1912 1622 1948 1685 in
1968 1622 2038 1686 Deo
2058 1625 2149 1690 uarie

135 1708 252 1784 nimus,
283 1709 318 1767 ut
350 1704 494 1787 anqelum
526 1707 554 1766 et
581 1702 731 1783 spiritum
752 1722 791 1765 en
812 1702 950 1766 bominis
971 1703 1112 1782 etftatus
1164 1703 1355 1781 concluditis,
1377 1704 1413 1766 in
1433 1704 1574 1770 trinitate
1595 1710 1706 1771 cestra.
1752 1705 1946 1771 Mutationes
1974 1709 2085 1772 carias
2112 1711 2149 1773 iu

135 1793 244 1874 specie.
292 1789 387 1853 Nunc
418 1809 490 1853 cero
524 1788 560 1851 in
592 1807 719 1867 corpore
743 1785 861 1852 Obristi
893 1792 938 1852 est
964 1789 1114 1852 mnniset
1165 1789 1235 1869 ipso
1256 1787 1325 1853 Dea
1353 1788 1512 1869 efficacius
1533 1792 1704 1872 arpucbant
1738 1793 1861 1856 Arrius
1889 1797 1916 1856 et
1940 1790 2150 1860 Macedoniae

134 1878 256 1960 inthra
283 1874 368 1938 verbi
395 1880 423 1939 et
454 1873 587 1953 spiritus
613 1873 786 1954 plenitudo.
843 1872 1000 1956 Intellipis
1033 1873 1113 1938 banc
1165 1879 1272 1937 cantra
1302 1893 1356 1937 cos
1388 1894 1493 1940 omnes
1525 1875 1693 1957 sopbistas,
1726 1878 1782 1958 qui
1812 1878 1967 1957 stupenda
2000 1879 2148 1945 illusione

139 1961 259 2028 Obristi
280 1965 373 2024 totam
390 1958 550 2048 pluriam?
596 1958 684 2039 Quod
708 1958 798 2038 filius
818 1959 945 2023 uerbum
966 1965 995 2023 et
1016 1960 1113 2040 spiri·
1164 1959 1338 2037 somniatis,
1360 1957 1467 2023 Deum
1499 1961 1535 2024 in
1561 1980 1594 2025 sc
1621 1962 1703 2026 duas
1725 1963 2054 2046 resdistinctasiupi
2070 1985 2147 2047 pra

136 2052 202 2112 tum
220 2048 310 2128 plene
331 2046 506 2110 contineat?
537 2044 748 2126 bppastaticc?
792 2042 949 2127 Intelliqis
980 2045 1113 2126 insuper
1164 2043 1306 2108 ductione
1338 2048 1366 2108 et
1398 2046 1591 2110 coronatione
1624 2046 1762 2127 quotidie
1791 2048 1919 2129 qipnere
1952 2052 1980 2111 ct
2011 2050 2145 2130 spirare,

136 2134 275 2215 qualiter
297 2131 428 2214 formali
444 2129 585 2210 patentia
603 2128 702 2210 fuerit
722 2129 797 2194 alim
816 2130 913 2211 filius,
947 2131 1002 2211 qui
1030 2150 1113 2195 nunc
1164 2129 1259 2208 idque
1280 2130 1459 2194 intrinsecis
1479 2130 1622 2209 nectibus,
1654 2131 1826 2196 actionibus
1847 2133 1991 2197 diversis.
2036 2130 2147 2199 Incor-

137 2224 181 2283 cst
203 2222 274 2283 actu
293 2215 408 2297 filius?
453 2214 495 2279 In
517 2215 602 2279 omni
619 2216 815 2298 qeneratiom
830 2216 929 2296 prius
947 2220 991 2279 est
1006 2221 1113 2293 poten·
1158 2213 1351 2294 perutilia,
1372 2220 1408 2279 ut
1429 2217 1520 2280 aiunt
1541 2236 1652 2295 munes,
1678 2217 1762 2281 ιαειη
1783 2221 1827 2281 εει
1846 2217 1945 2299 piqni,
1966 2218 2049 2300 quod
2071 2239 2147 2300 esse,

136 2306 182 2368 tia
202 2302 301 2383 filius,
323 2322 418 2383 quam
440 2306 511 2365 actu
529 2300 626 2382 fliius.
670 2299 714 2363 Et
735 2301 773 2379 ei,
806 2300 888 2379 quod
910 2305 955 2365 cst
971 2302 1113 2380 potentia
1165 2300 1366 2364 etnascenda
1394 2301 1509 2380 acciptit
1534 2320 1607 2366 esse.
1654 2300 1729 2366 Nan
1761 2303 1862 2381 sanet,
1895 2306 1969 2380 [pag.
1990 2308 2066 2382 594]
2098 2306 2145 2369 in·

133 2389 234 2471 filius,
265 2388 389 2468 aliquid
410 2388 550 2463 additur,
573 2391 608 2450 ut
627 2385 686 2465 fiat
707 2390 778 2450 actu
797 2384 893 2463 filius.
929 2385 1016 2449 Haec
1038 2389 1111 2450 sunt
1164 2386 1283 2465 quiunt,
1315 2386 1401 2466 facta
1433 2390 1477 2450 est
1509 2386 1600 2450 illins
1619 2388 1806 2469 coquunt)
1839 2393 1868 2453 et
1895 2393 2004 2468 postea
2037 2389 2147 2454 desiit:

135 2475 338 2555 apertissima
369 2473 541 2554 conformia
569 2470 690 2534 divinis
710 2470 888 2549 scripturis,
920 2476 948 2534 ει
969 2470 1112 2535 omnibus
1164 2470 1219 2534 scd
1238 2490 1290 2535 nec
1308 2472 1516 2552 principium,
1544 2492 1598 2536 nec
1618 2472 1714 2553 fncm
1734 2471 1831 2551 babet,
1854 2478 1882 2537 et
1903 2494 2025 2553 semper
2045 2475 2147 2539 estin

134 2580 242 2626 rerum
273 2560 409 2636 naturis,
442 2559 511 2622 sinc
542 2560 677 2620 monstro
709 2555 826 2635 aliqua,
859 2560 888 2619 et
905 2557 974 2620 sine
993 2556 1113 2636 sopbis-
1161 2557 1241 2637 feri.
1286 2557 1404 2620 einnon
1430 2557 1484 2621 boc
1510 2561 1555 2622 est
1584 2558 1699 2640 iupiter
1720 2558 1864 2622 nwoere?
1896 2558 2010 2640 iupiter
2026 2561 2148 2638 produ·

134 2650 224 2710 mate.
268 2644 311 2708 In
344 2644 429 2708 muni
459 2642 663 2723 qnmratione,
696 2640 778 2721 quod
805 2661 826 2704 a
841 2646 936 2720 patre
956 2641 1023 2706 solo
1038 2662 1112 2722 pro-
1163 2641 1255 2706 cera?
1276 2643 1483 2725 qenerari?⁴)
1500 2642 1653 2721 spirare?
1676 2643 1820 2707 mutere?
1857 2643 1977 2708 Annon
1994 2643 2055 2708 bae
2072 2650 2175 2709 sunt.

134 2730 191 2808 dit,
213 2751 274 2795 nan
291 2749 353 2811 per
374 2748 407 2791 sc
429 2727 546 2791 dieitur
565 2725 664 2806 filius,
686 2727 741 2791 scd
756 2746 817 2806 per
837 2731 977 2791 matrem.
1025 2726 1112 2793 Unde
1164 2727 1280 2806 peaes
1313 2727 1439 2793 nictus?
1497 2726 1724 2793 Eeriatrones
1751 2733 1830 2816 ,mu
1862 2731 1945 2794 duae
1976 2730 2085 2809 reales,
2119 2733 2147 2794 ει

133 2816 232 2899 ipitur
252 2836 307 2880 aas
328 2819 447 2878 tantam
468 2811 533 2892 filii
564 2812 707 2892 separati
729 2811 764 2876 in
784 2811 895 2877 divina
913 2814 1112 2895 peroratione
1163 2833 1224 2876 nan
1246 2818 1290 2877 cst
1310 2817 1410 2877 motus
1431 2812 1553 2877 realis?
1597 2811 1636 2877 Si
1657 2814 1817 2895 peculiari
1842 2814 1966 2880 bueron
1988 2813 2023 2879 tu
2044 2834 2145 2898 rceqes,

132 2902 359 2983 deformitatem
379 2897 569 2964 sunniatis?
1163 2899 1376 2980 incorporeum
1396 2897 1501 2979 filium
1522 2918 1604 2963 nunc
1623 2900 1778 2983 qenerari,
1811 2900 1858 2965 ita
1883 2900 1980 2982 facile
2001 2901 2041 2965 ab
2063 2900 2147 2981 ipsis

1164 2983 1307 3049 munibus
1328 2986 1490 3066 arqucris:
1508 2986 1672 3067 pancratio,
1695 3005 1776 3066 quae
1795 3006 1850 3051 nec
1861 2987 2070 3067 principium,
2092 3003 2149 3051 nce

627 3102 629 3107 v
1082 3102 1083 3106 ¹
1162 3069 1257 3150 finan
1277 3069 1376 3150 babet,
1393 3090 1516 3151 semper
1537 3070 1634 3135 estin
1653 3070 1739 3151 fieri:
1768 3072 1851 3136 sicut
1867 3071 2024 3151 splendor,
2046 3072 2146 3150 aiunt,

386 3152 620 3221 EPISTOLA
641 3152 857 3220 SEPTIMA.
1164 3175 1287 3237 sernpcr
1307 3157 1452 3221 nascitur
1479 3155 1519 3221 ab
1539 3155 1619 3238 iqne,
1654 3161 1683 3220 et
1714 3157 1772 3222 lui
1804 3178 1825 3221 a
1857 3157 1919 3220 sale
1945 3157 2146 3236 producitur.

1165 3241 1246 3306 Alia
1266 3242 1402 3307 ratione:
1433 3241 1702 3322 quemadmodum,
1730 3242 1886 3322 inquiunt,
1908 3243 2044 3322 spiritus
2060 3259 2151 3309 sanc·

220 3326 411 3392 Mutationes
432 3326 544 3391 varias
572 3331 601 3389 ει
627 3326 812 3408 aqitatiorics
844 3345 898 3390 aas
918 3325 987 3391 Deo
1009 3327 1111 3407 tmpi·
1163 3333 1215 3391 tus
1235 3347 1355 3408 semper
1372 3328 1459 3391 intus
1475 3327 1625 3409 maaedit,
1649 3327 1695 3391 ita
1712 3325 1802 3407 filius
1819 3346 1941 3408 semper
1957 3325 2002 3390 ibi
2017 3346 2148 3408 ponera·

134 3418 180 3477 ter
196 3414 375 3496 impinqcre,
397 3432 468 3477 sirm
485 3430 569 3475 nunc
587 3415 776 3489 ostermarus,
798 3411 829 3474 si
845 3411 884 3475 de
902 3412 1111 3479 euidentibus
1164 3411 1240 3477 tur?
1287 3412 1448 3493 Quidquid
1479 3412 1523 3476 ad
1544 3411 1619 3476 baec
1639 3411 1852 3492 respondeas?
1887 3432 1993 3476 annon
2014 3411 2068 3476 boc
2089 3410 2148 3477 tibi

134 3517 272 3561 errorem
289 3500 384 3579 prius
406 3498 591 3562 indicauero.
605 3497 629 3577 ¹)
672 3495 857 3560 Accidcntia
870 3496 968 3562 nulla
990 3518 1056 3562 esse
1077 3500 1112 3563 in
1163 3499 1224 3561 erit
1244 3497 1387 3564 morere?
1403 3496 1599 3579 producere?
1630 3497 1805 3580 pecuare?
1835 3497 1986 3576 spirare?
2029 3496 2149 3562 Annon

133 3581 212 3661 Deo,
245 3588 271 3646 ει
294 3588 367 3661 [pag.
387 3588 462 3661 593]
497 3583 526 3646 ci
552 3581 634 3646 inibit
660 3581 805 3658 accidere,
838 3581 927 3664 culpo
959 3583 1112 3648 iactatur:
1163 3587 1253 3647 mant
1274 3583 1356 3647 dnae
1386 3581 1486 3647 reales
1507 3581 1745 3647 emanationes?
1790 3582 1908 3647 Annon
1929 3587 1996 3647 erat
2016 3583 2148 3664 confusa

132 3688 315 3750 quanquam
335 3666 490 3748 sopbistae
507 3668 637 3749 quidam
654 3666 821 3730 relationes
838 3668 875 3731 in
892 3668 1032 3732 trinitate
1050 3689 1111 3733 sua
1162 3688 1268 3732 rarum
1289 3668 1386 3732 trium
1412 3667 1610 3748 implicatio?
1642 3667 1739 3732 buius
1772 3688 1811 3732 ea
1837 3669 1897 3733 illa
1920 3668 2086 3752 qeneratio,
2121 3672 2149 3733 ct

125 3757 256 3836 penard,
289 3774 340 3818 res
373 3753 594 3834 imapinarias,
627 3772 707 3832 quae
738 3771 799 3815 non
831 3757 904 3815 sunt
935 3754 971 3816 in
1003 3773 1110 3818 rernm
1162 3754 1259 3817 istius
1280 3774 1319 3819 ecc
1341 3752 1407 3818 illis
1429 3752 1592 3834 sufflatio?
1612 3754 1738 3832 fluuio?
1759 3754 1938 3820 derivatio?
1958 3752 2146 3835 processio?

131 3843 257 3904 natura.
301 3838 487 3904 Amidcntia
516 3857 597 3918 quae
628 3842 744 3915 uacant,
777 3856 834 3901 uas
865 3856 931 3901 esse
959 3838 1131 3918 formales
1162 3839 1219 3904 An
1247 3839 1282 3903 in
1303 3839 1481 3919 confusione
1502 3838 1568 3917 bac,
1595 3843 1624 3903 et
1650 3839 1782 3903 motibus
1804 3838 1871 3921 bis,
1901 3845 1936 3904 tu
1952 3861 2022 3905 cere
2041 3839 2148 3921 quies·

129 3925 324 3990 substantias
357 3922 507 4001 dicimus,
538 3924 620 3988 sicut
650 3922 708 3986 lua
741 3927 786 3985 est
817 3941 892 3987 cera
922 3923 1108 3989 substantia.
1163 3925 1234 3990 cis?
1282 3925 1366 4007 Quid
1387 3929 1431 3990 est
1453 3925 1553 3999 mulo,
1580 3925 1612 3988 si
1631 3925 1798 4004 productio
1818 3944 1880 3990 non
1902 3930 1948 3990 est
1967 3924 2084 3990 matio?
2116 3925 2147 3990 si
2218 4005 2222 4011 ‚

132 4011 183 4076 Ne
205 4016 275 4074 cera
296 4011 339 4073 sit
360 4009 398 4073 de
420 4006 600 4072 nominibus
619 4009 774 4086 cmiteritia,
807 4007 932 4088 quando
959 4011 1110 4089 accidunt,
1163 4011 1318 4077 emanatio
1339 4030 1401 4075 non
1421 4014 1465 4075 εει
1487 4008 1605 4074 motio?
1652 4010 1754 4076 Nasci
1775 4031 1836 4088 non
1858 4016 1903 4076 est
1923 4010 2066 4079 moveri?
2101 4008 2147 4075 Et

131 4096 478 4162 accidentia-vocemur.
487 4095 515 4176 ²)
561 4093 629 4158 Nos
658 4093 692 4157 in
723 4094 908 4158 uniuersum
939 4095 1111 4161 maidentia
1161 4096 1310 4176 spirari?
1357 4094 1564 4178 Pronoea)
1586 4095 1756 4175 quidest?
1800 4096 1871 4162 Hos
1897 4102 1962 4161 tam
1991 4096 2146 4160 absurdas

130 4183 237 4246 munia
258 4181 328 4246 Dea
348 4179 487 4244 uuidere
507 4180 651 4256 dicimus,
673 4178 780 4258 idest,
803 4180 978 4246 accidentia
994 4183 1109 4261 amnia,
1162 4187 1272 4261 nictus,
1301 4186 1332 4247 et
1351 4181 1546 4265 aqitaticnes,
1575 4181 1611 4244 in
1629 4181 1698 4246 Deo
1719 4182 1908 4248 intrinsecus
1928 4192 1991 4247 nan
2012 4180 2145 4245 toleran-
2189 4201 2191 4205 ’

131 4286 212 4348 quae
233 4287 304 4331 cere
324 4270 410 4347 sunt,
430 4265 466 4329 in
483 4264 553 4329 Deo
575 4285 650 4343 esse,
672 4266 708 4328 in
724 4285 783 4345 quo
806 4267 911 4330 amnia
929 4267 1108 4331 amisistunt.
1161 4274 1207 4332 tes
1227 4268 1352 4334 Arrius
1373 4272 1401 4332 ct
1423 4265 1629 4331 Macecmlus
1650 4266 1756 4331 Deum
1776 4268 1934 4345 dicemini,
1967 4285 2030 4330 non
2051 4265 2088 4328 iu
2109 4284 2144 4330 se

131 4351 313 4415 Amidcntia
345 4351 428 4424 diei,
460 4370 539 4430 quae
564 4370 634 4415 uere
659 4355 741 4428 snret,
775 4351 882 4428 idest,
915 4371 965 4416 res
997 4371 1109 4431 ornnes
1161 4353 1216 4419 sed
1236 4359 1326 4418 citra
1347 4373 1381 4418 se
1399 4351 1504 4431 filium
1523 4352 1680 4433 quendam
1701 4352 1777 4416 olim
1798 4356 1977 4430 creasse,et
1993 4350 2144 4430 spiritum
2182 4423 2184 4425 ,

130 4434 217 4499 entia
237 4436 409 4500 naturalia.
454 4433 619 4502 Peccatum
639 4455 702 4500 nan
724 4441 768 4501 est
789 4437 824 4500 in
844 4435 922 4514 Deo,
950 4438 1027 4517 quia
1048 4458 1110 4502 nori
1161 4444 1303 4503 sanctum
1324 4458 1442 4504 muam
1459 4443 1637 4503 creaturam
1655 4437 1775 4519 fecisse.
1786 4439 1813 4518 ⁶)
1852 4435 2065 4520 Labprintbas
2086 4434 2145 4501 ad·

132 4525 178 4585 est
198 4520 235 4583 in
255 4539 289 4583 ec
309 4521 393 4583 ratio
408 4523 538 4599 pcccati.
590 4520 755 4586 Peccatum
787 4543 849 4587 nau
881 4526 1021 4601 esteris
1054 4524 1109 4588 scd
1161 4525 1294 4589 madum·
1308 4524 1423 4603 carias,
1446 4528 1474 4588 et
1495 4522 1627 4587 tenebris
1645 4522 1783 4602 arduae
1800 4520 1922 4601 obsitos,
1944 4522 2019 4587 estis
2040 4540 2144 4600 omnes
2214 4525 2215 4528 ’
2274 4528 2276 4531 ’

131 4605 212 4669 entis
244 4604 333 4682 acuo,
364 4610 527 4670 creaturae
559 4606 652 4671 libere
683 4606 855 4681 deficientis
885 4608 965 4674 actia
990 4627 1106 4687 prava.
1161 4610 1305 4693 inpressi,
1324 4610 1429 4690 filium
1449 4609 1590 4674 ueritatis
1610 4627 1673 4671 non
1694 4626 1793 4680 manu
1814 4607 1967 4689 dumntes,
1989 4607 2045 4674 scd
2061 4607 2144 4673 citra

133 4689 208 4755 Siue
229 4689 309 4755 actio
336 4688 395 4754 illa
417 4689 459 4753 sit
475 4690 594 4755 irterue
610 4689 695 4770 velie,
717 4693 784 4758 sice
801 4698 924 4758 eutcrnc
941 4699 998 4758 aut
1014 4693 1108 4776 loqui,
1815 4692 1817 4696 ’

92 4836 93 4839 ,
131 4779 188 4840 aut
208 4773 351 4856 operari:
384 4775 530 4855 quamuis
555 4776 644 4840 mala
665 4779 708 4841 sit
728 4779 873 4859 opuntia
906 4779 937 4846 ει
958 4784 1108 4860 superest,

131 4879 210 4942 opus
242 4857 323 4924 illud
357 4860 393 4923 in
427 4879 460 4924 se
498 4864 643 4925 orcatma
673 4861 736 4926 Dei
769 4869 821 4943 est,
860 4869 889 4928 et
919 4863 988 4930 Dec
1019 4865 1108 4931 inest.
1233 4882 1263 4949 1)
1280 4881 1440 4936 actionibus.

1201 5028 1203 5031 Ι
1231 4951 1263 5085 {3
1279 4949 1471 5088 {tegmem
1488 4948 1643 5004 hebraicam
1659 4963 1710 5004 am.
1728 4946 1795 5004 MS.

200 5149 230 5214 1)
248 5149 410 5206 indicavero.
1159 5160 1161 5164 ’
1231 5085 1263 5218 dd
1281 5100 1446 5208 ididia.

198 5217 225 5287 2)
244 5224 382 5274 vocantur.
1233 5221 1264 5288 6)
1282 5221 1375 5278 fuisse
