4762 5918
982 340 1350 410 PROLEGOMENA.
2024 345 2166 413 XXXV

155 532 299 598 adiimus
321 537 355 597 et
375 531 517 617 singulis
539 530 743 598 documentis
772 529 949 596 aRillieto
970 530 1039 596 iam
1060 530 1156 596 editis
1178 551 1254 596 oum
1276 531 1476 599 authenticis
1497 532 1740 616 exemplaribus
1761 531 1869 598 denuo
1890 534 2019 602 collatis
2040 535 2166 620 reliqna

150 665 194 710 ex
215 642 335 710 iisdem
357 641 600 727 descripsimus,
622 643 703 708 item
719 665 762 709 ex
782 635 872 708 tomo
883 641 1022 708 XLVII
1039 641 1291 727 protocollorum
1303 643 1449 710 Senatus
1467 664 1679 729 quaecunque
1699 643 1983 711 adhanocausam
1993 647 2166 727 faciebant,

151 761 229 839 post
249 753 392 820 eundem
413 762 573 833 autorem,
601 774 699 838 quem
723 755 760 820 in
779 753 931 820 omnibus
954 755 1234 820 accuratissimum
1256 760 1290 820 et
1310 754 1376 821 fide
1397 754 1628 841 dignissimum
1647 757 1847 840 reperimus,
1876 756 1990 823 sedulo
2011 764 2167 841 excerpta

151 866 342 952 relegimus.
387 868 498 949 Atque
520 865 583 931 hac
604 867 713 931 fausta
733 866 830 931 nobis
852 865 962 932 oblata
983 865 1152 932 occasione
1173 866 1255 933 viris
1277 866 1475 933 doctissimis
1496 867 1806 953 Theophiloflsyer
1827 866 2023 950 etAdolpho
2035 867 2165 949 Grisel,

150 976 633 1045 archiromm-Geneveneium
654 977 837 1060 praefectis,
859 976 989 1061 publice
1010 977 1135 1061 gratiae
1157 999 1255 1062 agere
1277 977 1433 1045 debemus
1454 979 1716 1059 officiosissimae,
1738 1000 1798 1062 pro
1818 999 1858 1044 ea
1877 998 1942 1062 qua
1963 986 2095 1045 nostras
2111 1000 2165 1046 res

151 1089 353 1155 adiuverunt
383 1097 416 1155 et
445 1096 681 1174 promoverunt
706 1088 923 1154 humanitate.
973 1086 1171 1154 Addidimus
1199 1089 1299 1154 etiam
1326 1089 1489 1155 nonnulla
1515 1113 1558 1156 ex
1580 1088 1833 1156 Commentariis
1859 1090 2037 1155 ministerii
2063 1111 2166 1174 supra

150 1201 220 1266 iam
240 1200 434 1267 memoratis
456 1199 663 1284 deprompta;
684 1201 766 1266 item
789 1221 830 1265 ex
851 1200 1086 1266 Turicensibus
1107 1220 1235 1284 quoque
1257 1200 1402 1269 archivis
1431 1202 1535 1287 (Plut.
1557 1201 1618 1267 VI.
1641 1201 1718 1266 Vol.
1741 1205 1801 1265 105
1824 1200 1905 1265 olim
1925 1202 1965 1265 B.
1988 1201 2033 1286 Ι)
2053 1202 2165 1285 copias

149 1319 281 1379 nostras
303 1312 468 1393 auximus,
489 1313 537 1376 ita
558 1319 597 1377 ut
617 1333 707 1379 nunc
729 1311 863 1377 tandem
886 1310 945 1375 tibi
965 1311 1052 1378 Acta
1074 1332 1191 1378 causae
1213 1310 1417 1378 Serretanae
1438 1313 1570 1397 integra
1589 1332 1771 1397 proponere
1792 1312 1963 1395 possimus.
1994 1312 2165 1381 Bemense

150 1443 232 1490 vero
255 1423 477 1509 apographon,
501 1429 535 1488 et
555 1423 647 1488 aliud
668 1422 755 1507 quod
777 1422 936 1489 Genesae
961 1423 998 1486 in
1019 1421 1217 1490 bibliotheca
1238 1422 1344 1490 civica
1364 1430 1488 1504 exstat,
1514 1424 1600 1489 nihil
1621 1423 1763 1507 amplius
1784 1422 1880 1489 nobis
1902 1423 2164 1507 suppeditarunt

257 1593 265 1610 ,
309 1533 438 1616 Quibus
459 1536 508 1600 ita
530 1534 674 1601 studiose
692 1534 882 1618 conquisitis
904 1539 939 1599 et
955 1532 1093 1618 digestis
1115 1532 1181 1599 duo
1199 1533 1338 1619 denique
1356 1536 1585 1619 supplementa
1596 1537 1665 1602 sive
1675 1533 1848 1601 corollaria
1870 1533 2101 1600 subiunximus
2122 1533 2164 1600 ad

151 1646 328 1712 historiam
350 1645 484 1714 Servati
514 1646 733 1730 antiquiorem
754 1645 962 1729 pertinentia.
1005 1645 1161 1710 Alterum
1183 1652 1236 1712 est
1262 1644 1534 1713 documentorum
1561 1647 1698 1712 actionis
1719 1653 1837 1713 contm
1857 1667 1936 1711 eum
1956 1646 2109 1712 Viennae
2129 1646 2166 1712 in

148 1756 357 1843 Delphinatu
378 1758 558 1838 institutae,
581 1759 634 1825 cui
653 1756 711 1822 ille
732 1757 811 1841 fuga
832 1778 868 1822 se
888 1754 1058 1836 subduxit,
1090 1759 1205 1841 paucis
1233 1759 1403 1824 mensibus
1430 1766 1607 1842 antequam
1630 1757 1788 1824 Genevae
1812 1755 1920 1823 denuo
1941 1758 1980 1823 in
2000 1777 2166 1824 carcerem

148 1869 376 1936 coniiceretur.
409 1868 614 1935 Anthentica
632 1868 733 1935 huius
754 1887 872 1934 causae
894 1875 967 1934 acta
987 1866 1085 1934 hodie
1106 1867 1276 1952 deperdita
1297 1877 1384 1951 sunt,
1407 1869 1540 1950 scilicet,
1557 1877 1596 1936 ut
1616 1891 1659 1935 ex
1681 1870 1754 1952 ipsa
1776 1867 1910 1934 Vienna
1930 1868 2166 1952 quaerentibus

149 1982 347 2065 rescriptum
375 1987 441 2061 est,
469 1978 599 2065 pridem
619 1979 772 2046 incendio
799 1979 981 2063 absumpta.
1033 1977 1192 2063 Oportuit
1218 1981 1384 2066 igiturex
1411 1980 1613 2049 secundariis
1635 1980 1783 2046 lontibus
1804 1979 1957 2064 colligere
1977 2000 2061 2063 quae
2081 1980 2166 2046 forte

147 2093 218 2158 iam
239 2091 319 2158 olim
339 2091 428 2157 edita
448 2091 593 2171 fuerunt,
616 2097 689 2156 tum
711 2090 936 2171 aMoshemio,
955 2097 1027 2155 tum
1047 2092 1191 2157 maxime
1213 2093 1249 2157 in
1268 2091 1365 2158 libro:
1388 2093 1422 2159 N
1427 2114 1613 2160 oureaux
1633 2093 1849 2158 memoires
1871 2089 2096 2156 d'histoire
2118 2089 2164 2157 de

148 2205 329 2289 critique
351 2210 391 2269 et
412 2202 459 2268 de
480 2202 728 2270 litterature
749 2224 822 2287 par
842 2202 890 2269 M.
913 2200 1048 2267 l'abbe
1069 2201 1302 2289 d'Artigny.
1346 2203 1470 2270 Paris
1491 2205 1585 2269 1749.
1630 2204 1732 2269 'domo
1753 2202 1799 2267 Π.
1819 2223 1894 2286 pag.
1918 2204 2077 2266 55-154.

305 2314 461 2380 Alterum
480 2313 747 2399 supplementum
768 2315 916 2382 continet
936 2313 1090 2397 epistolas
1116 2313 1240 2398 aliquot
1267 2335 1350 2398 quas
1372 2313 1646 2399 oecolampadius
1674 2321 1709 2380 et
1728 2314 1896 2392 Bucerus,
1924 2312 2038 2379 multis
2066 2316 2163 2383 aunis

87 2464 93 2474 ·
147 2433 227 2492 ante
250 2426 385 2494 Caluini
407 2433 566 2509 tempora,
585 2425 626 2493 de
648 2425 748 2493 rebus
769 2432 804 2492 et
824 2424 917 2492 libris
938 2423 1071 2492 Serveti
1092 2432 1226 2491 mutuas
1247 2427 1459 2510 scripserunt.
1503 2426 1550 2491 Et
1571 2425 1703 2510 quidem
1723 2424 1930 2491 Bucerianas
1953 2445 1995 2490 ex
2017 2425 2164 2496 archivis

147 2536 329 2605 Seminarii
349 2539 457 2604 nostri
478 2537 773 2622 Argentoratensis
795 2536 1028 2622 depromimus,
1055 2544 1200 2602 caeteras
1224 2537 1386 2603 sumimus
1413 2560 1454 2602 ex
1481 2537 1624 2604 editione
1646 2539 1754 2622 prima
1775 2539 1988 2622 epistolarum
2008 2540 2164 2625 Zwinglii

146 2657 183 2716 et
203 2645 459 2733 Oecolampadii,
481 2649 531 2715 ita
551 2656 665 2716 tamen
683 2656 721 2716 ut
742 2648 841 2715 huius
861 2648 1020 2715 iudicium
1043 2646 1085 2712 de
1106 2646 1246 2716 Servate
1266 2649 1476 2733 magistratui
1496 2649 1682 2716 Basileensi
1703 2650 1850 2716 oblatum
1871 2671 1948 2731 non,
1977 2658 2016 2716 ut
2035 2651 2084 2717 ibi
2105 2671 2164 2717 ex·

145 2766 223 2840 stat,
245 2761 348 2827 latine
368 2781 506 2827 versum
526 2759 587 2826 tibi
609 2760 835 2841 exhibeamus,
857 2758 916 2826 sed
937 2759 1123 2844 germanice
1146 2781 1188 2825 ex
1210 2759 1401 2827 authentico
1423 2760 1606 2846 exemplari
1623 2749 1837 2845 descriptum,
1858 2762 1895 2827 in
1915 2761 2061 2830 archivis
2082 2761 2163 2830 civi·

140 2871 223 2938 tatis
244 2871 447 2950 Basileensis
469 2879 645 2939 asservato.
688 2871 914 2956 Apographon
936 2869 1093 2937 debemus
1113 2870 1238 2954 insigni
1255 2870 1447 2937 liberalitati
1468 2873 1532 2938 riri
1555 2872 1728 2939 clarissimi
1745 2871 1824 2940 chr.
1845 2873 1893 2939 Io.
1911 2872 2162 2960 Riggenbaohii,

138 2981 330 3069 theologiae
352 2984 389 3049 in
412 2983 581 3051 academia
602 2984 710 3068 patria
731 2983 933 3067 professoris,
957 2982 1022 3066 qui,
1048 2987 1088 3047 ut
1106 3002 1168 3065 per
1191 3001 1427 3049 amanuensem
1457 2983 1601 3068 aliquem
1627 2983 1711 3049 illud
1737 2991 1891 3052 nostrum
1917 2985 1953 3049 in
1981 3006 2079 3052 usum
2106 2982 2162 3049 de-

138 3093 356 3162 scribendum
377 3100 509 3162 curaret
528 3101 673 3180 rogatus,
696 3094 934 3160 humanissime
955 3093 1018 3160 hoc
1039 3092 1144 3159 officio
1165 3094 1237 3176 ipse
1258 3092 1394 3180 defungi
1416 3094 1530 3162 voluit.
