4732 5910
802 317 1074 385 TRAG'IATUS
1097 317 1392 386 THEOLOGIOI
1411 319 1633 387 MINORES.

1020 742 1225 828 OAPU'I
1257 744 1452 828 XXXII.

487 983 592 1079 DE
608 981 927 1078 AETERNA
954 981 1072 1077 DEI
1100 980 1790 1079 PRAEDESTINATIONE.
1832 973 1981 1073 1552.

388 1206 452 1269 1155
475 1203 529 1268 hic
552 1201 684 1268 libellus
705 1201 837 1285 proprie
859 1200 1003 1267 secunda
1028 1221 1106 1285 pars
1134 1202 1246 1284 scripti
1275 1201 1353 1265 olim
1380 1224 1401 1266 a
1422 1200 1561 1267 Calvino
1582 1201 1740 1267 adversus
1761 1200 1937 1266 Albertum
1957 1201 2116 1285 PIghium
2139 1201 2241 1268 (lam-

229 1337 366 1399 pensem
388 1314 484 1394 editi,
513 1312 640 1396 dequo
668 1313 745 1378 vide
765 1312 1007 1396 Prolegomena
1032 1322 1146 1378 nostra
1167 1314 1269 1377 Tomo
1292 1313 1351 1377 VI.
1377 1315 1556 1395 praemissa
1583 1335 1658 1398 pag.
1681 1313 1812 1377 XXIV.
1863 1313 2016 1378 Priorem
2043 1320 2170 1395 partem
2201 1313 2244 1379 de

228 1427 330 1492 libero
353 1425 487 1491 arbitrio
510 1433 708 1491 tractantem
730 1431 824 1489 autor
850 1424 1007 1507 temporis
1030 1425 1193 1508 angustiis
1213 1445 1345 1506 pressus
1368 1426 1545 1507 separatim
1567 1424 1715 1489 ediderat
1736 1446 1821 1490 anuo
1847 1429 1940 1503 1543,
1962 1425 2178 1508 posteriorem
2200 1424 2243 1490 de

229 1537 527 1622 praedestinatione
549 1544 583 1601 et
605 1535 811 1619 providentia
833 1535 1075 1619 disputatorem
1095 1537 1254 1619 proximis
1274 1535 1434 1601 nundinis
1453 1536 1613 1601 edendam
1635 1537 1807 1620 pollicitus.
1842 1535 1909 1602 Sed
1932 1536 2004 1602 aliis
2026 1536 2243 1620 plurimisque

197 1696 199 1699 -
228 1650 316 1718 curis
338 1649 513 1715 distraetus
535 1655 610 1731 post
631 1649 766 1733 longum
788 1648 920 1713 demum
938 1668 1100 1712 annorum
1117 1648 1332 1713 intervallum
1350 1649 1520 1731 promissis
1542 1650 1611 1714 suis
1632 1650 1734 1727 stetit,
1754 1649 1832 1731 ipsis
1849 1647 1924 1726 illis,
1948 1647 1988 1713 do
2007 1648 2124 1731 quibus
2143 1646 2242 1713 modo

229 1762 389 1838 diximus,
418 1760 524 1825 turbis
547 1759 704 1826 Geuerae
726 1762 766 1826 ab
788 1761 994 1844 Hieronymo
1016 1758 1153 1825 Bolseoo
1179 1762 1330 1825 excitatis
1357 1763 1501 1826 maxime
1528 1768 1706 1844 permotus.
1750 1763 1884 1826 Interea
1910 1760 1999 1823 enim
2028 1759 2083 1822 alii
2111 1779 2242 1842 quoque

231 1873 343 1956 plures
372 1893 414 1935 ex
441 1871 618 1954 pontificiis
645 1878 741 1936 vetus
770 1871 851 1936 illud
886 1879 1053 1937 certamen
1083 1892 1141 1936 suo
1169 1882 1282 1966 marte⁸
1304 1870 1614 1955 redintegraverunt
1643 1872 1818 1938 Calvinum
1850 1872 2048 1936 nominatim
2078 1871 2239 1955 aggressi,

228 1986 315 2050 inter
337 2005 416 2067 quos
439 1992 511 2048 erat
522 1982 688 2068 Georgius
710 1983 844 2066 quidam
866 1982 1010 2060 Siculus,
1032 1983 1214 2049 monachus
1237 1984 1362 2049 ordinis
1374 1983 1408 2049 S.
1422 1984 1603 2065 Benedicti,
1627 1982 1714 2068 apud
1736 1983 1847 2061 Italos,
1870 1992 1909 2048 55
1928 1981 2069 2061 videtur,
2092 1991 2126 2047 et
2148 2003 2243 2065 spar-

228 2099 274 2162 sis
297 2096 389 2162 libris
412 2103 446 2160 et
466 2095 723 2162 revelationibus
745 2115 826 2178 5555
854 2094 915 2160 sibi
945 2097 1120 2179 contigisse
1149 2095 1308 2179 fingebat,
1337 2117 1402 2161 non
1425 2097 1521 2178 parvi
1542 2096 1695 2160 nominis.
1740 2096 1792 2161 De
1814 2117 1877 2179 quo
1898 2095 1969 2178 ipse
1990 2093 2099 2160 medio
2122 2115 2237 2161 mense

229 2211 382 2294 Augusto
404 2230 431 2273 a.
462 2213 538 2272 1551
564 2208 611 2273 515
629 2209 742 2272 scribit
761 2207 802 2273 ad
825 2206 979 2272 Viretum
1003 2206 1104 2289 (Bibl.
1128 2206 1254 2272 Genev.
1279 2206 1358 2272 Ood.
1386 2212 1443 2272 101
1468 2228 1496 2273 a
1518 2208 1570 2272 t'ol.
1595 2214 1635 2270 45
1660 2208 1817 2291 autogr.):
1864 2206 1957 2271 Mitto
1985 2206 2117 2289 Georpii
2136 2206 2242 2271 sicea

229 2321 347 2386 delirio
368 2341 449 2402 5555
468 2321 585 2403 fratres
608 2319 687 2384 Itali
709 2342 731 2385 5
752 2341 800 2384 me
821 2319 958 2401 refutari
975 2324 1139 2399 optassent.
1184 2318 1252 2401 Epo
1270 2324 1371 2383 antem
1388 2320 1535 2397 abstinui,
1557 2320 1765 2401 quianullus
1786 2324 1865 2384 esset
1883 2319 1968 2400 finis,
1990 2319 2021 2383 si
2043 2318 2163 2402 sinpnli
2185 2318 2243 2382 isti

232 2454 326 2498 eones
342 2434 489 2516 propriis
509 2432 602 2497 libris
622 2431 791 2512 repellendi
812 2436 918 2495 essent.
966 2431 1114 2495 Praestat
1135 2431 1369 2513 5555551555
1395 2451 1543 2511 responso
1572 2451 1634 2495 555
1654 2430 1791 2514 dipnori.
1838 2428 2023 2513 Siquando
2045 2431 2143 2495 otium
2162 2448 2240 2514 saep

224 2550 316 2626 petet,
329 2546 439 2625 potins
462 2544 545 2626 qnod
566 2545 632 2608 iam
655 2548 725 2606 5555
746 2562 845 2606 annos
866 2547 928 2607 oete
944 2543 1105 2623 pollicitus
1125 2562 1196 2608 sum
1214 2543 1386 2624 praestabo.
1422 2543 1475 2607 lta
1499 2542 1614 2626 Pipbio
1636 2544 1826 2623 respondens
1845 2542 1982 2606 atiomm
2003 2541 2138 2607 mereins
2159 2562 2240 2608 oom-

224 2677 361 2738 peseam.
487 2738 490 2744 Ι

387 2765 483 2846 Quod
506 2787 603 2831 suum
624 2765 797 2832 eonsilium
818 2765 915 2829 citius
938 2786 1036 2848 quam
1057 2766 1204 2830 fortassis
1232 2766 1342 2831 animo
1365 2765 1574 2848 praeviderat
1594 2765 1840 2849 exsequendum
1864 2765 1967 2843 duxit,
1991 2766 2161 2831 commoda
2182 2766 2240 2833 ob—

231 2879 299 2944 lata
320 2879 503 2956 occasione,
530 2899 632 2960 quum
653 2877 784 2959 saepius
805 2897 842 2941 55
864 2877 931 2941 fere
953 2874 1097 2959 quotidie
1122 2876 1210 2941 idem
1238 2886 1472 2960 argumentum
1497 2877 1709 2942 tractandum
1735 2887 1835 2955 esset,
1869 2887 1938 2943 tam
1965 2878 2001 2942 in
2031 2879 2243 2945 concionibus

230 3013 330 3073 quam
351 2988 472 3055 libellis
494 2989 633 3071 publicis
656 2988 698 3053 ad
719 2987 951 3071 magistratum
973 2997 1088 3052 contra
1110 2987 1284 3053 Bolseoum
1307 2988 1403 3066 datis,
1427 2995 1526 3070 51555
1547 2989 1646 3053 etiarn
1670 2987 1711 3053 ad
1733 2995 1872 3069 exteros,
1895 3011 2033 3073 quorum
2055 2991 2178 3057 iudicia
2200 2991 2243 3056 (15

228 3101 345 3168 eodem
367 3101 502 3183 eiusque
524 3098 689 3164 erroribus
711 3099 961 3183 expetebantur.
1000 3099 1136 3181 Raptim
1158 3099 1269 3184 igitur,
1293 3106 1326 3164 ot
1347 3107 1499 3165 currente
1522 3099 1647 3165 calamo
1669 3107 1707 3164 55
1729 3099 1852 3180 (115555,
1873 3110 2031 3186 vergente
2054 3124 2140 3169 anno
2160 3108 2242 3168 trao-

228 3224 334 3278 tatum
364 3213 404 3278 de
426 3210 731 3276 Praedestinatione
758 3211 918 3277 adversus
940 3210 1115 3276 Albertum
1137 3211 1294 3295 Pighium
1323 3219 1356 3276 ot
1378 3211 1560 3296 Georgium
1583 3211 1732 3279 Siculum
1760 3214 1968 3295 conscripsit,
1996 3235 2136 3296 eumque
2164 3223 2244 3280 ante

227 3324 399 3390 Kalendas
427 3324 601 3388 Ianuarias
629 3321 776 3387 absolvit.
826 3321 951 3388 Scribit
978 3322 1109 3405 quidam
1132 3323 1268 3388 Viratus
1296 3323 1325 3388 d.
1350 3328 1378 3388 7.
1402 3325 1546 3389 Ianuarii
1570 3323 1654 3403 (001.
1677 3323 1761 3390 Gen.
1789 3329 1859 3389 111.
1883 3345 1912 3389 a.
1934 3324 1988 3390 t'ol.
2014 3330 2074 3390 100
2097 3329 2242 3411 autogr.)

226 3458 264 3503 55
286 3458 305 3501 5
325 3437 414 3502 Beza
435 3436 598 3518 accepisse
621 3434 708 3518 quod
730 3434 890 3500 Calvinus
912 3436 1097 3517 coeperit
1117 3434 1239 3519 Pighio
1262 3435 1472 3517 respondere,
1502 3443 1535 3500 et
1561 3436 1681 3518 scripto
1709 3435 1885 3520 diligenter
1912 3436 2055 3519 perlecto
2077 3459 2112 3502 55
2134 3438 2242 3504 moni-

228 3559 341 3613 torum
364 3548 540 3632 pollicetur
561 3556 726 3625 autorem,
756 3546 884 3630 siquid
915 3546 1030 3612 durius
1052 3546 1107 3611 bio
1127 3546 1332 3612 iudicaverit.
1376 3548 1504 3612 Verum
1526 3547 1639 3612 eodem
1661 3548 1729 3612 fere
1751 3556 1898 3631 tempore
1921 3549 1991 3631 ipsc
2014 3548 2175 3616 (lalvinus
2199 3549 2241 3615 de

227 3670 287 3726 sno
309 3660 481 3743 opusculo,
511 3681 576 3723 non
604 3660 755 3724 inchoato
784 3670 914 3724 tantum
942 3657 1000 3723 sed
1029 3660 1186 3740 perfeeto,
1216 3658 1297 3723 baec
1325 3659 1366 3722 ad
1389 3658 1638 3743 Bullingerum,
1667 3660 1723 3741 qui
1750 3661 1853 3741 ipsius
1882 3659 2041 3725 advorsus
2064 3660 2242 3726 Bolseoum
2337 3746 2340 3751 ¹

228 3772 440 3836 acerbitatem
463 3780 496 3834 et
518 3771 760 3835 vehementiam
790 3772 899 3835 minus
927 3770 1064 3851 probaro
1092 3769 1265 3835 videbatur
1293 3770 1387 3853 ((1οά.
1410 3771 1537 3836 Genev.
1570 3775 1628 3834 107
1654 3792 1681 3835 a.
1704 3770 1758 3835 fol.
1783 3773 1856 3854 52);
1903 3772 2028 3835 Novum
2049 3791 2129 3851 opes
2150 3793 2171 3836 a
2193 3792 2247 3837 me

223 3882 377 3963 prmnitti,
399 3882 434 3945 in
455 3902 513 3962 555
537 3880 640 3945 Deum
664 3901 728 3946 555
749 3902 816 3946 esse
832 3882 952 3963 peceati
974 3886 1114 3945 antorem
1136 3882 1410 3947 demonstrandum
1430 3881 1613 3962 cuempiam,
1635 3902 1700 3947 555
1720 3888 1799 3947 reete
1820 3884 2042 3966 interpretatus
2064 3903 2104 3948 es.
2152 3882 2241 3948 Nam

225 4013 325 4076 55155
347 3993 411 4058 ista
431 3993 594 4058 calumnia
611 4013 658 4055 me
678 3993 827 4074 impostor
845 3995 1001 4075 proceret,
1024 3992 1092 4056 eius
1114 3993 1296 4072 refetimdae
1316 4013 1414 4058 eausa
1434 3995 1537 4071 obieci,
1559 3995 1641 4074 55551
1662 4014 1770 4058 oerum
1791 3999 1866 4074 erat,
1888 4014 1937 4058 me
1957 3995 2037 4060 edito
2059 3994 2138 4059 libro
2160 3996 2244 4061 satis

150 4132 153 4137 ·
225 4109 372 4170 testatem
394 4124 459 4168 esse
480 4109 633 4185 qnantum
654 4103 693 4168 ab
715 4104 775 4168 itio
797 4101 990 4183 bbzspbemia
1011 4102 1201 4166 abhorream.
1235 4103 1368 4167 Libram
1384 4125 1481 4185 perro
1503 4109 1610 4168 eontra
1623 4105 1801 4171 libertinos
1816 4106 1944 4187 pridem
1960 4107 2076 4172 editum
2094 4105 2240 4190 intelligo.

228 4217 274 4281 Et
283 4221 386 4281 tamen
397 4215 494 4280 lenius
505 4215 665 4280 nebntonis
688 4213 869 4297 improbitas
885 4233 933 4278 me
954 4215 1102 4295 cornpntit
1122 4219 1156 4278 nt
1177 4235 1263 4279 meae
1285 4216 1435 4280 adversas
1447 4215 1597 4299 Pipbinm
1616 4218 1812 4299 responsioni
1833 4218 1916 4299 qnod
1937 4217 2074 4282 restabat
2095 4219 2133 4282 de
2145 4238 2243 4301 prae-

226 4328 432 4393 destinatione
455 4331 618 4391 attexerem
646 4337 741 4391 caett.
799 4325 891 4406 Quid
919 4326 1006 4409 quod
1039 4327 1179 4408 epistola
1206 4326 1420 4405 dedicatoria,
1449 4350 1514 4410 555
1541 4327 1690 4394 libellum
1716 4350 1814 4393 suum
1844 4327 1983 4394 Senatui
2012 4330 2131 4395 obtulit
2157 4332 2242 4414 ipsis

227 4437 391 4503 Kalendis
412 4429 577 4503 Ianuariis
599 4440 720 4521 scripta
742 4447 801 4503 est.

383 4552 543 4615 Attamen
565 4571 631 4615 non
653 4551 765 4616 statim
787 4550 875 4635 typis
904 4550 1094 4634 evulgatum
1121 4551 1222 4615 fuisse
1250 4549 1399 4632 pluribus
1428 4553 1531 4635 iisque
1559 4553 1763 4636 gravissimis
1791 4554 1995 4637 argumentis
2018 4553 2239 4621 demonstrari

227 4669 345 4745 potest
396 4662 507 4743 Atque
535 4661 589 4724 hie
609 4662 704 4744 parvi
725 4662 885 4725 momenti
908 4669 959 4726 est
981 4661 1066 4744 quod
1089 4661 1249 4727 Calvinus
1272 4661 1314 4726 ad
1334 4663 1625 4728 Melanchthonem
1653 4662 1766 4729 scribit
1785 4663 1815 4729 d.
1839 4668 1889 4728 28.
1913 4665 1996 4730 Nov.
2024 4671 2105 4730 1552
2136 4666 2239 4751 (Epp.

227 4773 356 4838 Genev.
375 4791 448 4856 pag.
465 4777 534 4836 107.
564 4773 666 4838 Laus.
685 4793 759 4857 pag.
773 4777 845 4836 245.
874 4774 981 4837 Amat.
1003 4793 1077 4856 pag.
1101 4773 1157 4857 66)
1180 4773 1220 4837 (15
1242 4775 1428 4855 proxime
1449 4774 1537 4838 odito
1557 4773 1677 4839 libello.
1708 4775 1809 4840 Nullo
1831 4777 1962 4860 negotio
1980 4776 2067 4841 idem
2090 4779 2240 4845 effeceris

227 4907 271 4950 ex
288 4885 393 4949 literis
412 4885 533 4949 aBeza
554 4883 596 4948 ad
614 4882 791 4949 Calvinum
810 4883 839 4947 d.
858 4884 991 4948 21155.
1020 4888 1100 4948 1552
1119 4884 1214 4963 (15515,
1237 4907 1319 4968 5555
1342 4886 1638 4952 Bretachneiderus
1659 4909 1700 4951 ex
1712 4887 1840 4953 Oodieis
1853 4887 1999 4953 Gotbani
2023 4889 2152 4954 schedis
2175 4891 2239 4954 mi-

226 5016 301 5061 sere
323 4996 475 5061 laceratis
493 4994 595 5061 edidit
614 4996 713 5081 (Epp.
736 4995 869 5062 Oalvini
890 4995 1033 5063 ineditae
1055 5001 1139 5060 1835
1157 5017 1231 5080 pag.
1257 5000 1321 5078 97).
1356 4998 1445 5063 Beaa
1467 4998 1601 5077 scilicet,
1624 4999 1729 5062 multa
1746 4998 1786 5063 (15
1807 4998 1960 5065 laudibus
1978 5000 2091 5065 Nostri
2113 5020 2238 5085 suaque

165 5147 171 5158 ·
228 5107 332 5189 ipsius
353 5107 515 5172 modestia
537 5109 717 5193 praefatus,
747 5107 787 5174 de
805 5129 891 5175 novo
914 5110 1011 5174 amici
1041 5129 1138 5191 opere
1169 5109 1214 5172 sio
1240 5108 1354 5173 scribit
1381 5117 1420 5173 ut
1448 5132 1515 5175 non
1542 5108 1638 5174 modo
1666 5107 1811 5174 nondum
1840 5110 2038 5192 impressum
2061 5111 2236 5196 significet,

227 5238 348 5282 verum
370 5219 469 5301 etiam
492 5230 666 5303 antequam
688 5221 934 5306 imprimeretur
961 5219 1135 5287 hincinde
1157 5219 1403 5285 retractandum
1426 5229 1459 5286 et
1479 5219 1725 5304 corrigendum,
1753 5223 1832 5304 quin
1858 5223 1924 5287 imo
1952 5220 1994 5288 ad
2016 5221 2115 5286 aliam
2137 5225 2238 5308 plana
