4732 5910
230 350 276 413 ιι
444 338 503 355 ·’
859 333 864 345 ’
1060 343 1125 409 ua
1149 341 1423 412 semema
2217 305 2258 410 at

238 539 408 608 Christus.
432 536 576 622 abripit
598 544 631 599 ιι
653 555 733 600 cura
754 533 843 612 ritae
860 532 1052 617 praesentis.
1086 531 1229 618 Nempe,
1274 532 1337 596 bus
1359 533 1515 597 refertam
1536 551 1609 598 esse
1630 531 1734 611 docet,
1763 531 1824 597 hoc
1845 538 1955 596 totum
1975 552 2093 599 verum
2115 540 2259 600 rectum-

239 628 319 709 quia
339 625 470 690 futurae
488 621 624 704 nullum
645 619 906 703 gustumhabes.
939 617 1222 690 Uritteavaritia.
1276 622 1436 699 que1pag.
1456 621 1510 696 ιι]
1533 638 1605 683 esse
1626 625 1789 683 annuunt
1822 616 1941 700 Itaque
1957 617 2134 684 militantis
2156 620 2258 686 ecele-

239 711 378 792 Nempe,
401 708 478 793 quia
499 706 649 772 nondum
661 713 755 771 tenes
776 725 861 787 quae
875 705 943 769 sint
959 724 1058 768 vome
1079 702 1222 768 uinum.
1278 703 1346 767 siae
1371 701 1559 783 nomenoio
1580 703 1681 787 vulgo
1704 704 1820 766 tritum
1843 711 1909 780 est,
1939 712 1978 767 ut
1998 704 2098 768 etiam
2120 705 2158 768 in
2179 725 2258 788 pue-

240 790 288 861 'P'e
308 794 442 860 ambitio
459 792 618 871 inebriat;
635 792 713 873 quia
728 787 1010 857 scilicetnondum
1029 787 1171 853 didicisti
1187 789 1225 852 in
1276 807 1390 853 rorum
1412 809 1468 854 ore
1489 798 1631 853 resonet.
1675 788 1744 854 Ubi
1766 787 1807 853 ad
1829 808 1901 853 rem
1919 795 2058 854 ventum
2080 797 2142 868 est,
2166 791 2258 873 quasi

140 950 143 955 ,
173 930 176 934 »
241 880 377 962 domino
398 878 541 963 gloriari.
572 876 636 941 ’Τι
658 876 753 960 gula,
781 874 882 940 libido
905 894 1060 952 venerea,
1087 893 1224 956 pompae
1277 874 1424 939 omnium
1450 873 1557 951 obliti,
1591 895 1657 939 non
1686 895 1779 939 secus
1812 874 1993 958 imaginem
2019 873 2150 940 Ohristi
2171 876 2259 941 reiu-

182 1025 186 1031 .
241 973 303 1031 aut
324 965 407 1029 eliae
426 983 537 1036 ranae
565 961 799 1027 oblectationes
827 960 992 1038 alliciunt,
1022 970 1061 1022 ut
1087 959 1154 1024 Dei
1175 958 1226 1022 tui
1277 959 1390 1043 giunt,
1419 966 1517 1041 atque
1542 958 1731 1024 inauditum
1751 958 1884 1042 aliquod
1910 966 2136 1045 portentum.¹
2197 963 2259 1026 At

242 1050 457 1117 obliviscaris.
502 1049 577 1113 Hoc
606 1046 679 1112 ideo
708 1047 762 1125 iit,
790 1044 878 1128 quod
900 1045 1101 1111 suavitatem
1124 1044 1224 1122 illam,
1277 1044 1344 1126 qui,
1364 1045 1394 1108 si
1411 1043 1509 1109 detur
1526 1043 1592 1109 illis
1610 1045 1699 1126 quod
1715 1052 1883 1127 appetunt,
1906 1052 1944 1109 ut
1964 1065 2120 1129 prospere
2184 1048 2259 1112 beat

133 1174 137 1182 .
241 1156 343 1219 quam
370 1135 533 1218 propheta
551 1132 757 1197 timentibus
783 1133 895 1197 Deum
923 1129 1125 1196 reconditam
1154 1150 1226 1195 esse
1276 1129 1384 1195 modis
1406 1130 1559 1207 omnibus
1576 1129 1721 1207 ecelesia,
1744 1128 1920 1212 utopibus
1929 1136 1965 1193 ιι
1973 1132 2122 1213 potentia
2132 1134 2258 1208 floreat,

192 1221 386 1304 'testatur
420 1219 523 1302 (Psal.
549 1221 600 1296 ³1,
627 1220 700 1300 20),
734 1216 843 1282 adhue
875 1217 1017 1300 ignoras.
1072 1215 1227 1298 Denique
1278 1222 1318 1279 ut
1339 1234 1420 1299 pace
1448 1216 1605 1281 mutinae
1631 1215 1775 1294 huatur,
1805 1223 1844 1280 ut
1869 1215 2011 1298 denique
2038 1216 2125 1281 nihil
2147 1217 2198 1282 illi
2218 1218 2260 1282 ed

240 1329 311 1373 non
336 1308 462 1376 mirum
489 1311 564 1382 est,
583 1322 706 1385 paucos
734 1302 878 1368 inveniri
903 1322 983 1368 vere
1005 1300 1227 1366 Christianos:
1279 1301 1416 1377 beatum,
1434 1309 1468 1366 et
1489 1302 1633 1366 maxime
1656 1299 1832 1383 optabilem
1854 1307 1978 1371 statrrm
2002 1301 2101 1369 desit:
2127 1323 2170 1368 an
2192 1323 2259 1368 non

115 1432 119 1439 -
241 1394 322 1475 quia
343 1390 441 1474 pauci
462 1396 540 1455 sunt
561 1388 618 1471 qui
640 1385 815 1453 didicerint
840 1388 925 1452 tanti
948 1407 1019 1452 esse
1041 1385 1226 1464 Christum,
1278 1385 1337 1450 illa
1359 1386 1423 1450 erit
1443 1387 1568 1451 terreni
1588 1386 1720 1468 imperii
1742 1385 1862 1452 iacies?
1896 1386 2041 1451 Proinde
2059 1384 2140 1453 aiibi
2160 1395 2259 1473 quac·

242 1476 431 1558 etreliqua
453 1474 565 1539 omnia
587 1472 732 1538 habeant
760 1494 820 1555 pro
842 1473 1050 1538 stercoribus.
1094 1471 1226 1535 Exhor·
1279 1470 1420 1536 rendum
1442 1472 1506 1536 erit
1529 1470 1846 1555 spirituale·0hristi
1873 1493 2023 1556 regnum.
2069 1474 2144 1539 Imo
2165 1495 2260 1557 pror·

173 1578 177 1584 ·
244 1561 425 1627 tationibus
459 1560 538 1644 alibi
570 1558 661 1624 locus
694 1559 765 1623 erit
810 1558 877 1623 Hic
910 1556 951 1623 de
972 1556 1149 1623 ‘scandalis
1179 1558 1228 1620 ita
1278 1578 1336 1622 sus
1358 1578 1379 1621 a
1399 1557 1506 1640 capite
1534 1577 1595 1622 suo
1622 1556 1729 1622 divisa
1755 1557 1827 1623 erit
1871 1556 1941 1622 Nos
1962 1577 2041 1623 vero
2067 1561 2260 1625 memineri-

217 1645 454 1717 ‚tractandum
484 1652 548 1723 est,
582 1653 621 1710 ut
649 1651 807 1726 appareat
834 1644 888 1708 cui
920 1643 988 1708 sint
1021 1644 1092 1707 iure
1119 1643 1227 1724 impu·
1278 1663 1361 1720 mus,
1384 1642 1730 1726 sio-contemptibilem
1747 1663 1819 1708 esse
1840 1650 2016 1708 externum
2032 1645 2189 1711 ecclesiae
2208 1668 2260 1711 aa·

240 1733 354 1799 tanda.
656 1758 663 1769 ·
1078 1732 1081 1737 ’
1279 1736 1420 1811 pactum,
1443 1735 1482 1792 ut
1503 1726 1599 1800 decor
1621 1729 1692 1793 eius
1710 1728 1801 1793 intus
1824 1728 2012 1810 splendeat:
2042 1731 2090 1795 sic
2111 1732 2148 1795 in
2170 1739 2261 1798 terra

179 1848 182 1851 ·
332 1817 401 1884 Sed
423 1814 502 1900 quid
523 1816 564 1881 de
585 1814 724 1898 privatis
746 1813 905 1896 cuiusque
926 1813 1067 1878 miseriis
1089 1811 1228 1894 disputo,
1281 1813 1444 1891 fluctuari,
1466 1822 1505 1879 ut
1525 1815 1629 1879 fixam
1645 1812 1811 1878 habeatin
1833 1813 2059 1880 coelosedem:
2083 1817 2132 1881 sie
2149 1837 2260 1882 coram

243 1925 346 1988 quum
374 1901 572 1974 universalis
597 1908 670 1978 [pag.
693 1904 748 1980 24]
776 1899 932 1965 ecclesiae
960 1897 1103 1964 conditio
1131 1898 1229 1981 longe
1280 1898 1405 1963 mundo
1427 1899 1571 1964 laceram
1592 1921 1631 1964 ac
1653 1899 1820 1965 ruinosam
1841 1901 1963 1976 iacere,
1993 1909 2031 1964 ut
2051 1921 2165 1966 coram
2187 1904 2260 1968 Deo

221 1992 402 2072 ‘maiorem
420 1986 611 2052 offensionis
629 1985 801 2049 materiam
821 1985 856 2049 in
877 2005 913 2049 se
931 1983 1118 2049 contineat?
1151 1984 1228 2048 Pri·
1281 1985 1407 2049 eteius
1429 1985 1555 2069 angelis
1582 1993 1648 2050 stet
1673 1985 1804 2068 integra
1833 2006 1870 2051 ae
1890 1986 2015 2069 vigeat:
2032 1987 2093 2053 ‘sie
2123 2009 2196 2053 esse
2225 1982 2261 2054 in

244 2096 352 2152 mum,
381 2092 559 2155 nunquam·
576 2092 616 2136 ea
642 2071 751 2152 specie
780 2071 882 2149 nitet,
910 2071 946 2134 in
968 2090 1034 2151 qua
1054 2068 1227 2133 hominum
1259 2090 1379 2154 'carne
1407 2070 1578 2148 miseram,
1605 2087 1645 2134 ut
1671 2090 1732 2134 sua
1760 2070 1809 2135 illi
1837 2063 2053 2136 nihilominus
2081 2073 2118 2137 in
2141 2074 2260 2156 spiritu

139 2218 142 2225 .
244 2181 362 2234 sensus
387 2157 452 2223 Dei
475 2177 617 2241 regnum
638 2163 827 2239 agnoscant.
873 2154 1019 2238 Deinde,
1047 2153 1229 2237 siquando
1278 2155 1423 2239 reposita
1443 2156 1488 2221 sit
1508 2155 1656 2222 felicitas.
1700 2156 1774 2222 Hoc
1794 2156 1901 2235 modo,
1927 2177 2030 2239 quum
2051 2159 2087 2222 in
2108 2161 2263 2244 praesepi

244 2247 416 2330 contingat
456 2243 493 2307 in
509 2251 514 2259 ’
533 2240 732 2307 mediocrem
770 2240 915 2323 aliquem
954 2249 1079 2306 statum
1117 2259 1227 2306 aesur-
1280 2248 1488 2324 contemptus
1497 2242 1620 2308 iaceret
1630 2240 1794 2322 Christus,
1813 2242 1889 2307 eius
1899 2242 2133 2308 excellentiam·
2150 2245 2262 2328 angeli

244 2352 336 2416 gere,
384 2350 463 2394 mox
511 2335 569 2392 aut
608 2334 826 2410 tyrannorum
873 2325 1030 2392 violentia
1069 2326 1227 2409 opprimi·
1279 2324 1314 2392 in
1334 2326 1476 2392 nubibus
1499 2327 1671 2406 canebant,
1694 2328 1920 2392 testimonium
1935 2329 2005 2393 eius
2017 2328 2142 2412 gloriae
2163 2331 2263 2395 atella

90 2446 92 2453 ι
201 2461 208 2476 .
242 2426 313 2496 tur,
340 2422 399 2480 aut
426 2421 555 2498 sponte.
570 2409 727 2489 concidit,
757 2419 890 2476 utnon
917 2412 984 2476 nisi
1004 2409 1048 2475 ad
1069 2413 1227 2495 exiguum
1280 2413 1315 2477 in
1344 2413 1434 2487 coeio
1466 2411 1640 2491 reddebat,
1675 2414 1765 2496 magi
1793 2414 1864 2478 eius
1891 2414 2052 2478 virtutem
2079 2435 2097 2479 e
2124 2416 2262 2498 regione

242 2510 374 2585 tempus
387 2499 492 2564 duret.
525 2498 750 2562 Hincfactum
772 2505 833 2574 ιιι,
855 2505 893 2561 ut
914 2496 1055 2562 saeculis
1072 2496 1227 2561 omnibus
1279 2497 1459 2582 longinqua
1491 2497 1687 2563 sentiebant.
1739 2497 1852 2579 Quum
1879 2497 1914 2563 in
1949 2499 2079 2564 deserto
2107 2502 2262 2579 esuriret,

241 2587 379 2671 superbi
407 2584 559 2650 h'omines
581 2602 696 2658 veram
717 2582 911 2665 religionem
933 2591 991 2647 aut
1012 2580 1226 2664 despicerent,
1279 2591 1421 2650 certaret
1440 2603 1516 2648 cum
1526 2581 1671 2649 Satanae
1692 2583 1852 2662 ludibriis,
1875 2605 1977 2667 usque
1999 2584 2041 2650 ad
2063 2588 2264 2670 sanguinem

242 2671 420 2741 autetiam
441 2667 677 2735 contumeliose
694 2667 914 2733 traducerent.
949 2666 1106 2732 Videmus
1127 2688 1228 2750 quam
1279 2669 1428 2735 sudaret:
1451 2669 1561 2754 angeli
1584 2691 1700 2735 rursus
1721 2669 2025 2735 illiministrabant
2059 2669 2175 2751 Quum
2192 2674 2264 2738 iam

160 2780 162 2785 ·
242 2757 426 2822 insolenter
448 2754 574 2832 ffioero,
604 2754 681 2836 quia
697 2752 832 2818 Iudaeis
854 2773 907 2818 res
927 2760 1024 2817 erant
1044 2753 1154 2818 minus
1175 2774 1227 2817 se-
1279 2754 1474 2821 vinciendus
1490 2761 1587 2834 esset,
1604 2754 1675 2820 sola
1686 2776 1765 2821 voce
1782 2755 1894 2820 hostes
1912 2764 2001 2820 retro
2019 2756 2182 2840 abigebat
2218 2758 2264 2824 In

184 2923 187 2927 ἡ
242 2836 388 2920 eundae,
417 2839 550 2906 divinae
578 2830 646 2922 legi
673 2838 821 2904 insultet.
865 2839 922 2904 Ex
948 2837 1011 2903 hoo
1040 2859 1106 2903 uno
1128 2839 1227 2903 aesti-
1278 2863 1375 2908 cruce
1396 2840 1596 2925 pendentem
1613 2841 1662 2906 sol
1684 2840 1813 2905 defectu
1833 2862 1892 2906 suo
1913 2841 2029 2908 mundi
2051 2863 2165 2926 regem
2188 2864 2264 2910 esse

147 3004 149 3007 ¹
214 2946 338 3003 ¹mare
367 2927 482 2993 omnes
513 2925 599 2990 lieet
644 2922 696 2988 Ao
724 2944 767 2988 ne
795 2924 927 3007 longius
947 2924 1077 3002 abeam,
1092 2925 1118 3007 ¹)
1146 2923 1226 3008 quid
1278 2925 1478 2993 clamitabat
1511 2925 1673 3010 Sepulcra
1693 2932 1826 3010 aperta,
1839 2928 1956 2992 mortis
1978 2935 2011 2992 et
2033 2928 2120 2993 vitae
2143 2929 2264 2994 Domi·

243 3033 361 3079 causae
383 3021 443 3089 cst,
462 3033 523 3078 eur
544 3009 645 3076 hodie
666 3008 764 3074 multi
781 3031 802 3074 a
819 3010 946 3076 sincera
964 3008 1128 3092 evangelii
1149 3030 1225 3092 pro-
1278 3035 1361 3077 num
1401 3011 1651 3078 confitebantur.
1686 3012 1806 3078 'Nune
1838 3012 1867 3077 ei
1900 3011 2072 3077 Christum
2106 3014 2265 3080 videmus

218 3099 396 3164 'ieseione‘
412 3096 630 3172 abhorreant,
665 3095 731 3159 nisi
758 3093 848 3178 quod
878 3101 913 3160 et
940 3114 1061 3177 paucos
1088 3116 1226 3161 numero
1278 3100 1455 3181 immorum
1477 3097 1684 3164 contumeliis
1706 3097 2109 3182 superbeinsuocorpore
2132 3103 2264 3180 vexari,

101 3189 106 3197 '
173 3222 177 3231 ·
241 3196 304 3251 nos
321 3204 393 3249 esse
411 3181 535 3261 vident,
558 3190 592 3246 et
608 3180 767 3245 minimae
787 3180 983 3259 autoritatis,
1005 3179 1130 3246 nullius
1148 3185 1226 3247 ve'ro
1278 3205 1378 3250 saeva
1408 3182 1584 3268 tyrannide
1616 3184 1773 3268 opprimi,
1790 3184 1922 3253 “saunis
1955 3204 2027 3249 esse
2061 3187 2265 3268 expositum,

240 3270 421 3353 potentiae:
444 3270 481 3333 in
509 3265 649 3333 adversa
666 3274 778 3332 autem
799 3273 904 3348 parte,
926 3265 1092 3331 contraria
1113 3267 1226 3333 omnia
1278 3270 1435 3337 violentia
1455 3269 1522 3335 huc
1544 3284 1582 3334 ιι
1598 3268 1679 3334 illuc
1702 3270 1790 3352 rapi:
1823 3269 1908 3333 nihil
1929 3271 2068 3334 istorum
2090 3273 2188 3353 quasi
2209 3273 2265 3337 in·

241 3354 441 3438 mirantur?
465 3355 513 3419 Et
535 3374 624 3432 sane,
647 3359 686 3416 ut
708 3351 805 3418 hodie
827 3373 881 3417 res
902 3349 1037 3431 habent,
1059 3351 1144 3416 nihil
1161 3355 1226 3418 mi·
1278 3355 1388 3421 solens
1410 3376 1471 3420 nos
1499 3363 1631 3419 terreat
1677 3353 1768 3435 Quin
1795 3355 1905 3438 potius
1931 3355 2024 3421 nobis
2052 3355 2090 3420 in
2111 3365 2266 3424 mentem

240 3463 316 3508 rum
339 3442 368 3507 si
390 3450 458 3506 tam
471 3439 626 3506 deformis
638 3437 795 3504 ecclesiae
817 3444 925 3503 status
935 3436 1009 3504 flios
1027 3438 1224 3505 absterreat:
1277 3441 1401 3520 veniat,
1423 3442 1459 3504 in
1480 3440 1543 3506 hoe
1564 3439 1751 3506 ordinatam
1773 3460 1845 3506 esse
1867 3440 2053 3519 acclamam,
2081 3449 2121 3506 ut
2143 3462 2265 3526 quam-

168 3535 173 3541 ’
240 3526 396 3610 splendor
413 3533 535 3605 autem,
553 3527 610 3609 qui
627 3526 662 3589 in
681 3523 880 3591 adversariis
897 3522 1031 3602 relucet,
1053 3524 1134 3607 ipsis
1174 3546 1226 3590 er·
1278 3526 1336 3593 diu
1362 3526 1397 3590 in
1425 3525 1548 3591 mundo
1575 3527 1820 3609 peregrinatur,
1856 3527 1977 3591 militet
2008 3525 2069 3592 auh
2097 3539 2266 3611 perpetua

241 3614 391 3696 stringat
420 3612 540 3677 oculos.
584 3612 728 3689 Verum,
765 3610 848 3676 nulli
881 3609 923 3674 ad
956 3609 1046 3676 huno
1081 3546 1225 3691 lapidem
1277 3633 1383 3679 cruce.

241 3698 299 3762 alii
321 3697 520 3780 impingunt,
543 3716 605 3761 nec
626 3695 707 3759 alios
729 3694 791 3762 hoo
811 3694 1046 3761 offendiculum
1068 3695 1225 3775 retardat,
1307 3751 1312 3759 .
1362 3703 1436 3776 [pag.
1456 3700 1510 3776 26]
1534 3695 1632 3777 Quod
1653 3697 1681 3762 si
1704 3696 1815 3763 dextri·
1834 3704 1868 3762 et
1895 3697 1990 3780 aequi
2011 3717 2161 3766 essemm
2184 3721 2265 3783 ope-

162 3835 178 3853 „
242 3783 308 3847 nisi
331 3783 397 3863 qui·
416 3781 587 3864 spirituale
612 3778 741 3863 Ohristi
768 3801 910 3878 regnum
937 3802 1003 3846 non
1031 3791 1223 3865 agnoscunt.
1276 3804 1352 3848 rum
1373 3783 1439 3848 Dei
1459 3782 1706 3866 interpretes,²)
1732 3782 1821 3848 unde
1843 3782 2033 3848 offendiculi
2053 3785 2265 3851 occasionem

168 3892 174 3897 ··
242 3867 330 3931 Nam
348 3866 472 3949 quibus
494 3885 602 3948 neque
620 3864 787 3930 stabulum
809 3886 846 3929 m
868 3886 933 3949 quo
953 3874 1052 3931 natus
1073 3875 1134 3945 est,
1164 3887 1225 3933 nec
1277 3869 1463 3954 arripimus,
1486 3867 1521 3932 id
1542 3867 1639 3933 nobie
1659 3869 1802 3950 optimae
1819 3867 2049 3934 consolationis
2069 3869 2141 3935 loeo
2164 3870 2263 3937 foret

242 3974 325 4018 crux
355 3952 389 4015 in
419 3967 486 4033 qua
514 3950 673 4035 pependit
693 3949 864 4029 Christus,
892 3951 1001 4016 obstat
1026 3970 1092 4032 quo
1113 3954 1224 4018 minus
1275 3954 1362 4020 Nam
1385 3952 1473 4037 quod
1493 3954 1687 4037 plerumque
1708 3954 1914 4033 calamitosa,
1943 3971 2074 4036 semper
2094 3955 2266 4022 instabilis

243 4058 357 4122 regem
385 4037 496 4120 ips'um
524 4036 676 4101 adorent:
705 4035 755 4100 illi
783 4035 944 4101 humilem
971 4035 1125 4102 eeclesiae
1154 4039 1225 4104 eius
1277 4047 1329 4104 est
1349 4040 1505 4105 ecclesiae
1527 4038 1686 4118 conditio,
1715 4041 1782 4104 imo
1808 4038 1910 4122 quod,
1937 4060 2004 4104 non
2031 4058 2198 4108 recusae
2226 4043 2264 4108 in

111 4184 117 4197 ,
151 4166 154 4170 ,
238 4124 410 4188 fortunam
429 4122 567 4187 minime
587 4120 774 4205 despicient.
820 4121 984 4191 Fatentur
1003 4121 1136 4204 quidem
1154 4142 1225 4186 om·
1276 4124 1456 4207 procelloso
1477 4126 1576 4204 mari,
1604 4125 1705 4191 variis
1727 4126 1980 4208 tempestatibus
2002 4123 2132 4191 assidue
2153 4127 2264 4194 iacta·

137 4259 141 4266 .
187 4222 212 4262 f
243 4230 303 4275 nes
326 4208 506 4287 verbo,.et
524 4208 621 4272 fateri
649 4226 784 4272 necesse
810 4216 874 4286 ast,
903 4207 1022 4275 rationi
1049 4205 1086 4270 in
1108 4207 1244 4290 primis,
1276 4218 1345 4274 tur:
1374 4211 1519 4292 primum
1546 4211 1583 4275 in
1610 4230 1649 4275 eo
1672 4210 1838 4276 Dominus
1866 4211 2070 4277 luculentum
2098 4211 2264 4280 mirificae

242 4314 315 4360 esse
336 4302 605 4371 consentaneum,
630 4291 674 4359 'ut
694 4294 729 4357 in
752 4292 907 4358 ecelesiae
928 4294 1047 4370 forma,
1074 4292 1168 4374 quasi
1189 4293 1224 4359 in
1275 4294 1501 4379 providentiae
1534 4295 1700 4380 specimen
1738 4296 1886 4363 exhibet:
1927 4295 2046 4362 deinde
2078 4295 2140 4362 hoc
2175 4299 2262 4364 utile

244 4378 393 4463 speculo,
427 4379 504 4446 viva
530 4377 656 4444 Christi
683 4372 811 4462 effigies
840 4387 1004 4461 appareat
1049 4379 1096 4442 Et
1123 4400 1225 4462 quum
1276 4380 1421 4466 adeoque
1438 4382 1660 4448 necessarium
1681 4381 1759 4448 fidei
1781 4389 1815 4448 et
1831 4382 2009 4465 patientiae
2026 4389 2159 4447 nostrae
2182 4404 2261 4468 pro-

242 4465 370 4531 Paulus
394 4465 503 4547 (Rom.
523 4468 553 4543 8,
575 4464 630 4548 18)
649 4462 689 4528 de
706 4463 823 4547 capitis
841 4472 874 4528 et
890 4464 1115 4530 membrorum
1132 4466 1224 4530 simi·
1275 4468 1403 4535 bandae
1422 4467 1615 4533 exercitium
1633 4474 1708 4534 ιιι·
1725 4466 1763 4534 Si
1786 4468 1834 4533 ita
1854 4465 1991 4532 fundata
2011 4474 2098 4534 esset
2117 4468 2261 4536 ecclesia

242 4549 386 4615 litudine
415 4550 550 4616 disserit
576 4549 613 4614 in
640 4550 748 4622 crucis
776 4549 967 4630 tolerantia,
997 4552 1224 4627 assentiuntur
1274 4551 1513 4637 praesidiisque
1534 4553 1687 4619 omnibus
1709 4555 1880 4631 instructa,
1903 4560 1942 4617 ut
1963 4554 2116 4635 suisipsa
2137 4555 2260 4638 opibus

243 4656 366 4701 omnes.
418 4634 532 4716 Quum
562 4634 642 4701 dicit
671 4637 705 4720 (2
724 4635 808 4700 'lim
827 4638 856 4715 2,
878 4636 948 4721 li),
977 4656 1038 4702 nos
1065 4637 1224 4703 commori
1275 4641 1452 4719 niteretur,
1481 4637 1565 4703 nihil
1593 4659 1614 4702 a
1639 4646 1769 4705 terreno
1790 4640 1907 4724 quovis
1928 4639 2066 4723 imperio
2087 4637 2261 4708 differret:

242 4729 409 4805 oportere,
433 4727 478 4786 ut
498 4720 758 4786 vitoeeiusdem
780 4721 884 4787 simus
905 4722 1097 4805 participes,
1125 4744 1223 4788 nemo
1275 4743 1337 4790 nec
1357 4745 1436 4792 vero
1458 4724 1621 4809 quispiam
1649 4724 1828 4805 dubitaret,
1855 4724 2050 4791 humanitus
2076 4744 2150 4791 eam
2174 4730 2261 4813 regi,

242 4809 409 4875 reclamat.
456 4806 570 4888 Quum
597 4813 668 4872 tota
695 4807 861 4889 scriptura
888 4809 990 4873 vitam
1016 4815 1223 4891 praesentem
1276 4812 1305 4876 si
1330 4811 1453 4876 usitato
1480 4832 1571 4876 more
1605 4810 1762 4877 adhunc
1790 4831 1893 4894 usque
1924 4810 2013 4876 diem
2044 4813 2262 4893 perstitisset

194 4958 197 4962 ,
242 4900 412 4978 comparat
437 4890 540 4958 durae
564 4891 724 4973 militiae,
752 4911 889 4977 eamque
914 4894 1016 4960 variis
1036 4895 1222 4959 certamini·
1276 4898 1368 4962 Dum
1384 4905 1510 4962 autem
1532 4895 1684 4963 videmus
1716 4898 1809 4980 quasi
1835 4917 1896 4980 per
1916 4897 2110 4964 innumeras
2133 4907 2261 4966 mortes

513 5184 520 5197 ·
634 5183 640 5196 .
695 5162 702 5171 .
980 5184 986 5197 Ι
1138 5185 1144 5198 .
1344 5119 1374 5187 1)
1394 5135 1498 5174 comme
1517 5120 1545 5175 la
1563 5121 1647 5175 chose
1664 5120 1692 5174 la
1709 5120 1772 5189 plus
1790 5133 1909 5188 sauuage
1927 5119 1963 5173 dn
1980 5119 2087 5173 monde.

239 5181 490 5318 templipdsrd’m
512 5200 539 5238 ιι
563 5184 659 5241 berou
686 5183 722 5238 de
748 5187 861 5244 cercior
885 5198 916 5237 ce
942 5200 989 5252 qm
1015 5182 1082 5239 s’sst
1107 5184 1159 5239 tart
1186 5201 1222 5241 au
1274 5185 1422 5313 (1θῦἳέἒί
1445 5204 1515 5243 nous
1540 5190 1649 5245 seriem
1671 5190 1734 5244 bien
1756 5188 1824 5243 faire
1846 5193 1941 5245 nosue
1964 5186 2049 5257 profit
2072 5186 2122 5244 des
2146 5205 2263 5249 ocurrer
