4762 5918
1001 397 1371 465 PROLEGOIOENA.
2105 403 2198 470 XIII

339 586 489 652 Iitulum
513 586 636 670 exeipit
657 608 730 672 pag.
750 589 835 650 2—4
852 586 1011 669 praelatio
1034 583 1187 666 ἀνώνυμος
1208 585 1356 653 eadsine
1379 586 1478 653 dubie
1497 589 1632 654 editoris
1651 588 1795 673 Crispini
1815 591 1948 655 nemine
1965 591 2097 674 seripta,
2118 612 2201 675 quae

181 702 345 780 quatenus
368 697 572 765 ealvinianae
594 699 779 784 theologiae
801 699 953 765 eeneinat
969 699 1105 781 eiusque
1126 698 1271 764 indolem
1293 699 1423 778 referat,
1446 700 1518 782 ipsa
1539 700 1684 785 perlaeta
1704 700 1800 768 facile
1821 700 2000 786 intelliges:

983 920 1177 988 Christianis
1197 920 1339 986 omrribns
1361 920 1395 986 S.

342 1091 406 1174 Qni
429 1092 463 1157 in
477 1094 781 1173 praedestinationis
802 1092 929 1158 divinae
956 1094 1051 1176 edpta
1072 1093 1244 1175 pranipriti
1265 1094 1406 1175 qnadam
1433 1092 1620 1175 confidentia
1636 1100 1804 1176 penetrare
1825 1095 1954 1176 eadent,
1978 1096 2005 1160 ii
2026 1095 2105 1162 mihi
2126 1119 2198 1165 enm

182 1201 373 1269 Phaethonte
394 1209 422 1269 et
443 1199 537 1269 Icaro
560 1207 670 1270 merito
690 1205 834 1270 videnter
854 1205 1070 1285 comparandi.
1115 1204 1180 1269 Hic
1201 1206 1285 1269 enim
1305 1204 1402 1288 sapae
1419 1210 1570 1287 paternae
1591 1226 1703 1287 mmes,
1733 1228 1830 1288 qaam
1847 1206 1976 1273 celandi
1991 1214 2158 1292 praecepta
2177 1232 2199 1275 α

174 1319 270 1396 patre
292 1317 467 1397 accepisset,
489 1336 598 1398 nempe
618 1321 653 1381 nt
668 1317 806 1382 mmiam
826 1316 914 1381 viam
934 1316 1091 1381 insisteret
1112 1321 1140 1380 et
1161 1315 1200 1381 ab
1222 1336 1260 1381 en
1278 1316 1376 1382 latum
1396 1337 1533 1401 nnpnem
1554 1337 1615 1382 non
1632 1318 1819 1385 diemderet:

910 1518 945 1528 -
971 1499 1010 1544 ne
1031 1480 1062 1544 si
1085 1478 1229 1562 (dicebat)
1253 1480 1421 1544 demissior
1443 1479 1513 1560 ibis,

761 1589 853 1657 Unda
872 1596 982 1674 praest
1001 1611 1139 1673 pennas:
1160 1591 1192 1655 si
1210 1590 1329 1671 celsior,
1351 1591 1437 1674 ionis
1458 1591 1584 1657 adurat

751 1701 841 1768 Inter
862 1708 1029 1784 ntmrnrpne
1050 1703 1120 1768 vela
1142 1740 1183 1750 -

174 1863 388 1945 praescriptis
407 1863 527 1945 finibus
547 1867 701 1932 continere
720 1884 787 1930 sese
807 1886 869 1931 nen
884 1866 1002 1948 potnit:
1023 1866 1087 1946 sed,
1108 1871 1143 1931 nt
1159 1869 1255 1948 poeta
1274 1865 1378 1947 refert,

755 2020 837 2085 Tum
852 2040 937 2102 pner
958 2020 1074 2085 andaci
1092 2021 1188 2102 coepit
1206 2021 1345 2104 pandere
1361 2019 1475 2098 aelata

752 2131 961 2213 Deseraitqae
982 2131 1104 2197 ducem:
1121 2132 1254 2214 coelique
1271 2132 1416 2215 crepidine
1433 2136 1533 2197 tactas

747 2243 859 2308 Altius
880 2243 941 2326 epit
962 2243 1031 2322 iter,

178 2398 208 2459 et
231 2392 411 2477 liquefactis
433 2397 531 2462 cereis
546 2398 663 2478 pennis
683 2397 720 2462 in
740 2417 827 2463 mare
843 2416 996 2478 praeceps
1017 2397 1179 2463 damasus
1200 2401 1252 2462 est.
1298 2395 1365 2460 Ille
1386 2395 1482 2476 alter,
1510 2396 1588 2462 dnm
1606 2398 1716 2478 patris
1740 2396 1823 2462 Solis
1844 2419 1937 2481 epnes
1958 2401 2106 2527 rependas
2127 2422 2197 2468 sns-

176 2506 264 2587 cipit,
289 2507 512 2592 mandatisque
534 2510 604 2574 eins
624 2529 687 2575 nen
697 2514 800 2592 paret,
821 2508 938 2575 relictis
956 2509 1089 2575 manetis
1111 2507 1218 2574 orbitis
1234 2528 1295 2591 per
1317 2509 1406 2573 incia
1429 2509 1560 2590 delatas,
1582 2528 1678 2592 qnnm

903 2699 945 2711 ·-
967 2661 1101 2728 mnltnm
1121 2663 1196 2729 coeli
1211 2667 1285 2745 poet
1304 2667 1392 2746 terpa
1408 2662 1558 2742 relictam,

747 2774 834 2840 Ante
855 2775 958 2841 ocnlos
973 2775 1052 2856 plns
1074 2811 1117 2822 -

175 2932 320 3007 cerrreret,
342 2946 440 2993 cumn
461 2928 586 2994 tandem
607 2948 757 2996 aaarssns
774 2928 955 2994 nmmdatis
975 2949 1053 2995 snae
1067 2948 1190 3011 poenas
1210 2929 1302 2995 dedit.
1333 2928 1387 2994 Sic
1403 2928 1522 2994 nrriesi
1538 2929 1594 2994 isti
1610 2928 1757 3009 homines,
1776 2930 1832 3012 qni
1849 2931 2038 3012 affectatione
2054 2934 2193 3015 quadam

170 3044 372 3122 portentosa,
406 3039 492 3105 verbi
512 3039 578 3105 Dei
597 3040 715 3121 finibus
736 3061 797 3106 non
817 3041 964 3125 contenti,
997 3041 1033 3105 in
1054 3039 1255 3105 abditissima
1281 3045 1500 3107 sacrosanctae
1517 3042 1697 3119 ‚maiestatis
1719 3040 1784 3106 Dei
1805 3044 1954 3123 mysteria
1965 3052 2193 3127 perrumpant:

171 3155 343 3232 pestqnam
363 3171 398 3216 se
420 3152 477 3216 din
499 3154 592 3218 aenis
613 3153 686 3217 istis
713 3152 872 3218 mnatibns
899 3152 1011 3217 misere
1039 3157 1114 3217 totos
1136 3153 1369 3231 eemnciarnnt,
1398 3151 1480 3217 hnnc
1501 3153 1627 3217 tandem
1650 3152 1792 3218 laborum
1815 3173 1946 3220 morum
1966 3155 2104 3237 smctnm
2125 3177 2193 3224 con·

175 3269 359 3344 sepnnntnr,
381 3268 417 3328 nt
438 3285 535 3346 qaum
556 3265 630 3331 inde
643 3265 754 3348 pedem
770 3265 888 3347 referre
908 3264 1010 3343 velint,
1032 3263 1140 3329 nnllns
1155 3268 1266 3344 pateat
1282 3264 1402 3329 enites:
1423 3265 1486 3328 imo
1503 3265 1602 3329 caecis
1625 3264 1819 3347 ambapibns,
1841 3265 2101 3351 densissimisque
2116 3269 2193 3351 snti-

177 3374 256 3439 linm
279 3377 495 3458 qaaestionem
510 3377 624 3460 plapis
645 3377 777 3456 obsessi,
804 3377 891 3442 etde
909 3380 993 3441 statu
1015 3375 1139 3454 dimoti,
1169 3373 1307 3440 Satanae
1328 3375 1488 3458 seriisque
1511 3376 1581 3441 eins
1597 3376 1738 3458 praedae
1756 3375 1846 3457 finnt.
1894 3377 2034 3458 Qunam
2055 3381 2192 3462 enernplo

177 3488 296 3567 moniti,
323 3487 464 3567 Fratres,
487 3489 647 3554 discamus
667 3509 730 3554 non
744 3488 823 3570 plns
843 3508 953 3571 sapere
975 3508 1070 3570 qnam
1087 3492 1219 3570 eportet:
1239 3491 1267 3551 et
1287 3508 1367 3569 qnae
1387 3486 1607 3552 imbecillitatis
1625 3494 1748 3552 nostrae
1768 3492 1894 3568 captum
1915 3491 2071 3569 moednat,
2094 3511 2131 3556 ea
2152 3511 2192 3555 ne

177 3620 199 3664 a
225 3600 390 3665 divinitate
416 3601 491 3682 ipsa
522 3601 645 3665 edebas
679 3601 796 3666 nostris
826 3605 1007 3683 eaterqrcere
1033 3599 1261 3664 distendamus.
1313 3597 1439 3682 Erporre
1465 3598 1556 3681 (dicet
1578 3598 1709 3681 daea)
1744 3619 1766 3662 α
1788 3600 2007 3680 procidentiae
2027 3599 2094 3667 Dei
2120 3622 2190 3669 aon·

177 3711 370 3777 sideratienc
391 3713 576 3778 mertalcbrn
596 3713 632 3777 in
653 3713 836 3778 nniversam
853 3710 1072 3782 abstinendum
1092 3731 1158 3777 esse
1179 3709 1305 3776 censes?
1351 3708 1485 3775 Minime
1506 3729 1591 3774 vere:
1623 3710 1678 3775 sed
1700 3729 1798 3791 paam
1818 3709 1884 3775 Dei
1908 3710 2026 3794 Optimi
2048 3712 2191 3779 Maeimi

177 3822 308 3901 bonitas,
335 3825 513 3906 scrrptnras
529 3844 607 3889 snas
630 3824 678 3906 dn
699 3824 812 3905 qnibres
832 3823 914 3888 nihil
928 3844 1067 3905 merens
1088 3823 1170 3905 qnod
1191 3823 1272 3886 scire
1293 3825 1401 3886 nostra
1419 3822 1587 3901 hdmesset,
1609 3822 1760 3887 omissum
1776 3823 1834 3907 est)
1857 3823 2029 3889 immortali
2047 3824 2191 3906 beneficio

96 3930 106 3940 ’
176 3934 361 4000 evolvendae
380 3934 471 4000 nobis
486 3937 683 4016 permiserit,
710 3937 746 4001 in
766 3936 811 4001 iis
831 3955 888 4000 nes
908 3937 977 4001 dies
996 3938 1153 4015 noctesque
1173 3952 1386 4011 memorans,
1415 3938 1444 3997 et
1464 3953 1545 4015 qnae
1571 3934 1607 3998 in
1629 3935 1742 3999 occnlto
1762 3935 1923 3999 recondita
1945 3934 2106 4001 Dominae
2126 3956 2193 4002 esse

176 4045 284 4127 noluit,
305 4067 345 4112 ne
366 4051 556 4112 scrntemnr:
577 4068 657 4129 qnae
676 4069 748 4115 cero
765 4049 800 4112 in
823 4051 966 4129 opertam
980 4045 1124 4129 protulit,
1146 4066 1184 4110 ne
1200 4044 1401 4128 neplipamns.
1449 4044 1565 4111 Vernm
1587 4046 1735 4127 qnoniam
1751 4046 1915 4128 peculiare
1936 4048 2071 4129 spiritns
2092 4049 2194 4115 saneti

177 4157 294 4223 donam
317 4163 370 4238 est,
392 4179 431 4223 ea
451 4159 496 4224 iis
514 4158 596 4241 prsis
617 4160 786 4242 scripturis
807 4165 873 4224 tam
893 4158 1076 4241 difficilium
1093 4159 1308 4239 qaaestionmn
1332 4157 1379 4239 (nt
1400 4161 1474 4222 snnt
1489 4157 1526 4221 de
1537 4158 1822 4240 praedestinatione
1844 4163 1873 4222 et
1888 4159 2092 4240 previdentia
2113 4158 2192 4242 Der)

176 4288 294 4336 canses
316 4271 471 4353 nodosque
492 4271 637 4353 expedire
652 4291 757 4352 passe,
779 4270 859 4335 hnnc
879 4272 948 4335 eins
969 4269 1145 4354 arpnmenti
1164 4269 1309 4348 libellam,
1332 4269 1363 4333 si
1384 4269 1545 4351 lependnm
1563 4269 1651 4334 vobis
1668 4266 1849 4349 exhiberem,
1871 4289 1933 4334 nen
1949 4271 2110 4355 inpretnm
2126 4270 2194 4352 fere

176 4382 376 4446 existimari:
397 4381 518 4447 henan
535 4384 637 4462 enim,
660 4384 715 4448 secl
735 4383 888 4462 sebriam,
910 4383 964 4448 sm
979 4403 1101 4464 param
1120 4381 1157 4445 de
1172 4381 1465 4462 praedestinatione
1487 4380 1728 4462 disprdationem
1749 4381 1897 4446 continet:
1921 4386 1957 4445 nt
1977 4383 2134 4463 qnidqnid
2155 4382 2193 4448 de

177 4512 215 4559 ea
236 4493 357 4559 homini
379 4493 550 4560 christiana
571 4495 713 4579 copacsci
732 4494 786 4576 fas
807 4499 860 4573 est,
878 4494 950 4559 inde
970 4495 1057 4560 nnllo
1073 4495 1191 4576 nepotis
1204 4493 1339 4575 possitis
1356 4491 1471 4556 elicere.
1494 4491 1690 4558 Persuasum
1710 4493 1896 4557 enimvobis
1917 4513 1983 4559 esse
2003 4493 2193 4561 vehementer

177 4606 282 4687 capio,
314 4604 397 4670 nihd
417 4605 468 4672 hie
496 4605 536 4671 ab
563 4611 671 4671 antero
688 4606 844 4687 positam,
877 4601 958 4688 qaod
978 4626 1041 4671 non
1063 4625 1080 4670 e
1107 4624 1196 4671 sacro
1223 4603 1310 4670 aeti
1330 4603 1395 4669 Dei
1420 4603 1504 4685 sente
1525 4603 1675 4669 haeserit.
1723 4604 1870 4687 Quodsi
1893 4606 2117 4672 mnnnscnlnm
2137 4606 2192 4672 hcc

177 4722 318 4782 nodrnm
341 4723 469 4801 protam
497 4718 584 4784 cobis
604 4717 707 4799 fnisse
728 4717 918 4799 intelleecro,
946 4718 983 4782 in
1010 4717 1154 4783 divinam
1177 4715 1305 4781 Iesaiae
1327 4715 1531 4798 prophetiam
1551 4715 1691 4781 einsdem
1711 4716 1835 4781 autoris
1856 4720 2092 4800 commentaria,
2114 4737 2193 4800 pra-

170 4828 299 4913 pediem
320 4833 498 4912 apostate
551 4829 663 4896 Valde.
710 4827 862 4909 Genecae,
887 4833 917 4895 8.
941 4827 1007 4896 Gal.
1030 4827 1123 4894 Inlii.
1147 4830 1248 4892 1550.

335 4964 564 5033 Subiieinntur
585 4967 665 5033 huie
687 4966 882 5052 praefationi
900 4966 1096 5051 epigraphes
1123 4967 1194 5032 viee
1213 4965 1277 5030 due
1299 4964 1370 5032 leea
1387 4963 1484 5030 Rem.
1502 4964 1566 5030 IX.
1588 4968 1712 5030 11-16
1736 4972 1770 5032 et
1790 4968 1887 5033 Prov.
1911 4965 2023 5032 XXV.
2048 4967 2105 5043 27,
2134 4966 2192 5032 ubi

175 5081 337 5145 nimirum
359 5080 466 5144 versio
489 5079 630 5164 vulgate
648 5078 761 5144 habet:
785 5078 864 5160 Qui
886 5070 1098 5145 scrutator
1121 5088 1184 5144 est
1205 5078 1436 5143 maiestatis
1458 5080 1715 5161 opprimetur
1737 5101 1757 5143 a
1778 5078 1921 5161 gloria.
1958 5077 2025 5159 Qui
2043 5079 2192 5162 sequitur

174 5202 287 5258 textus
307 5212 382 5276 pag.
408 5194 513 5254 5-89
539 5191 651 5256 nullus
674 5191 759 5256 alius
781 5201 832 5256 est
854 5192 916 5256 nisi
940 5191 995 5255 ille
1016 5193 1086 5274 ipse
1107 5211 1206 5274 quem
1228 5190 1362 5255 exhibet
1383 5188 1494 5271 Caput
1515 5190 1602 5254 XIV
1624 5190 1855 5266 Institutionis‚
1879 5208 1921 5252 ex
1943 5209 1982 5254 ea
2004 5191 2191 5256 recensione

174 5303 422 5370 aaeuratissinre
443 5301 628 5386 descriptus
651 5323 750 5385 quam
772 5302 885 5368 eodem
909 5325 995 5368 anne
1015 5303 1061 5368 Ie.
1086 5301 1255 5370 Gerardus
1277 5300 1431 5366 ediderat.
1476 5300 1611 5383 Ineiplt:
1636 5300 1722 5365 Iam
1745 5320 1843 5365 vero
1864 5300 1966 5382 qued
1987 5322 2069 5370 non
2087 5301 2192 5384 apud
