4800 5902
231 270 297 343 279
1034 270 1100 336 Du
1121 267 1344 335 AETERNA
1366 266 1450 333 DEI
2189 271 2255 334 280

242 467 350 550 ipsam
373 460 509 528 dederat
529 456 762 560 possidendam
789 464 828 523 ut
849 477 905 523 eos
926 459 963 522 in
983 456 1142 541 populum
1165 456 1227 522 sibi
1278 477 1347 520 non
1373 476 1408 521 se
1435 456 1600 521 facturum
1622 454 1717 523 Deus
1736 457 1922 540 promittat,
1950 464 1988 520 ut
2014 457 2050 520 in
2069 460 2256 542 praeceptis

241 549 440 633 peculiarem
468 545 653 628 colligeret,
681 552 716 610 et
741 543 982 622 sanctuarium,
996 545 1021 622 ¹)
1044 542 1227 626 praesentis
1279 541 1348 608 suis
1369 539 1475 606 Israel
1499 541 1653 606 ambulet.
1667 545 1692 619 ¹)
1734 544 1797 622 At,
1820 543 1934 628 Pighii
1955 540 2091 620 iudicio,
2111 542 2257 610 Ioannes

241 656 321 701 suae
354 633 480 718 gratiae
513 630 740 696 testimonium
774 628 841 694 illic
875 633 948 707 [pag.
980 632 1033 707 50]
1066 634 1226 706 crexerat,
1280 624 1406 710 (1,12)
1434 625 1608 704 reclamat,
1640 624 1751 693 Deum
1779 628 1875 695 nobis
1900 635 2097 713 potestatem
2126 627 2256 696 dedisse

240 721 326 786 fines
348 719 430 783 istos
451 738 519 783 non
536 716 702 781 immerito
719 721 852 797 reputat
868 712 1039 796 propheta.
1073 711 1227 795 Denique
1278 712 1364 777 filios
1385 711 1450 775 Dei
1477 711 1559 776 ficri.
1603 711 1757 779 Primum
1781 715 1817 779 in
1844 737 1882 780 eo
1910 712 2134 779 hallucinatur
2153 714 2256 798 phre-

241 813 367 871 terram
378 801 518 869 canaan
539 823 599 885 pro
622 820 716 866 sacro
726 799 792 866 Dei
814 799 977 865 domicilio
1000 797 1109 878 habet,
1131 797 1227 863 ouius
1278 798 1406 863 uetiam
1428 797 1507 876 iste,
1534 795 1622 879 quod
1647 807 1843 881 potestatem
1871 800 1990 882 accipit
2014 820 2075 882 pro
2097 800 2256 867 facultate

242 889 450 956 habitatione
468 909 573 972 quum
592 887 744 971 privatus
761 885 845 951 foret
862 886 961 963 Esau,
984 883 1059 948 odio
1077 882 1227 948 habitum
1280 890 1338 947 aut
1363 882 1526 965 potentia,
1555 903 1658 965 quum
1685 889 1760 963 [pag.
1790 889 1842 964 52]
1870 885 2094 971 dignationem
2120 885 2257 953 honoris

241 975 381 1059 colligit:
404 974 561 1058 quoniam
579 978 725 1037 asancta
736 971 904 1054 electaque
921 969 1046 1034 familia
1058 967 1227 1034 abdicatus
1278 968 1389 1051 potius
1410 967 1582 1051 significet.
1626 968 1711 1035 Plus
1732 991 1832 1053 quam
1849 991 1994 1037 crassam
2016 992 2094 1037 vcro
2117 971 2257 1038 hebetu-

242 1069 330 1142 erat,
360 1060 400 1125 in
427 1081 493 1142 qua
519 1065 701 1142 perpetuus
729 1054 853 1121 residet
878 1056 944 1121 Dei
972 1075 1073 1120 amor.
1124 1054 1227 1119 Nobis
1280 1052 1390 1118 dinem
1412 1051 1537 1136 prodit,
1564 1053 1642 1118 dum
1662 1055 1756 1120 velut
1777 1055 1896 1122 clausis
1917 1056 2021 1122 oculis
2041 1056 2142 1122 huius
2164 1066 2258 1141 pote-

262 1167 371 1230 uoque
398 1143 561 1210 intuenda
588 1151 639 1209 est
665 1142 725 1207 illa
752 1148 860 1206 terrae
887 1141 1029 1224 qualitas
1057 1161 1154 1223 quam
1177 1138 1227 1203 illi
1277 1139 1373 1204 statis
1394 1159 1528 1204 causam
1551 1141 1708 1222 praeterit
1728 1140 1816 1207 clare
1836 1142 1877 1208 ab
1899 1141 2104 1293 evangelista
2120 1163 2258 1227 expres·

237 1169 333 1298 ireos
365 1229 549 1308 indiderat,
579 1235 619 1294 ut
646 1228 734 1313 pacti
756 1226 951 1311 spiritualia,
974 1247 1050 1292 oum
1070 1223 1228 1292 Abrahae
1279 1245 1358 1288 sam.
1398 1223 1503 1289 Filios
1524 1224 1589 1289 Dei
1610 1225 1682 1290 lieri
1701 1226 1879 1309 praedicat,
1902 1229 1959 1311 qui
2007 1228 2151 1294 hristum
2171 1229 2258 1295 rcci-

238 1318 367 1385 semine
389 1316 481 1394 initi,
510 1335 587 1380 arra
608 1311 769 1398 quaedam
792 1320 879 1378 esset
900 1311 954 1379 vel
975 1313 1104 1395 pignus.
1149 1311 1226 1376 Non
1277 1309 1389 1393 pinnt:
1434 1330 1551 1376 verum
1595 1309 1726 1376 eosdem
1770 1333 1848 1377 mox
1892 1335 1958 1379 non
2000 1334 2042 1378 ex
2084 1334 2184 1379 carne
2224 1322 2259 1380 et

242 1405 302 1470 abs
323 1424 360 1468 re
385 1422 464 1486 ergo
485 1399 613 1466 Paulus
642 1399 822 1483 gratuitam
850 1397 1043 1464 electionem
1071 1397 1107 1461 in
1128 1394 1227 1462 Iacob
1279 1393 1505 1485 sanguinibus,
1529 1395 1587 1460 sed
1610 1417 1652 1460 ex
1672 1395 1746 1463 Deo
1767 1400 1896 1482 genitos
1916 1420 1988 1465 csse
2010 1398 2098 1463 dicit.
2126 1400 2260 1485 Digna·

241 1497 350 1555 ratum
372 1488 474 1552 fuisse
495 1490 733 1552 commemorat
754 1483 866 1568 (Rom.
891 1487 921 1562 9,
947 1481 1017 1568 12),
1045 1482 1122 1565 quia
1142 1501 1226 1546 non·
1278 1487 1334 1545 tur
1355 1501 1434 1566 ergo
1456 1479 1639 1564 adoptionis
1661 1481 1786 1548 honore
1807 1483 1901 1550 Deus
1921 1484 1979 1570 qui
1999 1485 2034 1549 in
2056 1484 2163 1550 filium
2184 1506 2258 1552 ore-

241 1572 322 1639 dum
345 1578 460 1650 natus,
483 1572 605 1637 reiecto
627 1571 744 1649 fratre,
768 1568 810 1634 ad
828 1566 1018 1653 potiendam
1038 1566 1225 1633 haeredita·
1277 1566 1378 1646 dunt,
1402 1565 1460 1632 sed
1483 1587 1563 1649 quos
1584 1567 1676 1649 prius
1698 1569 1817 1653 spiritu
1838 1591 1897 1637 suo
1915 1580 2087 1654 genuerat:
2111 1571 2174 1636 hoc
2195 1579 2257 1652 est,

240 1665 309 1724 tem
328 1658 522 1724 destinatur.
553 1654 622 1722 Sed
639 1654 767 1722 Paulus
788 1655 879 1720 ultra
900 1655 1082 1719 etiamnum
1099 1653 1223 1736 pergit:
1277 1673 1358 1735 quoa
1381 1651 1444 1717 sibi
1466 1651 1609 1717 infilius
1626 1652 1791 1732 formavit,
1815 1677 1891 1743 suos
1909 1654 2042 1722 tandem
2060 1676 2132 1723 esse
2148 1654 2259 1723 decla·

237 1743 437 1829 dignitatem
458 1743 544 1808 hanc
567 1762 634 1806 non
658 1738 812 1824 operibus
833 1740 936 1805 fuisse
955 1746 1095 1822 partem,
1118 1759 1225 1821 neque
1277 1743 1339 1802 rat.
1384 1736 1472 1802 Nam
1493 1737 1523 1803 si
1544 1737 1631 1804 filios
1652 1738 1717 1804 Dei
1744 1760 1805 1806 nos
1827 1741 1935 1807 reddit
1956 1741 2052 1821 fides,
2075 1740 2164 1809 unde
2184 1744 2259 1828 ipsa

237 1851 377 1981 ltili
395 1834 567 1980 stipsi?
582 1823 1224 1995 ,titillatadimitti?
1275 1821 2259 1993 dbizdhfsltllztlll{initiabilis

346 1965 354 1982 ο
1215 1960 1223 1989 5
1623 1961 1632 1988 1

238 2009 417 2084 antequam
439 1998 517 2064 boni
539 1997 721 2081 quidquam
743 1996 798 2063 vel
814 1996 894 2062 mali
911 1996 1066 2080 egissent.
1095 1995 1223 2078 Itaque,
1276 1994 1429 2078 regignit.
1452 1993 1496 2057 111
1513 2014 1653 2074 summa,
1676 1997 1888 2064 verissimum
1904 2008 1956 2064 est
1972 1997 2054 2064 illud
2066 1999 2256 2084 Augustini,

235 2107 304 2152 non
336 2106 378 2150 ex
408 2084 582 2168 operibus,
610 2081 670 2149 sed
692 2103 734 2147 ex
756 2089 896 2148 vocante
917 2082 1100 2165 profectum
1122 2081 1225 2146 inisse
1278 2080 1347 2145 ecla
1376 2081 1485 2163 gratia
1511 2079 1698 2163 redemptos
1722 2080 1864 2149 discerni
1888 2106 1909 2149 a
1929 2084 2082 2168 perditis,
2111 2107 2194 2168 quos
2214 2085 2258 2151 ad

229 2171 408 2239 discrimen
430 2169 610 2236 constituit
1276 2163 1494 2249 perditionem
1527 2174 1741 2234 concreverat
1778 2168 1818 2234 ab
1857 2171 1985 2253 origine
2017 2169 2117 2237 ducta
2148 2192 2257 2238 massa

317 2257 386 2322 Hic
420 2254 583 2340 aPighio
612 2254 709 2321 nobis
736 2251 874 2319 rancida
895 2251 954 2317 illa
978 2251 1145 2318 distinctio
1167 2250 1224 2317 ob-
1276 2252 1471 2317 communie.
1515 2251 1613 2317 Unde
1634 2253 1792 2336 sequitur,
1814 2256 1956 2339 gratiaun
1977 2255 2042 2322 Dei
2061 2256 2256 2339 praedicari,

240 2342 402 2409 truditur:
441 2342 519 2407 Non
547 2340 681 2408 venisse
709 2338 843 2422 quidem
872 2345 1024 2404 anteacta
1055 2358 1157 2421 opera
1188 2337 1225 2402 in
1277 2358 1342 2420 qua
1374 2336 1544 2421 eligendos
1576 2338 1669 2415 facit,
1703 2359 1771 2403 non
1803 2339 1945 2406 invonit:
1979 2341 2258 2425 quemadmodum

241 2431 420 2506 rationem,
450 2447 535 2510 quac
557 2425 650 2490 nulla
672 2429 783 2502 erant,
813 2422 873 2488 sed
898 2425 1030 2489 firmam
1052 2422 1119 2488 Dei
1140 2422 1225 2489 elec·
1276 2421 1363 2487 idem
1392 2423 1523 2506 saepius
1550 2422 1743 2501 inculcat.²)
1788 2424 1899 2505 Adde,
1933 2427 2020 2510 quod
2053 2428 2082 2493 si
2113 2428 2193 2512 quid
2219 2427 2257 2494 in

239 2516 365 2580 tionem
386 2513 488 2578 irrisae
509 2512 546 2576 in
567 2510 683 2589 Iacob,
712 2509 805 2573 cuius
825 2506 926 2573 fidem
949 2517 984 2575 et
1004 2508 1223 2575 obedientiam
1278 2507 1391 2573 electis
1423 2510 1492 2574 suis
1524 2509 1696 2591 praevidet
1721 2508 1815 2577 Deus
1844 2533 1907 2595 quo
1940 2532 1960 2579 a
1991 2514 2139 2598 reprobis
2167 2515 2258 2580 isos

240 2600 335 2666 Deus
359 2596 584 2682 praevidebat.
629 2596 677 2661 Et
698 2595 854 2679 argutel)
877 2594 1002 2660 scilicet
1027 2596 1063 2660 in
1090 2594 1224 2660 nomine
1277 2592 1456 2672 discernat,
1490 2593 1608 2660 inscite
1638 2595 1765 2660 Paulus
1797 2605 1966 2681 argueret,
2002 2599 2080 2682 quia
2106 2535 2260 2665 nondum

238 2683 346 2750 Israel
362 2682 627 2767 philosophatur,
649 2678 737 2764 quod
758 2678 864 2745 aDeo
882 2677 1024 2745 videndo
1042 2681 1087 2745 sit
1104 2699 1223 2763 cogno·
1277 2685 1355 2747 tunc
1372 2679 1443 2743 nati
1461 2686 1556 2744 erant
1576 2680 1704 2759 tratres,
1727 2702 1769 2746 ex
1790 2692 1939 2764 vocante,
1962 2705 2030 2750 non
2048 2684 2259 2768 exoperibus

230 2773 394 2837 minatus:
431 2775 471 2832 ut
498 2767 641 2833 sciamus
667 2786 765 2833 veros
794 2764 929 2831 demum
951 2786 1022 2831 esse
1044 2764 1223 2846 Israelitas,
1276 2764 1378 2830 fnisse
1400 2764 1542 2830 dictum:
1564 2764 1673 2831 Maior
1694 2769 1817 2833 serviet
1837 2768 1968 2835 minori.
2002 2767 2115 2851 Quare
2137 2770 2260 2836 solutio

230 2857 289 3009 tt
310 2847 1224 3022 ⁹lrettulit},lltetlmtlltltllfflds
1276 2849 1416 3002 {itit
1439 2851 1787 3021 multatim:
1814 2855 2259 3008 ‘'llfillall‘tl'lll

228 3027 350 3095 oculos.
377 3025 492 3107 Atqui,
515 2989 697 3089 ridiculum
719 3029 778 3102 est,
801 3020 887 3106 quod
910 3022 990 3087 dum
1012 3022 1095 3088 alios
1110 3021 1224 3089 studet
1275 3021 1392 3086 haberi
1418 2991 1889 3109 operumrespectum,'q11ia
1914 3026 2012 3093 Iacob
2043 3027 2137 3093 Deus
2160 3028 2257 3093 fratri

231 3115 338 3179 iacere
382 3118 453 3176 tam
491 3109 712 3194 perspicaces,
760 3107 849 3192 talpa
888 3108 958 3192 ipse
995 3109 1121 3174 caecior
1160 3115 1220 3173 est.
1274 3106 1447 3191 praetulit,
1468 3115 1645 3190 autequam
1667 3111 1739 3174 nati
1760 3118 1887 3191 essent,
1916 3119 1950 3178 et
1971 3110 2151 3197 quidquam
2169 3115 2257 3198 egis·

227 3199 376 3267 Diversa
405 3195 496 3260 enim
524 3215 660 3278 prorsus
689 3199 722 3258 et
745 3193 890 3279 mologia
918 3215 938 3261 a
966 3193 1084 3279 Moyse
1110 3194 1221 3277 expri·
1275 3198 1350 3259 sent
1379 3191 1456 3258 boni
1482 3191 1535 3258 vol
1561 3193 1649 3258 mali.
1695 3194 1771 3273 Isti,
1799 3204 1880 3263 uta
1903 3203 1977 3277 [pag.
2002 3195 2151 3278 581Deo
2177 3198 2256 3284 eligi

225 3285 349 3353 mitur:
374 3280 461 3365 quod
484 3302 561 3347 cum
583 3279 702 3364 angelo
756 3280 787 3344 ei
804 3300 999 3364 congressus
1016 3280 1167 3363 superior
1185 3280 1221 3345 in
1275 3279 1458 3356 obtineant,
1491 3299 1573 3361 quos
1606 3279 1717 3362 eliqua
1744 3283 1918 3364 probitatis
1950 3292 2030 3348 nota
2060 3305 2081 3349 a
2108 3282 2256 3368 reprobis

229 3366 418 3438 certamine
441 3366 568 3433 fuisset.
613 3364 720 3431 Israel
741 3366 840 3445 enim,
870 3365 944 3431 Deo
966 3372 1144 3449 potentem,
1168 3364 1222 3432 vel
1275 3362 1441 3443 discernit,
1462 3363 1649 3447 praevideri
1671 3366 1865 3447 obtendunt,
1892 3368 1999 3451 qualis
2021 3370 2134 3434 futura
2154 3369 2199 3434 sit
2219 3371 2257 3435 in

229 3456 462 3522 dominantem
484 3452 558 3518 Deo
580 3459 684 3516 sonet.
1274 3448 1463 3532 recipienda
1484 3449 1538 3516 vel
1560 3452 1745 3534 respuenda
1766 3453 1874 3537 gratia
1894 3454 2052 3538 cuiusque
2073 3454 2255 3537 dispositio.

322 3537 391 3605 Sed
410 3536 539 3622 quibus,
562 3537 707 3614 obsecro,
726 3537 774 3603 ita
791 3537 913 3620 poterit
930 3537 1043 3604 oculos
1056 3537 1220 3621 configere
1275 3534 1373 3617 Quod
1395 3536 1423 3599 si
1445 3534 1621 3618 recipitur,
1650 3557 1705 3603 eos
1728 3537 1785 3620 qui
1806 3539 1973 3605 nihildum
1999 3539 2077 3606 boni
2104 3548 2255 3623 egerunt,

229 3628 284 3695 vel
321 3645 456 3702 eruere,
490 3630 529 3688 ut
564 3624 634 3688 eius
662 3622 805 3706 ineptiae
833 3644 900 3688 nou
930 3620 1219 3688 animadvertant?
1273 3641 1343 3686 non
1370 3627 1482 3686 temen
1503 3620 1598 3688 Deus
1627 3623 1844 3707 exoperibus
1867 3624 1907 3691 eli
1933 3645 1988 3690 ere
2010 3625 2152 3703 desinet,
2175 3628 2256 3709 quia

227 3712 317 3778 Boni
356 3708 535 3791 quidquam
567 3708 622 3775 vel
653 3707 733 3773 mali
771 3708 861 3792 ipsos
892 3708 1025 3787 fecisse,
1064 3727 1220 3790 quorsum
1275 3729 1316 3772 ex
1339 3707 1491 3790 operibus
1512 3709 1673 3790 praevisis
1694 3709 1824 3775 interea
1845 3646 2002 3791 pendebit
2023 3711 2147 3777 electio.
2190 3712 2255 3777 At-

230 3801 334 3880 negat
359 3794 497 3871 Paulus,
521 3793 587 3858 nisi
608 3800 647 3858 ut
666 3813 799 3859 omnem
820 3792 931 3858 meriti
952 3806 1138 3877 respectum
1157 3792 1221 3858 tol·
1272 3793 1338 3876 qui,
1360 3814 1463 3876 quum
1484 3793 1613 3860 Paulus
1633 3815 1694 3877 pro
1716 3796 1864 3862 confesso
1886 3804 2032 3863 sumeret
2051 3796 2138 3880 quod
2159 3797 2254 3863 bonis

228 3881 299 3947 lat?
344 3881 412 3944 imo
452 3879 518 3944 nisi
550 3885 589 3943 ut
650 3877 775 3943 raecise
807 3878 965 3959 affirmet,
1005 3879 1117 3945 Deum
1152 3899 1220 3944 uon
1272 3878 1346 3944 istis
1368 3877 1530 3962 theologis
1552 3887 1603 3945 est
1624 3879 1830 3961 incredibile,
1854 3902 1968 3948 omnes
1989 3904 2032 3948 ex
2053 3903 2157 3965 aequo
2179 3904 2254 3948 esse

231 3964 370 4033 aliunde
413 3983 590 4046 snspensas
670 3963 781 4029 buisse
808 3963 969 4043 rationes,
1009 3985 1112 4047 quum
1152 3971 1220 4028 tam
1273 3961 1442 4049 indignos,
1474 3983 1611 4047 aequam
1634 3972 1772 4031 naturae
1793 3967 1830 4031 in
1852 3968 2005 4033 omnibus
2025 3990 2098 4034 esse
2115 3988 2252 4051 corrup-

230 4051 403 4120 divorsum
426 4049 467 4114 de
489 4047 640 4133 gemellis
661 4049 820 4115 iratribus
840 4047 1001 4116 iudicium
1021 4049 1119 4115 tulit?
1144 4047 1220 4115 Scio
1274 4051 1413 4128 tionem,
1441 4069 1554 4115 secure
1581 4048 1660 4115 inde
1681 4052 1868 4131 constituit,
1895 4053 2005 4118 Deum
2024 4054 2169 4137 gratuito
2191 4075 2252 4120 suo

231 4160 329 4223 quam
353 4137 478 4201 tritum
500 4135 601 4200 fuerit
618 4134 778 4218 effugium
793 4133 897 4200 istud:
920 4136 1003 4202 scire
1021 4142 1134 4201 tamon
1150 4134 1219 4218 pri-
1271 4135 1437 4218 proposito
1459 4132 1580 4219 eligere
1603 4157 1815 4221 quoscunque
1836 4137 1943 4223 eligit:
1966 4159 2034 4204 non
2055 4158 2137 4222 quos
2158 4140 2252 4205 obse·

230 4246 325 4290 mum
351 4222 462 4301 velim,
486 4221 515 4285 si
536 4221 703 4286 communi
725 4227 864 4286 naturae
886 4221 991 4287 relicti
1009 4221 1220 4287 forentEsau
1271 4226 1409 4304 quantes
1431 4221 1500 4287 fore
1526 4219 1589 4286 sibi
1615 4221 1700 4288 filios
1725 4222 1926 4305 praevideat.
1971 4223 2124 4308 Denique
2145 4225 2252 4308 qualis

232 4318 266 4376 et
289 4307 406 4408 Iacob,
435 4306 515 4406 quid
536 4305 697 4372 bonorum
719 4327 855 4406 operum
883 4306 919 4372 in
947 4306 1089 4373 secundo
1112 4306 1219 4390 magis
1271 4313 1368 4405 extre
1395 4306 1460 4371 Dei
1489 4305 1682 4406 electionem
1709 4309 1753 4374 sit
1780 4309 1953 4375 hominum
1980 4317 2102 4375 natura
2122 4310 2250 4376 Paulus

234 4415 335 4546 llll
358 4392 1217 4564 ttllttdltldttttmimtl?1232?
1270 4390 1470 4562 titillat·
1485 4392 2251 4561 ftlsdllstllt‘dlmifflat‘

232 4565 360 4632 iissent.
404 4562 485 4628 Ideo
509 4562 677 4644 ambobus,
698 4564 808 4648 inquit
822 4562 974 4648 Pighius,
996 4563 1141 4630 flexibile
1162 4583 1217 4628 cor
1357 4562 1557 4648 Quanquam
1574 4561 1656 4628 haec
1673 4585 1734 4648 per
1750 4585 1786 4630 se
1803 4566 1882 4631 sads
1897 4565 1986 4632 clara
2003 4575 2095 4633 sunt:
2117 4566 2250 4651 longius

235 4651 350 4718 datum
372 4657 438 4726 est,
465 4655 504 4714 ut
531 4649 675 4733 gratiam
700 4656 837 4733 possent
858 4648 1025 4733 amplecti:
1055 4648 1113 4715 sed
1133 4649 1218 4714 alter
1271 4655 1385 4714 tamen
1411 4669 1471 4715 nos
1494 4647 1592 4715 Pauli
1619 4655 1794 4716 contextus
1821 4649 1920 4717 ducit.
1965 4649 2124 4734 Sequitur
2145 4653 2248 4718 cuim:

233 4736 337 4803 libero
365 4734 501 4800 arbitrio
529 4734 615 4817 quod
636 4741 767 4817 poterat
787 4734 908 4812 voluit,
936 4734 1021 4799 alter
1041 4734 1214 4802 recusavit
1274 4732 1365 4815 Quid
1392 4754 1472 4820 ergo
1502 4734 1669 4800 dicemus?
1707 4736 1868 4820 numquid
1894 4736 2057 4803 iniustitia
2083 4745 2135 4805 est
2161 4737 2249 4823 apud

235 4821 341 4904 Quasi
361 4843 428 4886 non
456 4819 541 4888 velle
571 4820 673 4885 etiam
695 4818 767 4886 dari
788 4819 916 4885 Paulus
937 4826 1089 4885 testetur:
1123 4819 1217 4903 quasi

1339 4971 1369 5040 1)
1387 4972 1462 5028 Aac
1489 4972 1515 5028 ss
1531 4971 1602 5029 n’est
1619 4974 1697 5043 point
1713 4974 1756 5043 icy
1774 4975 1899 5043 question
1911 4973 1991 5030 d’unc
2004 4973 2106 5030 iacultt
2117 4989 2247 5044 moranno

303 5044 334 5107 1)
354 5043 380 5097 le
402 5041 507 5111 temple
523 5046 552 5097 ct
568 5040 670 5097 l’arcbc
688 5041 723 5098 dc
740 5039 880 5098 l'sliiauce.
1270 5041 1338 5097 maia
1356 5039 1436 5096 d'une
1452 5049 1532 5098 verto
1549 5042 1676 5098 actualle

300 5109 391 5176 Mt
482 5116 511 5164 te
530 5148 668 5165 ......
682 5108 1216 5166 DeoscnatHaeeenoicaboaota
1340 5109 2248 5195 aunchmdadhaur.ea.9a-Epiralotadsixtun

232 5179 332 5250 gauto
350 5193 444 5251 remp
495 5179 501 5192 ⁸
882 5220 886 5227 .
1077 5204 1083 5212 ι
1271 5177 1332 5234 Lib.
1385 5184 1481 5235 contm
1496 5178 1630 5236 lulianum
1647 5195 1708 5249 cap.
1760 5186 1788 5236 ct
1805 5180 1864 5237 aliis
1880 5179 1956 5237 loeis.
