4680 5918
214 317 279 382 707
1124 307 1328 376 SERVE'I'I
2175 308 2237 373 708

213 503 305 584 ficere
331 499 545 566 heremidam?
595 500 679 567 Olim
705 500 742 565 id
768 499 890 583 licebat,
919 499 1017 563 Num.
1040 500 1095 562 35.
1140 497 1196 561 An
1247 495 1429 560 latronibus.
1479 493 1687 560 Destruemns
1725 495 1824 578 ipitnr
1861 494 2003 560 cicimtes
2030 489 2072 559 'ct
2099 493 2233 559 domos?

215 587 429 653 iudicabimus
459 606 542 652 ronne
555 586 580 670 ¹)
612 588 651 652 de
688 584 841 650 uteribus
875 584 1118 667 superinduat-is,
1158 584 1196 646 de
1247 581 1350 645 Absit.
1375 577 1431 644 En
1451 580 1578 644 iniuria
1599 580 1703 644 oritur
1723 581 1785 660 ins,
1808 580 1891 662 quod
1911 599 1975 645 non
1995 585 2042 646 est
2057 584 2230 662 penalem

214 672 349 752 eandm,
371 671 410 736 de
424 671 589 754 eelotppia,
607 672 804 754 deoceisi02)
823 672 954 748 invento,
973 671 1011 735 de
1021 668 1193 751 fupi'tiois?
1247 666 1317 732 lieet
1337 685 1377 731 en
1391 667 1512 748 pendi
1534 665 1691 730 occasione
1712 671 1870 732 nascatur.
1884 665 1909 747 ¹)
1931 664 1987 731 Ec
2005 670 2134 747 peccato
2151 664 2234 745 filio-

214 757 328 823 Deleta
349 761 393 822 est
418 760 481 821 toto
502 757 562 822 illa
583 757 688 823 Masis
703 757 835 839 politia,
855 761 890 820 ut
911 775 974 820 non
995 754 1085 820 lieeot
1106 753 1195 818 nobis
1248 772 1320 816 rum
1355 750 1461 816 lsrael
1490 751 1555 833 feeit
1580 756 1685 833 petere
1716 772 1833 834 repem:
1872 756 1900 816 et
1926 751 2141 816 nibilominus
2166 752 2234 816 sine

215 864 253 907 eo
273 862 354 924 quoe
376 841 531 907 destructa
552 849 628 907 sant
647 841 858 923 reaedificare,
880 846 953 906 teste
977 839 1089 905 Paulo.
1126 839 1196 902 Len
1241 841 1367 919 peceato
1399 838 1472 918 quis
1503 837 1547 901 ad
1578 857 1708 920 repnum
1734 837 1933 921 uocabitur.²)
1979 836 2050 901 Imo
2066 842 2234 916 marm

210 948 312 1012 puero
334 933 391 991 ant
421 947 510 991 servo
536 928 611 993 dota
644 933 758 1006 cessat,
791 926 845 991 ubi
873 947 911 990 en
937 946 1023 990 servo
1048 925 1086 1006 fit
1107 924 1194 1001 liber,
1247 928 1334 1001 esset,
1356 942 1447 1004 quem
1467 926 1608 988 uocatum
1629 923 1674 987 od
1689 925 1778 1007 repni
1795 928 1852 988 aut
1867 923 2078 1007 mapistratns
2097 922 2235 986 Marin-

215 1018 272 1078 ant
293 1033 315 1079 o
330 1032 431 1095 puero
453 1014 569 1078 transit
591 1015 627 1078 in
646 1015 760 1090 virum,
787 1031 808 1076 a
824 1012 1005 1094 poedopopi
1026 1016 1054 1074 et
1075 1009 1196 1075 dmnini
1246 1010 1437 1087 strationern,
1460 1028 1529 1073 eom
1539 1026 1694 1089 recusare,
1706 1009 1735 1091 8)
1757 1009 1789 1073 si
1805 1029 1843 1073 ea
1859 1008 1914 1074 oia
1924 1009 1968 1074 sit
1984 1028 2100 1073 mmen
2114 1006 2233 1072 (iniisti

209 1099 336 1182 prioris
366 1103 526 1178 exemptus
546 1104 704 1178 potestate.
753 1096 791 1161 Si
813 1097 969 1162 iudicium
992 1095 1074 1162 illud
1095 1094 1195 1176 infer·
1241 1098 1454 1178 prmnoturus.
1491 1093 1654 1158 Peccatum
1676 1096 1772 1159 etiam
1793 1093 1930 1160 sebditis
1951 1099 2038 1174 esset,
2061 1094 2148 1159 nolle
2167 1093 2233 1175 repi

215 1185 303 1249 nolis
323 1184 440 1264 martis,
463 1185 497 1248 in
519 1184 629 1248 Adam
643 1183 812 1266 prolatum
834 1187 879 1246 est
894 1201 956 1262 per
979 1180 1140 1246 Christum
1160 1179 1196 1242 in
1247 1179 1377 1245 obedire.
1424 1179 1498 1244 Non
1519 1185 1593 1244 sunt
1620 1180 1673 1245 illi
1699 1185 1790 1245 euna
1816 1179 1989 1259 ecclesiam,
2023 1200 2127 1261 quum
2153 1180 2236 1243 irater

216 1269 407 1335 euenum
428 1268 596 1348 sublatum,
617 1269 713 1334 mntto
734 1268 838 1351 mopis
850 1267 1004 1333 tolluntur
1017 1266 1076 1332 illa
1091 1265 1195 1330 Masis
1248 1266 1392 1331 ecclesiae
1409 1264 1547 1329 mnnbra
1564 1268 1742 1349 numerat⁴)
1757 1265 1881 1332 Paulus
1892 1270 2062 1346 potestates
2080 1271 2112 1330 et
2126 1265 2237 1349 puber·
2331 1289 2332 1295 ¹

216 1356 260 1420 ad
280 1359 407 1420 mortem
428 1355 558 1433 iudicio,
580 1355 624 1419 od
645 1361 764 1434 urnpus
785 1353 982 1417 correctionis
1002 1352 1106 1435 ripere
1122 1369 1195 1432 quo
1247 1356 1385 1428 notares,
1410 1355 1440 1414 1.
1466 1349 1535 1416 cor.
1561 1355 1614 1415 12.
1662 1351 1762 1435 Repes
1783 1351 1849 1416 oult
1874 1351 1918 1415 ad
1938 1351 2133 1434 apnitionem
2153 1350 2236 1415 acri·

215 1441 291 1506 darn
306 1439 444 1522 prolata.
490 1440 554 1504 Hie
576 1441 671 1513 cedes,
699 1443 818 1521 quana
839 1459 914 1520 erpa
935 1457 990 1501 nos
1011 1439 1053 1502 sit
1077 1434 1196 1502 Otristi
1248 1438 1324 1503 tatis
1351 1437 1472 1514 uenire,
1514 1441 1543 1501 ct
1577 1436 1722 1518 plodium
1758 1443 1890 1520 pestere.
1944 1437 2111 1518 Quamdiu
2138 1438 2238 1502 durat

215 1526 385 1591 clernentia.
432 1524 526 1588 Nihil
546 1526 599 1588 ille
620 1527 690 1590 suis
710 1544 772 1589 non
789 1524 948 1602 condonat,
976 1520 1196 1587 etoondonori
1248 1522 1400 1601 mundns,
1429 1522 1560 1587 velimus
1587 1522 1738 1602 nolimus,
1780 1524 1920 1606 cepimnr
1951 1523 2097 1588 ordinem
2124 1520 2238 1586 mundi

217 1633 239 1676 a
266 1610 355 1675 nobis
386 1611 455 1675 cult
487 1610 687 1676 iudicialium
708 1611 851 1693 riparem.
897 1608 935 1672 Si
961 1609 1014 1672 oui
1039 1609 1082 1672 sit
1107 1606 1197 1689 qnid
1249 1628 1381 1673 servare.
1417 1606 1566 1672 Iustitiae
1587 1612 1692 1673 auum
1712 1608 1984 1673 administratione
2004 1610 2153 1674 manime
2174 1627 2240 1672 ser·

217 1715 315 1778 qaam
336 1694 424 1776 furto
456 1695 625 1773 sublatum,
666 1716 728 1760 noa
755 1693 917 1760 concedam
951 1694 1089 1774 autpere
1123 1712 1198 1772 auu
1249 1697 1344 1757 catur
1371 1693 1447 1758 ordo
1473 1693 1593 1758 mundi.
1647 1693 1793 1775 Optimus
1819 1694 1872 1759 itte
1910 1695 1986 1759 orda
2014 1700 2076 1775 cst,
2117 1692 2240 1776 φασδ)

218 1780 378 1860 druplnm,
411 1785 467 1844 aut
487 1781 696 1862 quintuplum,
726 1785 762 1844 ut
788 1780 840 1845 leo
861 1778 950 1843 babet
971 1780 1104 1862 riporis:
1143 1776 1198 1840 sed
1250 1780 1338 1844 intus
1357 1779 1440 1843 docet
1461 1780 1610 1860 spiritus,
1638 1779 1695 1861 qni
1722 1783 1751 1844 et
1775 1779 1972 1845 reluctantem
1999 1799 2133 1845 earnem
2156 1776 2243 1844 colei·

221 1886 280 1931 suo
298 1885 364 1930 esse
382 1871 561 1945 canentum
583 1888 622 1931 ne
638 1886 708 1930 aem
725 1865 831 1929 aliena
848 1865 972 1928 iactura
990 1864 1196 1946 locupletetur,
1250 1865 1318 1929 bere
1340 1864 1430 1929 docet.
1477 1863 1539 1929 Sed
1560 1865 1716 1946 numquid
1737 1865 1896 1930 onidere?
1941 1865 2070 1931 Veritas
2093 1865 2164 1932 Dei
2186 1868 2239 1941 est,

219 1956 249 2015 et
269 1970 307 2015 ne
329 1951 422 2016 alteri
442 1951 550 2032 faeiat,
571 1952 652 2033 quod
673 1950 736 2016 sibi
756 1951 828 2021 deri
849 1950 937 2015 nolet.
948 1950 977 2031 Β)
1013 1948 1068 2013 Ita
1092 1947 1198 2013 Oloris·
1249 1955 1285 2014 ut
1305 1951 1449 2031 superior
1471 1950 1555 2014 docet
1574 1951 1715 2033 epistola,
1736 1951 1878 2034 ripidnm
1896 1949 1977 2016 dlied
1998 1952 2042 2016 od
2067 1956 2147 2031 [pag.
2164 1953 2242 2027 656]

218 2026 270 2101 lus
295 2036 381 2101 breui
408 2038 587 2118 compendio
612 2036 700 2101 nobis
725 2036 872 2101 conclusit
900 2035 1068 2101 iudiciolia
1090 2033 1198 2098 omnia
1250 2040 1377 2100 mortem
1408 2035 1564 2100 indicium
1595 2056 1662 2101 esse
1683 2055 1745 2116 per
1773 2034 1933 2102 Uteristnm
1959 2037 2151 2118 remissum,
2187 2035 2242 2100 abi

217 2121 304 2205 lepis,
325 2126 361 2185 nt
382 2142 439 2186 nos
459 2123 525 2204 ipsi
546 2123 646 2187 nostri
666 2123 786 2186 iudices
807 2122 918 2200 simus,
938 2121 1088 2203 facientes
1110 2119 1198 2197 aliis,
1249 2141 1321 2204 spes
1342 2126 1387 2185 est
1406 2121 1613 2186 correctionis.
1658 2121 1745 2186 Hine
1765 2122 1928 2188 odedterae
1949 2123 2050 2187 died:
2088 2123 2192 2201 Vade,
2215 2125 2242 2185 et
2331 2139 2332 2143 ’

217 2212 255 2271 ut
274 2206 365 2271 nobis
383 2206 457 2286 fieri
478 2208 633 2272 cellanus.
662 2207 869 2272 Ad-eundem
889 2207 1026 2285 modum,
1047 2212 1083 2270 nt
1101 2204 1198 2286 refert
1243 2205 1374 2289 postiae
1402 2227 1440 2271 ne
1461 2207 1648 2288 pumeeris.
1708 2206 1753 2271 Et
1785 2207 1863 2273 alibi
1895 2208 2026 2274 eonem
2070 2209 2125 2274 Ne
2160 2205 2242 2291 qnid

218 2291 373 2356 Irenoens
405 2292 456 2357 lib.
481 2299 504 2357 3
536 2297 675 2375 eap.12
713 2294 749 2357 in
782 2292 910 2356 coneilio
942 2290 1198 2372 Ierasdpmitono
1248 2293 1386 2358 steterim
1405 2283 1462 2356 tibi
1481 2293 1644 2375 continpat.
1678 2290 1781 2358 Sicuti
1800 2292 1898 2359 indes
1919 2294 1973 2360 ille
1989 2313 2166 2376 supremus
2184 2312 2242 2357 nos

217 2379 412 2457 seripserunt
429 2379 571 2460 pentibus
584 2378 725 2460 apostoli,
748 2377 888 2442 iudaieis
904 2376 1031 2442 omissis
1047 2377 1082 2441 id
1100 2375 1198 2440 obser-
1250 2378 1385 2461 eerripit,
1407 2382 1435 2442 et
1451 2383 1558 2457 nune,
1579 2382 1748 2458 amquam
1765 2378 1897 2445 occidam
1918 2379 1965 2444 ita
1984 2381 2096 2446 etalii
2114 2382 2242 2447 iudices

216 2463 364 2543 vandum,
384 2484 424 2527 ne
444 2463 522 2529 aliis
540 2465 640 2546 faciat
661 2463 739 2546 quid
746 2463 775 2545 ⁴)
798 2462 859 2527 sibi
878 2462 951 2542 fieri
973 2463 1080 2528 noliret.
1111 2460 1198 2525 Hinc
1248 2464 1351 2545 facere
1372 2462 1485 2529 debent.
1532 2462 1627 2529 Illud
1647 2483 1756 2529 cerum
1778 2469 1832 2543 est,
1859 2465 1943 2546 quad
1963 2467 2150 2533 correctione
2172 2484 2240 2530 non

220 2547 347 2614 Paulus
369 2550 430 2626 ait,
458 2549 554 2614 etiam
580 2550 728 2613 minimos
755 2549 791 2611 in
812 2548 938 2613 eeclesia
963 2568 1029 2613 esse
1058 2547 1101 2611 ad
1129 2547 1199 2612 lites
1250 2553 1425 2630 exspectato
1456 2548 1622 2614 Ananiam
1643 2554 1671 2616 et
1695 2547 1869 2633 Saplirom
1895 2551 2008 2617 coemit
2030 2551 2161 2632 Petrus,
2194 2549 2241 2615 ibi

217 2634 300 2699 inter
311 2633 511 2700 Christianos
528 2639 602 2714 [pag.
616 2640 692 2715 655]
714 2634 911 2699 dirimendas
929 2634 1063 2710 idoneos,
1084 2631 1199 2714 absque
1250 2637 1418 2701 morituros
1444 2635 1641 2716 praedicens,
1680 2636 1717 2699 in
1755 2637 1900 2702 criminis
1939 2637 2178 2703 detestationem
2215 2638 2242 2701 d

218 2719 349 2785 etimieis
371 2724 427 2782 aut
447 2722 593 2784 nnsoieis
615 2720 753 2786 indiciis.
797 2719 945 2782 Daturus
971 2725 1016 2783 est
1042 2717 1134 2782 Deus
1165 2721 1200 2780 nt
1250 2720 1388 2784 aliorum
1409 2720 1593 2800 eeernplrnn.
1638 2718 1706 2784 Aul
1726 2727 1819 2800 eerte,
1848 2722 1926 2802 qnia
1947 2723 2087 2803 spiritus
2107 2727 2241 2788 sanetus

218 2824 327 2868 ceram
348 2804 507 2868 ecelesiam
530 2805 645 2870 alicubi
667 2806 793 2871 tandem
809 2804 980 2869 uideamus.
1005 2803 1030 2867 I
1031 2804 1062 2868 bi
1079 2822 1200 2883 suuper
1251 2811 1320 2870 tum
1339 2805 1476 2870 manime
1502 2807 1623 2889 cipues,
1662 2827 1754 2887 quun
1781 2813 1976 2889 spreverant,
2014 2809 2148 2874 docebat
2176 2827 2241 2875 esse

219 2889 279 2953 erit
300 2895 416 2953 rectum
444 2890 612 2968 iudicium,
641 2890 696 2954 ubi
722 2891 782 2954 erit
803 2891 937 2970 spiritus
958 2889 1099 2954 Domini.
1144 2887 1200 2951 En
1251 2891 1493 2975 incorrigibiles,
1527 2893 1562 2955 in
1588 2891 1715 2956 malitia
1736 2892 1912 2958 obstinatos.
1959 2892 2027 2958 Hoc
2050 2897 2177 2960 cumen
2198 2896 2240 2969 est

218 2974 351 3039 indietis
370 2973 437 3038 illis
461 2975 538 3059 lepis
560 2975 698 3041 rationes
723 2975 850 3058 aliquae
872 2975 1073 3058 aollipuntur,
1103 2977 1138 3038 ut
1158 2974 1198 3039 de
1252 2981 1347 3041 morte
1374 2977 1560 3058 simpliciter
1591 2976 1730 3060 dipnum,
1765 2983 1793 3042 et
1825 2980 1911 3060 apud
1937 2978 2054 3058 Deum,
2088 2986 2118 3046 et
2154 2977 2241 3062 opud

213 3064 383 3143 parentum
404 3061 609 3139 ueneratione,
632 3061 670 3126 de
688 3081 720 3126 eo
748 3059 915 3141 quilebet
935 3080 1066 3124 onorem
1080 3060 1198 3141 patris,
1251 3062 1399 3127 turnines.
1445 3062 1489 3126 In
1520 3062 1597 3127 aliis
1629 3069 1733 3128 autem
1772 3064 1972 3145 criminibus,
2011 3067 2082 3130 ubi'
2102 3067 2241 3148 spiritus

218 3145 257 3210 de
274 3146 396 3228 cirpine
416 3146 543 3226 moleto,
574 3147 611 3211 de
639 3146 753 3212 damno
779 3145 859 3225 dato,
893 3151 922 3210 et
949 3146 1035 3225 aliis,
1065 3164 1200 3228 auorum
1251 3153 1381 3213 sanetus
1402 3148 1536 3227 speciale
1557 3147 1635 3229 quid
1655 3170 1717 3214 non
1738 3150 1833 3228 docet,
1865 3149 1946 3234 ibi⁶)
1968 3170 2031 3216 non
2054 3156 2102 3217 est
2124 3153 2237 3216 inacte

218 3232 302 3297 ratio
324 3231 461 3297 similem
483 3234 518 3297 in
540 3231 629 3298 nobis
650 3232 749 3298 locum
769 3229 867 3296 babet.
1252 3237 1325 3298 rata
1345 3232 1469 3298 malitia
1502 3239 1557 3299 aut
1578 3232 1742 3300 obstinatio
1762 3239 1846 3300 certa
1854 3235 1882 3319 ⁷)
1910 3256 1973 3301 non
1993 3243 2152 3319 apparu,
2186 3239 2241 3302 ard

1252 3320 1400 3385 atrocitas
1420 3339 1553 3402 meno,
1580 3322 1796 3387 correctionem
1816 3341 1878 3403 per
1905 3322 1991 3387 alias
2012 3324 2241 3406 matonam

1252 3424 1380 3487 sperare
1399 3406 1509 3486 petias
1528 3405 1688 3485 debenus,
1710 3426 1806 3488 quam
1826 3412 1953 3472 mern
1970 3408 2103 3489 inferre.
2153 3408 2240 3474 Iader

348 3486 583 3554 EPISTOLA
602 3485 833 3554 molesme
855 3486 1070 3555 SEPTIMA.
1252 3491 1452 3556 correctiones
1473 3491 1622 3556 exsilium
1643 3491 1822 3573 mudamus,
1846 3491 1971 3559 Girsu
1991 3494 2040 3559 ito
2056 3495 2239 3575 motatum,

789 3631 795 3638 .
1252 3582 1287 3641 nt
1308 3577 1578 3642 incommunicatio
1593 3576 1749 3659 probatur
1770 3579 1805 3643 in
1826 3578 1961 3644 ecelesia.
2005 3577 2240 3646 Seleismataet

307 3658 428 3725 Iruedit
453 3660 521 3724 iam
543 3659 682 3741 quaestio
704 3659 786 3738 alio,
812 3680 893 3741 pilae
913 3660 1083 3741 plerosque
1109 3658 1201 3723 bodie
1252 3663 1394 3728 laermes
1432 3664 1478 3727 ita
1514 3661 1606 3727 initio
1632 3663 1847 3746 puniebantur
1878 3664 2011 3730 durante
2044 3667 2240 3747 apostelicae

219 3749 352 3826 torquet,
395 3765 439 3810 an
471 3745 590 3810 lamini
629 3745 803 3811 christiano
847 3745 937 3810 liceat
979 3747 1201 3827 mapistratnm
1252 3749 1434 3813 trmlitionis
1465 3748 1602 3832 oestipio.
1648 3749 1711 3829 Qui
1742 3755 1831 3814 entra
1860 3749 1937 3830 fidei
1969 3753 2134 3834 nepotium
2168 3752 2238 3818 surrt

218 3831 778 3996 telmessenses·
796 3829 1201 3998 efflemssldbit
1250 3835 1434 3984 mg,
1454 3835 1716 3984 ,titt-'tt
1737 3834 2239 4000 ettttdtttt‘tt

224 3999 309 4081 Quid
337 3997 460 4082 ipitur?
504 3999 712 4065 Destruemns
740 4003 847 4067 omnia
889 4023 969 4084 quae
1004 4022 1043 4065 ee
1076 4006 1201 4084 peccate
1252 4006 1334 4070 sieut
1354 4004 1574 4070 haereditatem
1600 4005 1740 4071 dividere
1760 4026 1910 4071 remcsans
1930 4027 1990 4071 rien
2010 3945 2239 4090 nepacqffessc

84 4144 86 4147 ,
219 4085 318 4151 sant?
364 4083 427 4165 Qui
453 4082 508 4148 boc
537 4086 583 4149 ita
605 4086 714 4164 eredit,
741 4088 882 4152 ustulat
902 4109 935 4152 se
956 4089 1077 4168 ipsam,
1104 4106 1201 4168 qnam
1252 4091 1309 4173 qni
1334 4089 1544 4156 haereditates
1564 4091 1747 4156 diuiderent.
1793 4090 1874 4156 Sunt
1894 4092 1968 4158 bace
1988 4100 2127 4176 praeter
2148 4115 2238 4161 marr

219 4192 334 4254 eorpus
362 4190 457 4234 snum
495 4171 537 4234 sit
564 4189 676 4250 eorpus
710 4173 839 4251 peceati.
888 4172 1043 4239 Destruet
1074 4173 1200 4254 coelum,
1250 4178 1327 4260 petii
1347 4177 1573 4256 ministerium,
1611 4176 1692 4240 sient
1723 4176 1861 4257 artificia
1889 4179 1995 4258 caria,
2034 4199 2102 4244 non
2134 4185 2241 4248 caretro

220 4257 303 4341 quod
318 4261 445 4340 peccato
465 4259 513 4320 est
527 4256 692 4338 pollutum.
736 4256 892 4322 Destruet
912 4263 1042 4338 terrarm
1065 4279 1145 4340 quae
1165 4257 1200 4322 ob
1252 4263 1455 4346 eoonpelinm.
1501 4261 1635 4327 Praeter
1662 4263 1856 4346 eronpelinm
1884 4269 1937 4343 est,
1970 4266 2114 4331 nrilitari
2143 4285 2241 4333 marcu

214 4349 377 4427 peceatum
411 4341 536 4424 profert
563 4343 682 4423 spinas.
733 4341 789 4406 Ee
810 4347 938 4421 peccato
974 4344 1039 4423 fnit
1074 4345 1201 4409 urbium
1253 4348 1331 4414 bona
1352 4354 1408 4413 tua
1429 4354 1459 4414 et
1479 4354 1613 4426 taonem,
1646 4368 1684 4414 ac
1704 4350 1803 4414 citam
1824 4350 1938 4430 ipsam
1971 4357 2082 4417 eontra
2110 4373 2242 4437 prasea-

221 4429 416 4525 oeditteotio,
433 4433 461 4525 et
478 4427 543 4526 tuit
564 4447 644 4508 opus
667 4427 757 4494 Ooin.
804 4426 842 4493 Si
863 4427 973 4526 Adam
999 4449 1062 4494 non
1077 4450 1202 4511 peccas·
1252 4439 1348 4499 torem
1367 4434 1538 4516 defendere.
1583 4433 1726 4499 Iudicem
1752 4438 1787 4498 tu
1813 4436 1898 4518 apis,
1925 4456 2023 4518 annm
2044 4437 2135 4505 desit
2156 4440 2242 4507 olins

220 4519 282 4592 set,
309 4534 363 4579 nee
387 4513 579 4591 suarem,
608 4535 662 4581 nec
689 4513 832 4581 domibus
859 4514 1086 4597 indeperemus,
1121 4537 1202 4598 puae
1252 4521 1356 4586 iudea.
1407 4519 1532 4584 Milites
1567 4519 1610 4584 od
1650 4517 1809 4585 Obristum
1842 4541 2049 4605 praeparans
2090 4525 2246 4606 Ioamres,

221 4619 279 4665 nos
299 4603 495 4682 preleperent
532 4598 571 4663 ab
606 4600 777 4685 iniuriis⁵)
805 4599 894 4680 coeli,
934 4599 973 4665 ab
1007 4601 1145 4667 hostibus
1173 4607 1201 4666 et

290 4803 322 4870 1)
340 4802 415 4858 Add.
439 4801 520 4856 Md:
550 4804 584 4860 de
603 4803 719 4872 leprosis
736 4809 806 4862 sieut
822 4814 888 4862 tunc
905 4805 1093 4862 iudicabitur?
1132 4806 1201 4862 Nus·
1324 4808 1353 4876 l)
1373 4808 1482 4864 oriatur.

221 4890 302 4943 quom
320 4879 384 4928 sunt
399 4887 472 4926 nunc
491 4872 566 4940 signs
583 4871 631 4927 illc
667 4889 718 4930 aee
736 4884 800 4931 tunc
817 4875 962 4930 exstabant
980 4876 1061 4931 otiam
1078 4877 1106 4930 ia
1121 4875 1200 4930 vesti·
1323 4877 1353 4943 2)
1373 4877 1529 4931 vocabatur.

221 4943 320 4998 busct
336 4941 494 5010 pafietlbus.
529 4948 572 4995 An
591 4943 613 4997 s·
643 4943 767 5001 ”modo
785 4945 964 5001 iudicabimus
981 4959 1053 4999 nunc
1072 4985 1078 5000 .
1097 4984 1131 4999 ..
1322 4946 1354 5014 3)
1372 4947 1417 5014 qui
1434 4952 1546 5000 vocotus
1563 4984 1672 5002 .....
1690 4953 1837 5003 recusaret.

289 5008 440 5145 7138170·
1322 5014 1354 5151 il
1371 5020 1503 5137 effla

291 5143 323 5211 4)
340 5145 442 5201 faciam
459 5144 540 5214 quod
1323 5151 1353 5218 6)
1369 5099 1426 5206 (ibi.

292 5212 323 5281 5)
340 5214 445 5269 imario.
733 5266 735 5269 .
1324 5220 1355 5290 7)
1374 5226 1456 5275 corta.
