4702 5926
123 311 186 374 bb?
882 301 1145 371 momnis
1167 301 1380 369 suevum.
2071 306 2135 368 558

123 494 307 577 scripturae
347 490 544 563 testimoniis
582 488 827 573 comprobatum
863 489 931 553 iam
961 488 1040 554 olim
1072 498 1106 554 et
1157 488 1262 553 literis
1288 489 1316 553 si
1363 489 1486 567 ificata)
1513 491 1671 556 iudicium
1699 512 1719 555 a
1746 490 1840 555 nobis
1866 510 1933 554 non
1959 490 2136 572 requirere,

123 600 213 646 nunc
241 599 312 644 esse
341 585 486 658 constat,
519 584 556 640 ut
587 574 645 658 qui
673 573 845 641 addubitet
872 594 949 639 cum
976 574 1110 639 ratione
1157 573 1244 656 quod
1266 594 1322 639 ecc
1335 576 1422 641 esiae
1444 585 1576 643 vestrae
1598 570 1758 642 ministris
1780 574 1922 654 diffidat,
1950 573 2006 640 sed
2029 577 2137 660 potius

122 664 278 732 insaniat
322 662 392 730 Nos
412 663 486 728 ideo
504 661 696 745 simpliciter
717 677 751 725 et
767 659 980 739 concorditer,
1002 661 1049 724 ita
1066 667 1105 724 nt
1157 667 1195 723 nt
1216 667 1368 724 nostrum
1390 682 1518 744 quoque
1541 662 1651 727 dehis
1673 683 1737 727 non
1761 662 1886 727 nesciat
1907 660 2074 726 iudicium.

12 786 16 795 ·
123 751 192 817 iam
213 751 441 832 exposuimus,
474 749 614 812 firmiter
641 746 821 825 credimus,
855 754 889 811 et
910 746 946 809 in
968 745 1105 812 eeclesia
1242 744 1348 810 Porro
1366 748 1527 828 quomodo
1545 747 1738 831 Amplitudo
1756 755 1866 813 vestra
1883 755 2031 813 coerceat
2048 747 2137 814 hunc

123 834 202 903 fidei
221 843 352 901 nostrae
374 831 560 900 concredita
581 831 820 914 praedicamus.
1156 828 1339 909 hominem,
1368 833 1425 914 qui
1453 834 1531 897 olim
1554 834 1595 898 ab
1617 834 1755 899 ecelesia
1777 855 1836 916 per
1858 832 2037 915 scripturas
2059 854 2137 899 con·

210 921 341 986 Rursus
369 939 448 1003 ergo
474 917 687 1002 blasphemus
716 919 752 982 in
773 917 839 982 Dei
860 916 966 982 filium
988 914 1104 999 depre-
1156 916 1260 982 victas
1280 924 1313 981 et
1335 916 1509 984 damnatas
1529 919 1682 984 haereses
1705 927 1849 997 renovat,
1873 939 1910 985 ac
1931 920 2038 1002 prima
2059 918 2137 984 fidei

124 1007 282 1073 henditur
304 1005 479 1082 Servatus,
503 1005 558 1087 qui
580 1003 674 1068 illam
695 1003 893 1069 ab-aoterno
915 1001 976 1067 filii
998 1002 1103 1086 hypo·
1156 1012 1287 1067 nostrae
1309 1002 1407 1069 firma
1428 1007 1535 1087 capita
1556 1015 1734 1089 oppugnat,
1757 1004 2041 1087 oppugnandoque
2062 1004 2136 1070 Deo

123 1094 229 1159 stesin
251 1093 465 1157 exsistentem
492 1098 526 1154 et
551 1090 638 1172 patri
672 1088 918 1154 coessentialem
948 1096 982 1153 et
1011 1108 1103 1153 eoae·
1156 1095 1191 1151 et
1211 1088 1334 1153 sanetis
1352 1091 1423 1154 eius
1442 1092 1655 1169 conviciatur,
1677 1100 1807 1156 vestrae
1824 1090 2020 1173 prudentiae
2038 1092 2137 1155 aesti-

123 1178 297 1262 qualemn)
318 1176 513 1242 diabolicam
535 1175 659 1252 ideam,
680 1181 714 1240 et
734 1173 917 1240 fabulosam
938 1173 1103 1257 quandam
1156 1171 1316 1237 mendum
1337 1174 1564 1258 relinquimus.
1609 1175 1648 1242 Si
1671 1198 1737 1242 non
1766 1176 1851 1241 fallit
1873 1197 1933 1240 nos
1956 1175 2136 1242 similitudo

123 1263 334 1329 Chimaeram
364 1261 542 1327 oonvIciari
572 1265 648 1339 [pag.
671 1264 745 1339 lae]
768 1280 836 1323 non
858 1270 999 1326 veretur.
1044 1260 1103 1324 In·
1155 1259 1313 1344 nominis,
1347 1262 1453 1326 movit
1486 1262 1540 1328 hio
1573 1262 1732 1328 Servatus
1763 1262 1826 1329 hoc
1857 1263 1977 1346 ingens
2010 1262 2135 1327 malum

122 1369 221 1432 super
249 1368 395 1413 asserere
423 1345 536 1425 audet,
565 1345 743 1429 corporalis
764 1344 825 1410 filii
850 1350 979 1428 patrem
1002 1344 1103 1410 alium
1156 1353 1232 1410 ante
1260 1366 1364 1410 annos
1391 1347 1524 1431 viginti,
1553 1356 1691 1414 conante
1719 1357 1789 1412 tum
1818 1348 1931 1413 beatae
1957 1348 2135 1412 memoriae

121 1455 190 1499 non
208 1454 280 1499 esse
297 1433 404 1497 ullum
421 1453 520 1516 quem
539 1433 649 1514 ipsum
667 1432 777 1495 Deum
793 1439 931 1514 patrem,
950 1452 993 1496 ex
1010 1431 1102 1496 anius
1155 1430 1298 1495 Domino
1325 1430 1475 1497 Iohanne
1498 1431 1751 1517 Oecolampadio
1779 1436 1887 1516 ipsum
1915 1432 2072 1498 reducem
2100 1434 2135 1500 iu

122 1519 309 1586 substantia
329 1539 405 1585 caro
427 1518 487 1582 filii
510 1523 621 1592 natab)
642 1517 694 1581 sit.
738 1516 855 1600 Longe
877 1516 973 1581 aliter
994 1514 1103 1580 docuit
1153 1516 1253 1580 viam.
1298 1518 1349 1582 Ac
1377 1527 1448 1582 tum
1476 1539 1603 1602 quoqne
1631 1519 1779 1585 doctrina
1801 1517 1933 1585 Serveti
1955 1518 1996 1582 ab
2017 1519 2058 1582 iis
2079 1519 2135 1600 qui

122 1605 234 1672 dootor
266 1605 446 1688 gentiumc)
477 1602 622 1680 Paulus,
657 1602 767 1685 (Rom.
805 1606 832 1680 l,
861 1602 897 1685 3)
929 1601 985 1685 qui
1018 1601 1104 1666 dixit
1154 1602 1252 1683 primi
1274 1601 1363 1668 hisce
1385 1605 1805 1690 regionibus-evangelium
1821 1604 1947 1670 Christi
1968 1603 2137 1686 praedica·

121 1690 227 1758 filium
249 1691 316 1756 Dei
336 1691 487 1775 genitum
513 1689 615 1754 husee
641 1688 831 1753 exsemine
853 1687 964 1753 David
986 1707 1102 1753 secun·
1154 1696 1241 1763 runt,
1265 1687 1482 1755 condemnata
1503 1690 1574 1756 fuit.
1618 1690 1680 1756 Ille
1702 1711 1783 1755 vero
1808 1691 1861 1756 sui
1881 1711 2001 1767 sensus
2023 1698 2135 1767 anax,

122 1778 201 1842 dmn
223 1796 371 1854 carnem,
397 1784 431 1840 et
452 1774 653 1841 declaratum
674 1773 781 1839 filium
802 1773 867 1839 Dei
893 1775 930 1837 in
955 1773 1103 1857 potentia
1154 1772 1259 1837 nihilo
1280 1774 1392 1839 minus
1415 1795 1501 1840 anno
1527 1782 1623 1855 1531,
1655 1778 1785 1843 curavit
1812 1775 1865 1841 edi
1898 1777 1932 1841 in
1955 1775 2136 1851 Germania

122 1869 157 1929 et
178 1863 296 1945 spiritu
318 1861 583 1927 sanctificationis
604 1868 666 1926 ete.
732 1938 734 1943 Α
1155 1867 1280 1940 septem
1314 1857 1415 1925 hbres
1449 1861 1490 1925 de
1523 1862 1694 1927 Trinitatis
1723 1861 1904 1940 erroribus,
1945 1865 1989 1925 et'
2012 1860 2136 1943 aliquot

209 1947 386 2013 Caeterum
408 1966 467 2012 cur
488 1945 619 2029 singula
640 1945 737 2012 istius
754 1944 938 2028 blasphemi
955 1943 1102 2011 'hominis
1154 1941 1314 2027 dialogos:
1336 1946 1453 2027 quibus
1471 1946 1608 2013 dubium
1631 1969 1698 2013 non
1720 1957 1771 2013 est
1788 1947 1998 2030 quamplures
2015 1966 2134 2028 parum

122 2032 315 2117 recolligere
331 2030 564 2116 pergeremus?
610 2030 700 2097 Satis
718 2029 893 2114 diligenter
911 2038 945 2096 et
961 2030 1102 2095 fideliter
1154 2031 1350 2096 exercitatos
1367 2031 1403 2095 in
1421 2033 1601 2116 scripturis,
1620 2044 1653 2098 et
1671 2034 1869 2098 infirmiores
1885 2034 1920 2097 in
1943 2031 2018 2112 fide,
2039 2052 2135 2114 prae·

122 2140 273 2185 enormes
300 2119 424 2201 aliquot
450 2117 545 2183 istius
567 2138 710 2195 errores,
740 2127 773 2181 et
794 2126 926 2199 apertae
948 2116 1101 2181 haereses
1153 2116 1267 2198 cipites
1295 2122 1385 2181 actos
1413 2118 1450 2182 in
1471 2140 1574 2203 grave
1596 2140 1698 2201 quum
1719 2119 1906 2184 animarum
1928 2125 1999 2182 tum
2020 2137 2135 2199 corpo·

121 2206 324 2289 eollegenmt
353 2203 509 2269 ecclesiae
541 2212 670 2269 vestrae
703 2208 851 2284 pastores
883 2212 917 2268 et
943 2201 1100 2279 doctores,
1152 2223 1228 2266 rum
1250 2200 1435 2268 discrimen.
1480 2203 1556 2285 Quo
1579 2212 1690 2270 tamen
1712 2204 1792 2269 adeo
1814 2223 1881 2268 non
1903 2203 1966 2266 fuit
1986 2203 2134 2280 satiatus,

122 2312 161 2356 eo
193 2291 316 2373 scripto
354 2291 408 2356 cui
446 2288 581 2354 titulum
613 2289 852 2371 praefixerunt:
897 2284 1100 2367 Sententiae,
1153 2297 1195 2350 ut
1217 2287 1313 2352 modo
1341 2289 1466 2355 recueis
1492 2290 1770 2373 pestilentissimis
1797 2289 1962 2355 erroribus
1990 2297 2025 2351 et
2045 2287 2134 2352 blas·

123 2376 177 2443 vel
196 2376 434 2461 propositiones
453 2382 626 2456 excerptae
648 2396 691 2439 ex
711 2373 807 2439 libris
827 2371 1000 2438 Michaelis
1022 2371 1102 2438 Ser·
1152 2370 1295 2455 phemiis
1320 2393 1390 2438 non
1422 2376 1578 2455 ferendis,
1607 2378 1820 2459 semetipsum
1848 2377 1884 2438 in
1910 2376 1956 2438 im
1980 2374 2080 2438 ietate
2101 2381 2135 2438 et

121 2463 198 2530 veti.
243 2463 311 2527 Eas
330 2481 391 2526 neo
412 2481 472 2544 per
492 2460 693 2527 calumniam
719 2466 891 2541 excerptas
913 2458 1101 2524 invenimus
1153 2457 1356 2542 blasphemie
1382 2482 1553 2544 superare,
1580 2470 1616 2526 et
1643 2462 1926 2546 corruptissimam
1951 2395 2134 2525 doctrinam

122 2556 179 2614 ant
207 2549 430 2631 consignatas,
463 2567 526 2612 nee
558 2545 633 2610 illas
662 2543 732 2609 ulla
757 2544 886 2609 ratione
913 2544 1100 2627 recipimus,
1152 2544 1214 2609 sub
1254 2546 1395 2628 specieb)
1427 2548 1660 2613 Restitutionis
1699 2546 1937 2613 christianismi
1977 2544 2134 2611 ecclesiae

122 2642 181 2699 aut
223 2633 459 2716 approbamus,
503 2630 562 2696 sed
600 2649 812 2695 exsecramur
840 2629 958 2713 potius.
1012 2630 1100 2695 Nam
1152 2629 1328 2696 obtrudere
1359 2642 1483 2718 pergat.
1533 2634 1643 2699 Multa
1676 2654 1754 2716 ergo
1788 2633 1853 2698 fide
1887 2651 1925 2696 ac
1961 2630 2134 2714 diligenda

122 2717 284 2787 Servatus
306 2718 609 2801 responsione¹sua
637 2735 716 2780 mox
738 2716 884 2781 sublecta
895 2722 923 2791 d)
954 2736 1026 2780 rem
1048 2716 1100 2780 in·
1151 2724 1267 2781 eontra
1288 2716 1379 2783 hunc
1400 2739 1482 2801 opus
1504 2740 1576 2785 esse
1593 2719 1791 2786 iudicamus:
1814 2718 2009 2801 praesertim
2030 2736 2133 2798 quum

122 2804 241 2885 volvit,
273 2824 342 2869 non
369 2801 563 2886 explicavit:
603 2801 789 2884 depravatis
822 2800 955 2867 interim
987 2802 1100 2867 multis
1151 2801 1308 2868 ecelesiae
1329 2811 1459 2870 nostrae
1482 2808 1555 2884 [pag.
1578 2810 1651 2885 130]
1674 2803 1761 2889 apud
1782 2812 1912 2869 exteros
1929 2802 2017 2868 male
2039 2799 2134 2866 andi·

120 2899 270 2957 veterum
291 2888 331 2955 de
348 2889 507 2965 unitates)
529 2896 563 2954 et
584 2889 733 2952 trinitate
744 2885 819 2965 Dei,
843 2886 947 2970 deque
963 2886 1024 2952 filii
1033 2887 1100 2953 Dei
1152 2895 1211 2952 ant
1232 2889 1326 2971 qnasi
1343 2888 1528 2958 haereticae
1549 2893 1624 2971 sint,
1647 2898 1682 2956 et
1702 2890 1876 2956 haereticis
1897 2888 2039 2954 faveant
2063 2885 2133 2952 Ob-

120 2978 279 3062 mysterio
317 2975 498 3040 sententiis.
553 2971 594 3039 Id
632 2972 720 3056 quod
758 2973 902 3039 ministri
942 2973 1099 3040 ecclesiae
1152 2973 1230 3038 tulit
1256 2995 1335 3040 vero
1361 2977 1395 3040 in
1427 2978 1592 3060 praesenti
1621 2986 1735 3043 sancta
1756 2975 1822 3042 Dei
1848 2974 2057 3060 providentia
2078 2992 2133 3039 oc-

36 3139 41 3146 ,
119 3072 248 3129 vestrae
270 3061 350 3127 satis
371 3080 450 3142 pers
472 3061 545 3126 ioue
578 3060 727 3144 opposita
752 3060 964 3141 responsione
992 3060 1099 3125 evice-
1151 3061 1317 3126 casionem
1339 3063 1541 3148 repurgandi
1563 3084 1623 3128 vos
1645 3063 1800 3129 simulac
1817 3083 1877 3127 nos
1896 3082 1916 3127 a
1934 3081 2037 3143 prava
2054 3058 2133 3123 mali

119 3158 208 3215 runt.
252 3145 390 3230 Replica
412 3081 472 3212 vei
487 3145 637 3221 soholintl
658 3145 806 3223 Servati,
836 3156 968 3228 praeter
989 3153 1099 3211 extre-
1151 3144 1252 3211 huius
1274 3149 1472 3230 suspicione:
1499 3149 1528 3215 si
1550 3149 1702 3216 videlicet
1719 3148 1896 3232 vigilantes
1916 3146 2060 3223 fueritis,
2083 3143 2133 3208 di·

119 3255 210 3300 mam
241 3231 497 3315 impudentiam,
530 3243 564 3297 et
597 3232 746 3298 convicia
773 3230 858 3308 dira,
891 3251 1010 3314 parum
1042 3239 1100 3295 aut
1150 3231 1356 3316 ligenterque
1383 3235 1537 3301 caveritis
1566 3256 1609 3299 ne
1636 3236 1756 3302 veneni
1778 3234 1876 3298 huius
1898 3232 2050 3314 contagio
2073 3249 2133 3311 per

119 3319 204 3386 nihil
236 3319 368 3385 habent.
436 3319 546 3384 Toties
581 3319 670 3383 emm
700 3315 784 3381 illud
815 3337 913 3382 snum
943 3316 1099 3382 Mentiris
1150 3315 1239 3384 huno
1260 3327 1371 3403 serpat
1392 3320 1502 3387 latius.
1546 3318 1586 3384 Id
1614 3319 1700 3403 quod
1722 3321 1865 3384 facturos
1886 3321 1926 3382 A.
1951 3317 1992 3382 V.
2001 3322 2026 3392 a)
2047 3313 2133 3379 nihil

121 3403 260 3472 Oulvino
285 3405 456 3489 impingit,
480 3405 577 3470 toties
597 3423 748 3487 magum,
777 3410 812 3466 et
831 3402 1000 3469 Simonem
1029 3423 1099 3468 ma·
1151 3401 1350 3470 dubitamus.

121 3511 201 3575 gum
228 3490 437 3569 criminetur,
473 3499 511 3555 ut
536 3490 725 3553 meminisse
752 3488 864 3571 pigeat
895 3507 933 3554 ac
961 3487 1098 3570 pudeat:
1237 3489 1403 3557 Dominus
1420 3491 1516 3557 Iesus
1535 3489 1689 3557 Christus
1707 3490 1854 3557 conserat
1870 3488 1986 3570 pietati
2002 3494 2132 3554 vestrae

119 3575 315 3659 praesertim
334 3596 437 3659 quum
460 3597 513 3641 res
530 3576 602 3658 ipsa
619 3573 748 3650 clamet,
771 3582 806 3638 et
827 3572 951 3658 scripta
969 3573 1100 3638 Servati
1154 3575 1393 3658 sapientiamet
1409 3575 1644 3655 fortitudinem,
1657 3577 1757 3655 viam,
1776 3575 1936 3640 rationem
1954 3573 2134 3639 atmodum

120 3661 298 3745 diligenter
319 3681 462 3743 expensa
483 3666 662 3738 testentur,
690 3658 776 3723 nihil
803 3659 1002 3725 confinxisse
1023 3657 1101 3723 cal·
1152 3663 1278 3728 iustum
1309 3660 1450 3729 faciendi
1474 3660 1679 3728 voluntatem
1707 3660 1843 3727 eiusad
1866 3661 2005 3745 gloriam
2028 3658 2133 3724 nomi-

119 3748 252 3815 viuum:
282 3745 460 3812 Servatum
479 3746 586 3828 potins
608 3766 648 3812 ea
669 3765 752 3827 quae
774 3744 871 3823 dixit,
900 3765 1014 3810 rursus
1042 3765 1100 3809 ne-
1154 3749 1206 3814 nis
1227 3747 1345 3830 ipsius,
1369 3759 1402 3816 et
1424 3747 1466 3813 ad
1494 3747 1570 3812 fidei
1593 3747 1741 3813 sincerae
1762 3747 1981 3830 ecclesiaeque
2002 3765 2135 3810 conser-

119 3853 215 3918 gare,
261 3852 299 3898 ae
331 3833 404 3897 fuco
448 3831 557 3914 aliquo
601 3831 740 3915 tingere.
795 3829 929 3895 calvini
960 3829 1100 3912 pastoris
1153 3833 1330 3901 rationem.
1395 3833 1506 3900 Simul
1544 3834 1713 3899 offerimus
1746 3830 1970 3915 Amplitudini
2005 3838 2135 3898 vestrae

119 3920 223 3986 vestri
249 3927 284 3985 et
309 3917 422 3983 fratris
448 3918 554 3982 nostri
580 3917 680 3982 fidem
702 3923 736 3980 et
760 3915 979 3999 diligentiam,
1008 3914 1100 3980 deni·
1153 3925 1266 3985 nostra
1287 3919 1456 4003 obsequia,
1489 3919 1822 4000 commendamnsque
1843 3918 1949 3984 eidem
1983 3939 2042 3983 nos
2064 3920 2135 3980 om·

40 4047 42 4051 .
119 4026 184 4089 que
211 4005 344 4090 egregia
371 4005 407 4068 in
437 4002 569 4068 exsules
596 4024 633 4068 ao
661 4003 733 4086 pios
757 4003 891 4080 merita,
921 4000 1101 4066 illustriora
1154 4020 1221 4072 nes.
1266 4006 1443 4072 Caeterum
1470 4025 1530 4088 per
1559 4014 1626 4070 tres
1655 4005 1725 4070 dies
1751 4005 1897 4088 integros
1925 4003 2135 4069 tabellionem

119 4112 192 4157 esse
218 4111 404 4174 speramus,
443 4109 541 4172 qrram
574 4108 658 4170 qnae
689 4087 786 4153 istius
818 4087 1101 4153 criminationibus
1154 4092 1244 4157 hunc
1265 4100 1412 4158 vestrum
1434 4089 1645 4168 detinuimus,
1668 4089 1754 4174 quod
1772 4110 1839 4154 non
1856 4089 2058 4173 potuerimus
2075 4106 2135 4151 nos

120 4176 374 4261 indignissimis,
415 4174 470 4241 vel
502 4174 589 4257 apud
622 4180 696 4254 [pag.
729 4179 801 4251 129]
838 4170 1102 4255 Ammitudinem
1154 4179 1250 4244 eitius
1282 4178 1455 4260 explicare.
1499 4179 1608 4244 Datae
1630 4177 1761 4261 (digeri,
1785 4179 1850 4252 2.d)
1872 4174 2005 4242 Octobr.
2035 4174 2135 4237 Anno

121 4272 274 4340 vestram,
297 4261 350 4327 vel
372 4259 460 4344 apud
478 4260 559 4325 alios
577 4261 666 4326 viros
684 4260 786 4325 bonos
804 4259 971 4324 obscurari
989 4259 1100 4341 possit.
1155 4263 1253 4330 Dom.
1275 4265 1322 4330 M.
1346 4262 1389 4329 D.
1411 4263 1507 4328 LIII.

120 4345 236 4428 Neque
257 4347 320 4411 hoc
336 4346 521 4412 dissimulat
538 4345 732 4430 Ammitndo
754 4353 875 4423 vestra,
898 4364 982 4427 qnae
1000 4343 1102 4427 (quod
1464 4349 1606 4416 Vestrae
1628 4345 1849 4431 Amplitndini
1872 4343 1974 4410 dediti

122 4449 189 4494 non
223 4431 295 4496 sine
330 4432 432 4496 animi
466 4432 591 4498 laetitia
625 4431 782 4517 legimns)
816 4429 938 4496 diserte
970 4430 1101 4512 scriptis
1565 4437 1721 4502 Pastores
1742 4440 1777 4497 et
1796 4433 1969 4510 Lectores,
1990 4428 2135 4494 ministri

1565 4521 1719 4588 eeclesiae
1740 4518 1928 4603 (tigurinis.

121 4619 319 4628 ,Mu-.—

190 4724 220 4788 a)
240 4720 319 4774 d’nne
338 4735 439 4801 mesine
456 4722 579 4802 maieste.
1126 4730 1130 4858 η
1285 4780 1291 4792 ¹
1330 4779 1335 4792 ¹

189 4792 220 4855 b]
241 4805 305 4844 aare
323 4786 372 4842 filu
389 4795 455 4870 nata
472 4796 520 4843 sit:
539 4788 556 4843 ι1
576 4795 619 4844 est
636 4791 780 4859 engendre.
1222 4780 1254 4913 gl)
1269 4777 1428 4902 iiiifliind
1428 4775 1507 4900 ,1²5³

190 4862 221 4992 ii
238 4856 633 4981 iridioiuiriddtimomoinliw·
1224 4919 1251 4979 c)
1272 4915 1347 4971 Edd.
1365 4915 1487 4969 facturos
1504 4930 1563 4969 vos.

168 5042 171 5046 Δ
191 4996 218 5063 e)
238 4997 265 5051 la
282 4993 392 5049 divinite
410 4993 459 5049 dee
476 5007 635 5063 personnae.
1226 4985 1257 5053 d)
1277 4983 1353 5066 Edd
1374 4983 1488 5037 morat.-
1511 4981 1587 5036 XXI.
1601 4980 1684 5062 'gaad
1705 4995 1766 5035 caes
1790 4993 1881 5060 ream
1902 4982 2041 5048 emtam
2059 4977 2137 5046 seria

189 5065 215 5133 s)
234 5063 391 5121 catanens
1157 5063 1190 5112 at
1206 5070 1241 5109 ca
1258 5057 1548 5120 cataractariorum,
1566 5066 1675 5105 minema
1693 5053 1826 5119 emansit

946 5231 1312 5246 ...--0›———=-ae·—-*
