4786 5910
225 332 289 393 479
968 320 1237 390 Bascama
1260 321 1494 389 ERRORUM
2172 321 2241 383 480

227 521 282 595 34]
304 535 375 579 ιιιι
398 511 499 577 ιιοιιι
544 511 641 578 Unde
663 512 827 595 sequitur,
854 509 1001 596 gladium
1029 511 1065 575 in
1087 531 1202 576 eorum
1255 507 1344 590 ipsos
1366 506 1511 591 pudebat
1531 528 1568 575 ac
1590 511 1738 594 pigebat,
1767 511 1808 575 ab
1829 510 1901 574 eius
1922 508 2138 574 insectatione
2161 506 2240 571 abs·

224 621 329 664 manu
358 618 429 663 esse
455 597 656 679 depositum,
684 617 749 680 quo
771 617 885 663 sanam
917 595 1101 662 doctrinam
1126 617 1202 678 pre-
1254 594 1349 657 tinui.
1393 592 1486 658 Adde
1505 593 1591 676 quod
1614 596 1743 660 nullum
1769 596 1915 661 instabat
1932 594 2095 678 gravioris
2112 611 2240 675 poenae

123 729 129 740 -
223 694 382 768 pugnent
395 685 420 766 ¹)
465 681 560 775 Quod
589 693 757 767 praestare
783 690 966 765 nequeunt,
996 681 1063 747 nisi
1084 684 1203 764 impias
1255 679 1452 762 periculum,
1481 680 1509 744 si
1537 701 1601 762 quo
1623 681 1719 746 modo
1746 681 1862 747 fuisset
1883 677 2049 745 sanabilis.
2064 682 2088 755 ¹)
2131 678 2238 760 Atqui

185 816 189 824 ·
224 769 426 852 corruptelas
448 770 562 851 poenis
580 768 731 835 cohibere
749 769 894 850 liceat.²)
938 767 1103 832 Desinant
1125 788 1203 851 ergo
1255 773 1386 829 tantum
1408 763 1512 829 abfuit
1534 787 1554 830 a
1573 766 1761 848 quaerenda
1782 766 2018 843 moderatione,
2049 771 2088 829 ιιι
2109 764 2240 829 iactan-

224 854 347 921 indocti
376 854 541 932 homines,
575 862 609 919 ιι
635 874 755 938 parum
783 853 990 931 considerati,
1016 874 1138 936 negare
1162 853 1203 918 de
1255 851 1320 914 tiae
1341 860 1375 913 et
1396 851 1535 915 ferociae
1553 852 1671 933 plenus
1692 874 1775 917 sana
1795 854 1905 917 omnia
1926 864 1960 916 et
1981 849 2078 914 utilia
2098 848 2240 914 consilia

226 961 325 1006 verae
342 941 508 1005 doctrinae
525 938 962 1023 corruptoribussumendas
980 960 1052 1004 esse
1070 958 1201 1022 poenas,
1254 935 1442 1018 petulanter
1469 939 1639 1019 respuerit.
1689 939 1795 1004 Porro
1823 957 1922 1020 quam
1949 935 2112 1001 absurdae
2141 955 2238 999 exse-

223 1027 289 1111 nisi
311 1025 420 1109 palam
441 1026 514 1090 Deo
536 1025 724 1109 obstrepere
744 1026 859 1090 velint
1254 1019 1460 1105 crandaeque
1477 1022 1699 1105 blasphemiae
1720 1023 1769 1087 illi
1791 1025 1877 1088 inter
1892 1020 2093 1105 loquendum
2107 1019 2239 1085 excide-

310 1111 438 1176 Verum
450 1110 607 1194 quidquid
619 1110 659 1176 de
671 1113 743 1176 iure
761 1112 1015 1195 magistratuum
1027 1109 1202 1192 probatum
1254 1108 1332 1185 rint,
1354 1105 1432 1171 alibi
1454 1108 1538 1172 forte
1558 1110 1776 1190 opportunius
1793 1108 1929 1174 dicetur.
1963 1107 2037 1173 Hoc
2059 1107 2238 1170 tantum-in

225 1198 282 1275 sit,
310 1218 365 1262 me
394 1198 528 1281 propria
554 1193 693 1274 invidia,
722 1218 788 1279 qua
814 1217 935 1280 gravor
964 1194 1051 1278 apud
1071 1189 1201 1272 multoe,
1255 1194 1443 1274 praesentia
1477 1202 1650 1257 testatum
1669 1194 1760 1273 volo,
1789 1216 1848 1258 me
1875 1215 1942 1258 non
1973 1194 2020 1257 ita
2052 1192 2238 1274 capitaliter

225 1305 291 1348 non
319 1282 417 1348 levat
463 1281 556 1346 Nihil
584 1284 695 1348 minus
723 1280 870 1347 decuisse
899 1284 1009 1359 aiunt,
1037 1302 1136 1363 quam
1165 1289 1203 1344 ιιι
1257 1278 1357 1342 fuisse
1379 1279 1546 1357 infestum,
1569 1281 1646 1362 quin
1669 1280 1797 1345 licitum
1820 1280 1919 1344 fuerit
1939 1278 1994 1344 vel
2016 1278 2087 1342 sola
2107 1276 2238 1342 modes-

224 1367 402 1434 Servetum
420 1368 575 1450 professis
586 1367 711 1432 Christi
731 1367 880 1433 hostibus
900 1367 992 1448 quasi
1004 1367 1203 1431 immanibus
1260 1365 1322 1441 tia,
1350 1364 1413 1428 nisi
1443 1377 1553 1428 mente
1582 1366 1731 1447 privatus
1757 1366 1856 1444 foret,
1889 1366 1995 1430 vitam
2021 1362 2195 1428 redimere.
2206 1365 2237 1446 ²)

224 1454 338 1519 bestiis
367 1455 572 1518 obiicerem:
604 1453 682 1518 Mea
708 1454 797 1518 enim
825 1474 926 1537 opera
953 1454 1074 1517 factum
1102 1453 1203 1516 fuisse
1260 1447 1328 1514 Sed
1357 1451 1468 1514 neseio
1496 1448 1575 1532 quid
1602 1451 1724 1528 dicam,
1758 1453 1822 1517 nisi
1849 1451 1942 1516 fatali
1969 1450 2107 1515 vesania
2134 1450 2239 1514 fuisse

224 1542 400 1615 affimant,
423 1546 460 1602 ut
479 1539 628 1603 Viennae
649 1539 686 1602 in
708 1539 878 1621 provincia
888 1538 1106 1622 Lugdunensi
1128 1558 1204 1619 eap-
1258 1543 1459 1617 correptum,
1488 1546 1524 1599 ut
1546 1557 1581 1600 se
1608 1539 1823 1622 praecipitem
1849 1540 1980 1602 iaceret.
2023 1536 2111 1600 Nam
2132 1556 2238 1616 quum

225 1634 279 1689 ιιιι
301 1624 409 1689 fuerit
454 1622 522 1688 Sed
545 1624 632 1689 unde
654 1624 736 1688 mihi
765 1631 958 1689 tanta'cum
980 1644 1083 1706 papae
1106 1623 1203 1687 satel·
1255 1629 1330 1702 post
1362 1628 1433 1685 octo
1462 1619 1532 1686 dies
1559 1623 1679 1686 iterum
1709 1645 1815 1688 essem
1840 1622 2036 1706 productus,
2074 1633 2107 1685 ιι
2133 1620 2239 1685 libera

223 1711 295 1775 litio
317 1721 452 1793 repente
475 1709 700 1774 familiaritas?
730 1709 818 1774 unde
839 1711 939 1774 etiam
959 1718 1053 1773 tanta
1075 1708 1202 1792 gretia?
1255 1703 1443 1770 conferendi
1466 1706 1635 1773 nobiseum
1655 1708 1703 1772 illi
1726 1709 1859 1774 daretur
1877 1708 2024 1785 facultas,
2047 1726 2084 1780 se
2100 1707 2239 1771 tristitia

225 1795 362 1862 Scilicet
383 1793 537 1860 credibile
559 1796 623 1859 erit
643 1795 756 1860 literas
774 1797 861 1860 inter
879 1816 934 1860 eoa
951 1794 1038 1859 ultro
1056 1797 1203 1877 citroque
1256 1801 1289 1854 et
1310 1791 1398 1856 curis
1419 1791 1572 1875 impediri
1593 1796 1792 1875 praetexuit:
1816 1794 1917 1859 libros
1939 1802 2050 1857 tamen
2073 1811 2238 1874 quoscun-

224 1882 376 1958 volitare,
406 1881 524 1962 quibus
552 1901 618 1945 non
648 1883 759 1945 minus
787 1892 836 1945 est
857 1882 946 1945 inter
968 1903 1003 1945 se
1032 1879 1202 1946 dissidium
1255 1897 1318 1958 que
1340 1878 1488 1959 petierat,
1515 1879 1636 1960 partim
1659 1902 1700 1944 ex
1723 1902 1797 1945 mea
1818 1878 2022 1956 bibliotheca,
2050 1879 2173 1960 partim
2196 1877 2238 1941 ab

225 1988 324 2051 quam
346 1965 480 2031 Christo
505 1986 581 2031 cum
604 1965 720 2031 Belial.
766 1964 878 2047 Quare
906 1966 1058 2048 pluribus
1092 1964 1203 2029 verbis
1255 1962 1328 2027 aliie
1347 1965 1421 2040 [pag.
1442 1969 1496 2042 36]
1519 1964 1721 2030 commodato
1739 1965 1903 2030 dederam.
1946 1965 2062 2046 Itaque
2082 1962 2237 2046 probabi·

225 2064 295 2116 tam
316 2052 444 2116 futilem
467 2051 665 2118 calumniam
687 2052 836 2117 refellere
856 2051 941 2116 nihil
963 2054 1092 2128 attinet,
1120 2072 1203 2133 quae
1254 2047 1296 2111 lis
1318 2049 1459 2130 suspicio
1478 2057 1537 2126 ιιι,
1560 2050 1712 2115 alicunde
1722 2071 1809 2116 vana
1821 2050 1943 2117 fiducia
1955 2051 2106 2114 inflatum
2123 2050 2236 2126 fuisse,

226 2138 365 2219 simplici
397 2137 572 2220 negatione
605 2138 709 2202 fracta
741 2137 894 2204 concidit.
938 2138 1012 2203 Iam
1034 2139 1204 2202 fluxerunt
1255 2154 1338 2216 quae
1360 2133 1456 2197 illum
1476 2133 1664 2216 perdiderit.

185 2280 192 2290 .
225 2225 304 2288 anni
321 2231 460 2306 quatuor
480 2244 523 2287 ex
545 2243 608 2306 quo
631 2222 717 2289 hanc
739 2224 779 2289 de
801 2245 855 2288 me
876 2223 1021 2289 fabulam
1038 2242 1203 2289 commen·
1341 2219 1495 2302 Excipiet
1515 2221 1599 2286 forte
1620 2223 1796 2305 quispiam,
1823 2245 1882 2288 our
1910 2222 1998 2287 ultra
2018 2221 2118 2286 Pauli
2140 2240 2238 2284 man·

225 2318 280 2374 tus
306 2322 358 2374 est
385 2308 544 2374 Servatus
577 2309 662 2391 ipse,
697 2319 731 2373 et
764 2309 984 2394 spargendam
1013 2310 1203 2383 Venetiis³)
1256 2306 1370 2371 datum
1391 2325 1584 2389 progressus
1604 2308 1683 2385 sim,
1717 2309 1773 2390 qui
1795 2308 1984 2392 desperatos
2005 2328 2134 2390 quoque
2156 2305 2238 2371 hae·

225 2395 363 2461 curavit.
415 2392 613 2477 Quanquam
640 2394 794 2459 odiumne
822 2395 906 2459 mihi
935 2395 975 2460 de
1002 2394 1106 2459 nihilo
1133 2414 1201 2458 ma-
1255 2392 1374 2456 reticos
1396 2391 1569 2456 Timotheo
1592 2394 1698 2458 solum
1719 2394 1872 2459 vitandos
1894 2415 1966 2459 esse
1983 2393 2105 2459 scribit
2130 2392 2237 2474 Atqui

224 2481 314 2564 ligne
337 2480 479 2545 conflare
501 2479 653 2557 voluerit,
677 2501 721 2544 an
741 2481 824 2545 f'also
847 2482 1031 2563 suspicatus
1053 2482 1097 2545 sit
1118 2478 1204 2563 quod
1255 2477 1339 2541 mihi
1361 2478 1396 2539 in
1428 2487 1583 2560 promptu
1614 2490 1666 2545 est
1692 2482 1873 2547 excusatio:
1907 2480 1990 2545 mihi
2013 2480 2096 2544 satis
2122 2478 2236 2555 fuisse,

225 2566 404 2642 scribebat,
438 2586 503 2629 non
534 2564 677 2648 disputo.
728 2566 874 2631 Tantum
906 2586 1041 2649 quaero:
1077 2568 1104 2632 si
1137 2566 1204 2629 iam
1256 2562 1749 2647 hominem,euiusdep10rata
1769 2565 1923 2649 impietae
1951 2565 2033 2630 mihi
2054 2573 2132 2631 nota
2154 2574 2236 2641 erat,

225 2660 305 2716 tunc
327 2671 401 2715 meo
422 2649 544 2716 indicio
562 2651 711 2733 proditus
733 2652 850 2729 fuerat,
871 2653 926 2734 qui
948 2653 1071 2717 factum
1093 2659 1144 2716 est
1166 2658 1205 2714 ut
1236 2682 1238 2687 ·
1257 2649 1378 2725 vitare,
1404 2656 1438 2710 ιι
1465 2648 1546 2714 ahos
1573 2671 1708 2716 monere
1734 2660 1772 2716 ut
1793 2652 1882 2717 idom
1904 2653 2062 2722 facerent:
2092 2650 2150 2715 sed
2177 2651 2238 2716 illa

225 2736 406 2800 triennium
435 2736 566 2817 quietus
593 2745 627 2801 et
653 2737 726 2801 sine
751 2736 918 2815 molestia,
951 2747 1029 2803 ante
1058 2737 1205 2802 hostium
1256 2732 1395 2798 cavendi
1416 2733 1592 2816 prudentia
1612 2758 1719 2820 nequo
1741 2758 1795 2802 me
1812 2759 1919 2820 noque
1936 2738 2038 2802 alium
2055 2735 2238 2819 quemlibet

226 2821 336 2886 oonlos
373 2821 594 2904 transigeret?
644 2822 744 2887 Oerte
770 2831 828 2887 aut
859 2821 1039 2888 concedant
1070 2841 1205 2888 necesse
1256 2820 1357 2884 fuisse
1384 2818 1597 2901 impeditum,
1631 2824 1805 2904 quominus
1826 2824 1963 2907 quisque
1991 2822 2120 2906 piorum
2148 2842 2239 2887 coen

226 2916 286 2985 est,
307 2907 484 2971 cbnfictum
505 2906 607 2972 fuisse
629 2906 670 2972 de
689 2929 742 2973 me
760 2908 900 2974 crimen:
923 2918 981 2974 aut
998 2909 1072 2993 plus
1092 2914 1205 2974 sancto
1257 2905 1398 2971 cendum
1431 2926 1489 2988 pro
1522 2905 1631 2972 oblata
1663 2908 1726 2974 sibi
1757 2908 1913 2975 facultate
1946 2918 2084 2974 curaret.
2139 2907 2239 2972 Idem

226 3012 286 3058 ιιιο
306 2993 448 3075 martyri
469 2992 594 3058 favoris
615 2993 717 3058 fuisse
746 2993 834 3076 apud
856 2995 1017 3077 papistas,
1048 3015 1147 3077 quam
1168 2998 1206 3057 ιιι
1256 2989 1432 3074 apostolus,
1455 2991 1511 3073 qui
1543 3001 1674 3058 tantum
1696 3015 1717 3058 a
1734 3015 1912 3079 congressu
1944 2994 2101 3060 haeretici
2123 2993 2238 3065 'limo-

224 3079 275 3143 illi
297 3098 372 3142 mea
401 3079 564 3144 accusatio
593 3078 771 3162 quidquam
800 3089 941 3145 noceret.
986 3081 1057 3145 Nec
1075 3079 1205 3146 verosi
1258 3078 1374 3140 theum
1404 3077 1573 3158 prohibet,
1611 3099 1647 3144 se
1678 3079 1911 3164 Hymenaeum
1946 3089 1981 3145 et
2006 3078 2238 3145 Alexandrum

224 3185 304 3230 vere
325 3161 358 3228 id
380 3163 463 3228 mihi
484 3162 671 3241 obliterant,
699 3171 850 3247 putarem
873 3187 944 3232 esse
964 3164 1107 3250 negandi
1129 3186 1204 3231 cau·
1258 3160 1402 3227 Satanae
1425 3161 1600 3228 tradidisse
1625 3164 1735 3246 palam
1757 3168 1889 3244 asserit,
1923 3177 1962 3231 nt
1983 3165 2148 3232 discerent
2168 3186 2237 3231 non

225 3271 310 3327 ιιιιι,
336 3249 394 3332 qui
415 3269 483 3314 non
505 3248 692 3328 dissimulo,
721 3271 774 3316 me
792 3265 907 3316 autore
929 3253 1052 3318 factum
1075 3271 1146 3316 esse
1167 3259 1206 3316 nt
1256 3247 1485 3329 blasphemare
1517 3254 1561 3326 (l.
1586 3250 1669 3314 Tim.
1704 3256 1736 3324 l,
1765 3256 1831 3322 20).
1881 3250 1921 3317 si
1950 3264 2028 3318 tuno
2055 3251 2160 3317 Paulo
2192 3250 2238 3315 ad

224 3337 260 3400 in
281 3335 343 3400 hac
366 3340 441 3414 [pag.
455 3338 508 3415 35]
529 3336 612 3401 urbe
632 3336 856 3419 deprehensus
875 3337 917 3403 ad
937 3359 1073 3404 oausam
1094 3336 1204 3402 dioen-
1255 3352 1392 3397 manum
1412 3333 1529 3398 fuisset
1548 3335 1623 3418 pius
1645 3338 1859 3420 magistratus
1881 3347 1914 3402 et
1934 3349 2090 3403 strennus
2112 3336 2238 3421 gloriae

225 3420 302 3486 dam
336 3421 568 3504 postularetur.
620 3420 826 3506 Obstrepant
852 3423 932 3489 licet
965 3424 1018 3488 vel
1051 3423 1204 3489 malevoli
1256 3418 1381 3484 Christi
1404 3418 1540 3484 vindex:
1574 3441 1635 3504 ego
1664 3421 1795 3504 quidem
1823 3444 1891 3488 non
1923 3423 2036 3489 dubito
2064 3422 2147 3506 quin
2167 3422 2238 3488 illis

224 3506 279 3573 vel
300 3506 451 3574 maledici
475 3506 642 3586 homines,
671 3529 732 3591 ego
760 3509 902 3574 libenter
931 3511 1036 3574 fateor
1064 3530 1102 3576 ac
1123 3530 1204 3592 prae
1255 3504 1441 3588 puniendos
1473 3504 1615 3571 libenter
1645 3507 1783 3574 daturus
1811 3509 1925 3588 fuerit,
1961 3529 2042 3591 quos
2074 3509 2238 3593 permissa

224 3614 278 3657 me
300 3593 368 3657 fero
390 3595 480 3676 (quia
501 3592 681 3659 secundum
703 3595 794 3659 urbis
816 3594 906 3679 leges
928 3595 1025 3660 aliter
1046 3617 1121 3662 cum
1143 3595 1203 3659 ho·
1256 3591 1317 3655 sibi
1341 3590 1499 3655 divinitus
1520 3593 1733 3676 castigatione
1754 3593 1791 3658 in
1810 3595 1960 3660 ordinem
1983 3595 2127 3679 cogebat
2166 3594 2236 3659 Ne·

224 3678 315 3741 mine
336 3679 409 3742 iure
434 3679 487 3761 agi
510 3699 577 3743 non
600 3680 741 3762 poterat)
771 3702 812 3745 ex
841 3702 895 3746 me
922 3681 1081 3765 prodiisse
1108 3702 1204 3747 aceu-
1255 3697 1319 3760 que
1351 3677 1439 3741 enim
1472 3676 1559 3760 quod
1590 3679 1673 3742 mihi
1705 3687 1740 3744 ιι
1770 3680 1922 3746 omnibus
1954 3681 2046 3747 verbi
2074 3680 2236 3745 ministris

225 3771 384 3827 satorem:
408 3784 469 3828 nec
487 3764 612 3829 infitior
631 3785 706 3830 meo
723 3766 859 3831 consilio
878 3766 1032 3832 dictatam
1049 3788 1121 3833 esse
1139 3768 1203 3831 for·
1256 3762 1494 3845 praescriptum
1525 3772 1588 3842 ιιι,
1629 3762 1752 3830 iudices
1783 3767 1979 3849 constringit
2012 3786 2050 3832 ac
2082 3766 2165 3849 ligat
2191 3786 2236 3830 ne

224 3847 366 3924 mulam,
395 3868 460 3930 qua
480 3851 652 3930 patefieret
674 3849 791 3932 aliquis
813 3852 848 3915 in
870 3871 1002 3917 causam
1024 3854 1202 3938 ingressam.
1256 3868 1378 3913 munus
1408 3848 1471 3913 sibi
1502 3848 1663 3915 divinitus
1690 3852 1875 3917 iniunctum
1904 3860 2093 3918 exereeant:
2125 3873 2162 3918 ac
2191 3873 2237 3917 ne

226 3932 419 4009 Caeterum,
447 3933 526 4014 quid
550 3935 633 3999 mihi
661 3945 740 4000 tunc
768 3937 869 4001 fuerit
897 3938 1040 4016 consilii,
1069 3960 1112 4003 ex
1133 3938 1204 4021 ipso
1256 3933 1339 3997 mihi
1361 3932 1493 4016 quidem
1514 3935 1629 4013 obstat,
1652 3948 1689 4000 ut
1706 3958 1820 4002 eorum
1839 3937 2001 4020 praesidio
2017 3935 2159 4020 fideique
2169 3937 2237 4001 Dei

115 4046 119 4050 *
227 4018 345 4083 deinde
367 4017 504 4084 actionis
525 4039 703 4103 progressu
720 4023 880 4103 appamit.
925 4023 1035 4089 Simul
1056 4024 1144 4089 enim
1167 4044 1205 4088 ac
1257 4017 1439 4098 toritatem,
1462 4018 1519 4084 ubi
1539 4020 1587 4085 ita
1607 4042 1688 4104 opus
1710 4031 1768 4101 est,
1792 4023 2026 4089 commendem.

170 4185 173 4191 1
227 4105 336 4169 vocati
358 4124 473 4170 sumus
494 4123 555 4188 ego
577 4113 610 4169 et
632 4104 776 4189 collegae
797 4108 878 4187 mei,
905 4110 1043 4173 minime
1063 4130 1123 4192 per
1145 4131 1205 4174 nes
1343 4105 1416 4169 Iam
1445 4106 1474 4168 si
1506 4106 1580 4188 quis
1612 4107 1781 4173 hominem
1812 4119 1882 4172 tam
1913 4109 2105 4192 pestiferum
2132 4108 2237 4174 fiisse

227 4192 320 4256 stetit
340 4189 514 4274 quominus
534 4188 661 4272 placide
685 4191 856 4257 nobiseum
885 4192 925 4258 de
951 4196 1020 4259 suis
1042 4193 1206 4278 dogmati-
1257 4210 1325 4254 non
1347 4198 1442 4272 putat
1464 4191 1689 4265 attollendus
1711 4193 1995 4273 montemedio,
2023 4196 2086 4259 hoc
2106 4214 2237 4277 quoque

226 4276 289 4341 bus
310 4277 457 4342 conferre
478 4275 619 4341 liberum
641 4275 689 4340 illi
709 4286 804 4342 esset
847 4279 921 4344 Inro
941 4277 1077 4361 perinde
1099 4300 1205 4346 acces-
1258 4294 1369 4340 errore
1387 4275 1514 4342 sobrios
1542 4286 1576 4340 et
1602 4277 1722 4344 dociles
1751 4281 1896 4345 breviter
1913 4279 2095 4364 expediam.
2139 4281 2238 4346 Duas

227 4361 331 4426 simus
362 4382 399 4427 ac
428 4363 456 4425 si
483 4383 525 4426 ex
558 4361 699 4427 vinculis
727 4361 894 4430 reddenda
926 4372 1013 4430 esset
1039 4363 1206 4431 doctrinae
1258 4381 1330 4427 esse
1356 4381 1472 4428 causas
1499 4364 1572 4427 sani
1603 4384 1717 4429 omnes
1744 4365 1939 4442 concedent,
1973 4388 2033 4431 cur
2060 4365 2238 4448 puniendis

107 4530 111 4538 Ι
227 4453 360 4512 nostrae
381 4448 479 4511 ratio:
499 4469 537 4513 ae
559 4448 587 4512 si
610 4446 689 4531 quid
710 4448 874 4529 obiiceret,
898 4451 1008 4516 testati
1020 4473 1135 4517 snmus
1146 4472 1205 4517 nos
1257 4446 1415 4512 falsorum
1437 4447 1629 4532 dogmatum
1657 4449 1825 4515 autoribus
1852 4452 1957 4517 maior
1984 4451 2170 4517 adhibenda
2191 4453 2239 4517 sit

227 4531 269 4597 ad
286 4531 550 4615 respondendum
571 4541 702 4616 paratos
723 4554 803 4600 esse.
836 4534 948 4617 Quum
967 4535 1073 4619 plenis
1095 4536 1206 4604 buccis
1257 4533 1429 4599 severitas:
1470 4535 1499 4598 si
1529 4532 1689 4599 indomita
1719 4537 1765 4602 sit
1795 4558 1910 4602 eorum
1943 4539 2166 4616 contumacia,
2197 4545 2239 4602 ut

227 4619 374 4684 convicia
400 4618 539 4684 subinde
567 4621 603 4682 in
629 4641 683 4684 me
710 4629 892 4700 evomeret,
921 4643 1060 4704 quorum
1081 4623 1205 4689 iudices
1257 4617 1387 4701 reprobi
1422 4627 1457 4682 ιι
1494 4640 1515 4684 a
1553 4640 1588 4684 se
1621 4621 1701 4702 ipsis
1743 4620 1889 4688 damnati
1928 4644 2046 4690 nocere
2078 4632 2236 4708 pergant:

1257 4702 1392 4782 deinde,
1432 4704 1461 4768 si
1500 4703 1695 4772 detestanda
1726 4709 1770 4773 ιιι
1804 4729 1842 4775 ιι
1881 4710 2017 4774 minime
2056 4708 2238 4775 tolerabilis

227 4795 432 4802 ..Μ

296 4892 325 4958 1)
344 4891 418 4946 Add.
436 4889 526 4961 quand
544 4890 638 4947 besoin
657 4907 733 4962 sera,
758 4894 900 4961 punissent
922 4894 962 4949 les
986 4895 1142 4964 heretiqnes
1160 4897 1206 4965 qui
1983 4928 1985 4936 ι

226 4961 254 5016 la
269 4968 436 5017 renversent
1326 4960 1342 5013 1
1374 4960 1449 5016 Add.
1466 4970 1495 5017 et
1512 4960 1575 5032 qn’il
1593 4970 1655 5016 eust
1672 4963 1760 5019 donne
1778 4965 1870 5033 espoir
1888 4965 1922 5019 de
1939 4972 2084 5020 retourner
2101 4968 2119 5021 ι
2135 4964 2207 5020 bien.

297 5028 329 5097 2)
347 5020 422 5084 Add.
444 5027 473 5084 Si
490 5029 551 5084 cela
568 5045 585 5084 a
603 5032 662 5084 este
680 5029 735 5084 dict
751 5028 788 5084 dn
804 5037 858 5085 tem
880 5030 974 5101 sqn’il
991 5029 1036 5101 n’y
1054 5032 1128 5087 avoit
1143 5032 1205 5087 nula
1325 5028 1343 5082 ι
1376 5029 1450 5085 Add.
1476 5031 1513 5086 Et
1536 5029 1591 5085 afin
1616 5029 1698 5101 qu'on
1721 5049 1755 5087 ne
1783 5033 1841 5088 dise
1868 5032 1931 5102 qn'il
1959 5033 2041 5089 estoit
2069 5040 2197 5090 constant
2221 5038 2239 5091 ι

213 5096 339 5156 ,Ριιιιιιι
356 5098 507 5153 chrestfens
524 5116 542 5167 y
559 5114 577 5154 a
593 5098 613 5151 il
630 5114 742 5167 propes,
759 5098 849 5167 quand
885 5100 927 5155 'en
945 5116 978 5154 en
996 5099 1094 5168 donne,
1112 5098 1146 5154 de
1165 5100 1206 5156 les
1257 5099 1400 5155 maintenir
1422 5116 1473 5155 son
1495 5100 1620 5168 opinion,
1643 5116 1675 5156 ce
1693 5099 1803 5158 n’estoit
1825 5102 1903 5170 point
1926 5101 1985 5156 cela
2008 5103 2054 5172 qui
2076 5102 2102 5158 le
2119 5104 2238 5159 menoit:

228 5163 358 5221 dessaieir
375 5166 409 5221 de
427 5173 502 5222 ceste
519 5167 674 5222 authorite?
1258 5183 1306 5223 car
1323 5170 1340 5223 a
1357 5167 1459 5223 Vienna
1482 5169 1502 5222 il
1526 5165 1615 5223 n’emt
1631 5183 1683 5237 pas
1699 5178 1773 5225 tenu-
1788 5173 1806 5226 a
1823 5186 1852 5225 se
1871 5169 1977 5226 desdire
1995 5178 2056 5225 tant
2076 5170 2157 5241 qn’on
2175 5180 2240 5228 eust

296 5231 327 5299 3)
346 5233 421 5289 Aac.
442 5243 471 5290 et
487 5236 505 5290 ι
522 5233 642 5290 Pedona.
1258 5237 1349 5303 vomu,
1368 5235 1410 5291 s’il
1428 5245 1490 5293 onst
1506 5253 1560 5306 peu
1577 5237 1737 5307 esebapper.
