4680 5918
183 1481 358 1564 SIGNA
383 1473 711 1559 SEXAGINTA
731 1471 912 1556 REGNI
934 1470 1404 1658 ΑΝᾘΕΞΙέἐὲξΙὸξΤ
1425 1469 1751 1555 REVELATIO
1768 1468 1904 1558 EIUS,
1925 1468 2038 1552 IAM
2055 1468 2217 1552 NUNC

275 1800 430 1868 Primam
456 1799 599 1882 sipuum:
635 1795 729 1863 Orbis
749 1795 962 1878 perturbatio,
989 1801 1179 1862 etecusam
1229 1791 1310 1859 Εεεε
1326 1793 1395 1858 dies
1408 1791 1609 1872 Antichrirti,
1631 1798 1661 1858 et
1676 1792 1821 1859 entesiae
1837 1793 1985 1860 abolitum
2005 1795 2215 1880 splendorem,

184 1890 276 1954 mata
297 1884 462 1952 tribulatio
483 1883 611 1960 (Matth.
633 1881 941 1965 eschances).
986 1880 1179 1946 Antichristi
1229 1879 1339 1946 occisis
1360 1879 1510 1960 apostolis
1530 1885 1559 1945 et
1579 1879 1755 1960 discipulis.

182 1979 308 2056 turmas
331 1971 404 2036 hinc
420 1968 562 2054 collipere
581 1969 666 2034 docet
686 1967 840 2035 Christus.
1325 1962 1528 2030 Undecimum
1549 1966 1691 2049 sipuum:
1710 1963 1880 2030 Destnnta
1896 1966 1963 2031 iam
1984 1972 2109 2033 terreum
2121 1967 2216 2034 Ieru-

278 2057 462 2122 Seoundnm
483 2058 629 2139 sipuum:
648 2052 747 2135 Papa
759 2052 885 2121 Christo
904 2053 1065 2119 contrarie
1087 2051 1178 2132 dccet,
1230 2049 1339 2128 salem,
1372 2049 1447 2115 haec
1478 2050 1571 2116 cerba
1598 2050 1825 2116 obscurationis
1848 2053 1957 2132 repetit
1984 2052 2139 2134 Ioannes,
2168 2055 2215 2120 ad

187 2141 315 2211 Christo
343 2141 506 2208 contraria
525 2141 620 2223 facit,
648 2145 676 2205 et
695 2160 825 2223 repuum
846 2140 915 2204 eius
936 2142 1079 2218 occupat:
1106 2157 1178 2221 erpo
1230 2133 1464 2200 Antichristum
1489 2136 1643 2218 referens,
1667 2141 1699 2202 et
1716 2135 1836 2217 diceus,
1865 2143 1986 2220 tempus
2006 2160 2109 2222 prope
2134 2159 2213 2205 esse

183 2228 408 2296 Antichristus
434 2231 488 2293 est.
539 2224 593 2290 Ab
619 2225 776 2291 audemia
804 2224 886 2308 sacti
917 2225 1056 2289 mentitur
1081 2243 1178 2307 orpu-
1232 2219 1349 2285 Stellae
1370 2221 1454 2301 coeli,
1476 2222 1543 2286 reri
1562 2222 1683 2305 pieriae
1706 2220 1825 2287 Christi
1838 2243 2019 2305 praecones,
2047 2227 2114 2290 iam
2135 2227 2214 2292 ceci·

184 2320 334 2380 meritum.
1229 2307 1351 2372 derunt.
1382 2305 1428 2371 et
1448 2307 1600 2372 causitus
1617 2308 1702 2386 coeli,
1724 2309 1829 2391 anpeli
1850 2309 1925 2392 ipsi,
1947 2310 2116 2378 admodum
2135 2316 2216 2378 sunt

277 2398 421 2465 Tertium
460 2396 606 2480 ciprum:
653 2394 756 2475 Uspue
787 2395 831 2461 ad
868 2414 999 2479 repuum
1032 2399 1176 2479 papatus
1224 2391 1376 2457 emmau.

184 2504 308 2567 semper
340 2484 438 2550 creuit
468 2486 544 2560 [pag.
572 2484 649 2559 666]
677 2480 949 2560 christianismus,
979 2486 1009 2547 et
1034 2502 1056 2546 a
1082 2500 1176 2564 repno
1315 2475 1545 2544 Duodecimum
1560 2478 1704 2562 sipnum:
1742 2478 1798 2544 Eu
1818 2479 1929 2546 modiis
1949 2481 2026 2566 lepis
2044 2481 2162 2565 fipreris
2186 2487 2216 2547 et

179 2575 326 2654 papatus
349 2587 471 2651 semper
491 2567 633 2633 demerit.
677 2565 812 2651 Dipitus
832 2571 877 2632 est
896 2567 976 2645 Dei,
1004 2570 1033 2631 et
1047 2567 1176 2648 punitio
1223 2561 1416 2644 propheticis
1437 2565 1564 2646 scriptis
1585 2564 1766 2645 ostenditur,
1782 2570 1857 2647 post
1873 2567 1955 2633 illud
1965 2569 2098 2648 piorum
2114 2567 2215 2634 bmni-

185 2657 335 2738 o'mtpm
1228 2668 1306 2712 uum
1327 2649 1487 2714 saeculum
1508 2649 1591 2716 illico
1611 2650 1680 2732 fore
1696 2650 1890 2718 Antichristi
1911 2657 1938 2717 et
1959 2652 2214 2734 cantaturam

279 2739 436 2820 martam
457 2737 603 2820 sipuum:
646 2736 713 2803 Sub
740 2757 774 2802 eo
800 2758 893 2822 repro
915 2757 1005 2804 neum
1031 2737 1176 2820 copnouit,
1229 2734 1298 2799 eius
1319 2736 1522 2817 apostasiam.
1574 2735 1615 2802 Ut
1630 2741 1705 2817 past
1724 2737 1886 2803 duodecim
1905 2738 2015 2820 fantes,
2037 2743 2065 2804 et
2085 2743 2213 2821 septua-

185 2824 345 2891 hominem
383 2842 451 2888 esse
490 2843 529 2887 en
562 2828 656 2904 patre
682 2822 752 2889 Dec
788 2826 935 2908 penitam.
983 2822 1177 2888 Antichristi
1226 2820 1317 2903 pinta
1333 2819 1477 2901 palmas,
1492 2827 1569 2902 post
1588 2821 1675 2887 uiros
1696 2821 1781 2900 illos,
1803 2824 1859 2903 put
1880 2824 2026 2889 uiderunt
2045 2825 2213 2908 nequalia

185 2929 319 2995 repnum
342 2913 402 2987 est,
425 2927 488 2973 nou
511 2927 687 2991 copuoseere
709 2906 886 2987 Christum,
908 2915 943 2973 ut
965 2910 1010 2974 ait
1030 2908 1176 2973 Ioannes
1230 2909 1304 2983 [pag.
1327 2911 1402 2984 666]
1425 2905 1500 2986 Dei,
1520 2912 1653 2988 sequuta
1674 2912 1720 2971 est
1735 2927 1808 2972 mon
1827 2910 1988 2992 peueratio
2002 2931 2120 2993 praua.

279 2995 433 3076 Quintum
454 2993 600 3077 sipnum
621 2994 666 3059 Iu
688 2995 824 3060 eneraitu
835 2994 1051 3060 Romanorum
1072 2999 1177 3059 contra
1314 2988 1482 3056 Decimum
1520 2994 1644 3058 tertium
1674 2994 1813 3076 siphum:
1852 2994 2056 3062 Abominatio
2079 2998 2214 3064 'desola-

186 3086 344 3146 terreuam
395 3078 573 3145 Ienesalem
620 3079 773 3163 fipurauit
818 3079 963 3146 Christus
1008 3079 1178 3146 ramatum
1229 3075 1325 3140 tionis
1346 3081 1437 3141 stans
1457 3077 1494 3142 iu
1514 3079 1700 3144 locosancto.
1729 3078 1955 3146 Animaduerte
1970 3083 2089 3165 primo,
2110 3104 2214 3165 puare

185 3184 356 3231 rmuanum
385 3163 588 3245 Antichristi,
628 3167 685 3247 qui
723 3165 883 3238 ecclesiam
911 3165 984 3247 Dei,
1023 3165 1177 3232 coelestem
1229 3160 1313 3226 dixit
1346 3160 1446 3226 lomim
1472 3168 1624 3230 sanctum.
1676 3163 1744 3230 Nea
1771 3170 1895 3232 terrena
1922 3167 2115 3248 Ierusalm
2156 3190 2214 3236 nee

184 3252 354 3329 ciuitatem,
378 3256 407 3316 et
427 3270 559 3332 repnum
583 3248 703 3316 Christi
724 3251 891 3317 desolaret:
918 3253 1176 3333 quemadmodum
1228 3246 1391 3311 iudaicam
1418 3249 1487 3313 eius
1514 3250 1676 3330 templum,
1703 3252 1771 3315 rani
1796 3250 2009 3333 reprobatum,
2038 3259 2106 3318 erat
2127 3255 2216 3321 taem

184 3338 221 3402 in
242 3337 384 3404 exercita
406 3336 557 3401 Antiochi
577 3336 663 3401 idem
682 3335 833 3420 fiparaoit
853 3336 980 3403 Daniel.
1228 3337 1369 3411 sauctus,
1392 3334 1584 3400 venientibus
1605 3335 1775 3417 Romanis,
1802 3340 1884 3402 sicut
1903 3344 1972 3403 erat
1991 3358 2063 3404 uere
2083 3341 2215 3406 ecelesia

275 3422 409 3487 Sestum
440 3422 584 3504 Quum:
628 3422 732 3487 Tanta
769 3427 814 3488 est
850 3425 996 3506 tprannis
1025 3422 1175 3488 Antiochi
1229 3415 1349 3484 Christi
1369 3423 1486 3498 sancto,
1508 3422 1633 3502 mando
1654 3426 1698 3487 est
1719 3423 1759 3487 ab
1780 3422 1977 3489 Antichristo
1997 3431 2158 3508 ocnepata.

184 3509 305 3588 nostri,
334 3512 370 3572 ut
388 3526 477 3571 nemo
500 3508 618 3573 audeat
638 3528 713 3572 vera
736 3507 835 3590 lopai,
862 3529 951 3574 nemo
972 3509 1088 3575 tibrum
1109 3508 1175 3575 Dei
1280 3589 1286 3601 ι
1312 3502 1481 3570 Decimum
1501 3513 1650 3588 quartum
1666 3509 1806 3593 siphum
1827 3508 2027 3576 Abominatio
2045 3530 2213 3594 nurnpuam

185 3593 294 3678 lepore,
315 3594 372 3658 sm
388 3597 512 3659 strenue
534 3594 674 3672 adulari,
693 3613 733 3658 ue
753 3594 959 3660 combinatur.
1227 3586 1304 3654 tales
1329 3589 1406 3671 luit,
1446 3612 1608 3674 uunquam
1646 3599 1736 3659 tanta
1769 3594 2027 3662 abominabilium
2052 3597 2213 3664 idolorum

275 3677 455 3758 Septimum
484 3679 626 3762 sipnum:
668 3679 758 3760 Quod
791 3680 960 3745 inducendi
992 3680 1051 3744 sub
1076 3679 1174 3744 Auti-
1221 3673 1363 3756 potato.
1407 3675 1536 3745 Idolum
1556 3679 1659 3746 sacris
1680 3680 1782 3746 literis
1803 3681 1919 3746 dmitur
1937 3681 2139 3763 dumsatio,
2160 3703 2212 3750 res

185 3762 302 3830 desisto
326 3767 426 3827 esseut
447 3764 482 3827 in
503 3785 641 3830 errorem
663 3765 758 3847 quasi
785 3765 881 3831 etiam
902 3764 995 3830 electi.
1044 3765 1174 3847 Quotus-
1226 3759 1296 3827 Deo
1318 3761 1458 3828 marim
1479 3785 1573 3831 erosa
1595 3765 1868 3837 etabomiuabdis.

185 3850 320 3930 quisque
342 3852 396 3926 est,
418 3848 474 3928 qui
490 3855 653 3931 papatum
674 3852 866 3934 apuoscenda
886 3871 947 3916 non
969 3851 1112 3917 errauit?
1311 3845 1479 3915 Detumo
1503 3852 1647 3932 quintum
1674 3852 1815 3935 sipnum:
1852 3852 2016 3919 Desolatio
2042 3874 2212 3936 nunquam

276 3933 430 4000 Octavum
451 3934 595 4018 siquam
635 3935 739 4000 Prius
760 3936 866 4002 debere
892 3939 929 4002 iu
948 3941 1051 4021 pentes
1072 3936 1174 4003 dicul·
1226 3931 1304 3997 talis
1328 3932 1408 4015 suit,
1433 3937 1655 4018 spiritualium
1681 3940 1821 4003 amnium
1840 3940 2021 4022 pretiorum
2046 3941 2212 4020 desolatio,

182 4019 584 4184 tthtlttblnt‘
610 4019 800 4189 hidis.
818 4022 1175 4175 thillhhihh
1226 4022 1528 4173 hehsmlaiiliim
1548 4023 2213 4178 tlfflntltlttdttbwt

185 4189 267 4258 Mon
287 4192 439 4273 futurum
461 4191 554 4256 aiunt
578 4190 705 4256 Paulus
727 4198 756 4257 et
776 4192 922 4260 Ioannes.
1227 4188 1414 4255 ahorninatio
1436 4194 1648 4274 desolationis,
1670 4194 1874 4260 abominabili
1894 4195 1948 4260 oia
1965 4196 2112 4262 andans
2127 4197 2212 4282 tipu-

274 4277 406 4342 Nonum
427 4278 569 4361 sipnum:
610 4277 727 4358 Prius,
749 4280 797 4344 ait
820 4277 980 4360 Christus,
1008 4279 1173 4345 tradendas
1226 4274 1326 4340 ratem
1349 4275 1454 4344 Mosis
1473 4281 1605 4345 cultum
1642 4281 1689 4344 ita
1716 4281 1870 4345 eueraitrn
1891 4281 2084 4347 Antichristi
2112 4284 2213 4350 mrdta

185 4364 344 4446 apostolos
366 4368 394 4427 et
416 4363 591 4444 discipulas
619 4368 692 4428 aute
712 4384 800 4447 repes
821 4370 850 4429 et
864 4366 1049 4446 praesides,
1076 4384 1174 4446 quam
1226 4360 1470 4429 abominabilius
1491 4365 1643 4431 desolabit
1663 4382 1771 4430 oerum
1795 4364 1915 4433 Christi
1935 4366 2059 4432 mltum.

184 4449 305 4513 ueniret
333 4447 562 4514 Antichristus.
606 4447 694 4533 Erpa
726 4451 835 4516 statim
861 4455 1025 4515 venturum
1052 4451 1174 4534 sipnifi·
1311 4446 1478 4514 Decimmn
1498 4455 1621 4514 sentum
1637 4451 1779 4534 sipnum:
1800 4450 1855 4516 Ere
1874 4453 1977 4535 ferreo
1989 4453 2213 4521 Romanorum

185 4534 268 4600 canit
1225 4531 1358 4611 imperio
1391 4535 1548 4600 oriturum
1578 4539 1645 4600 erat
1670 4556 1767 4602 cornu
1787 4537 1994 4614 Antichristi,
2033 4541 2215 4620 quartalia

273 4617 444 4684 Decimum
469 4618 612 4704 sipnurm
651 4620 696 4685 In
728 4620 839 4686 diebus
860 4620 941 4700 illis,
963 4622 1077 4703 inquit,
1100 4625 1174 4702 post
1223 4616 1363 4683 eiusdem
1383 4622 1512 4703 imperii
1533 4639 1650 4685 cornua
1669 4621 1857 4704 deprimeret
1877 4623 1978 4704 (Dan.
2003 4629 2049 4702 7).

184 4708 320 4771 vestram
337 4704 547 4786 afflictionem,
565 4705 614 4769 sol
633 4703 780 4771 Ohnstus
797 4706 1021 4784 obscurabitur,
1043 4706 1173 4770 ecclesia
1312 4704 1480 4771 Decimum
1500 4708 1665 4788 septimum
1691 4709 1833 4792 sipnum:
1872 4710 2011 4790 Tempus
2038 4713 2134 4794 repni
2155 4734 2216 4778 an-

184 4810 246 4856 non
286 4790 374 4856 dabit
415 4790 611 4874 splendorem
644 4811 748 4871 suum,
789 4790 895 4856 stellae
921 4790 997 4856 coeli
1024 4791 1171 4857 decident.
1224 4809 1340 4855 uorum
1377 4792 1464 4857 mille
1502 4792 1703 4858 ducentormn
1729 4796 1909 4879 senapiuta,
1947 4796 1983 4859 in
2009 4816 2070 4878 pen
2092 4798 2216 4880 pulcre

1225 4876 1411 4942 conoeniuut
1437 4878 1557 4945 Daniel
1583 4883 1612 4944 et
1638 4877 1782 4944 Ioannes.
1829 4880 1980 4962 Qmmvis
2002 4886 2077 4963 past
2100 4882 2203 4950 Ohras

164 4981 395 5001 .——-
1224 4965 1292 5024 tum
1324 4981 1397 5027 mon
1429 4966 1525 5045 coepit
1545 4964 1738 5031 Antichristi
1764 4965 1962 5048 mysterium:
1998 4987 2070 5032 uere
2104 4974 2217 5037 tamen

256 5078 285 5142 1)
310 5078 379 5133 Vide
401 5091 490 5146 supra
509 5076 671 5146 bkomolam
687 5078 846 5148 npenmam
868 5081 915 5136 cui
930 5081 981 5138 hoc
998 5079 1173 5136 corollarium
1226 5048 1360 5126 ‘mmihi
1395 5054 1435 5148 et,
1454 5050 1627 5150 {hamum
1653 5055 1698 5116 ⁶³⁸
1725 5071 1863 5135 reddum,
1896 5056 2030 5134 ΜΡΝ
2053 5051 2217 5152 ¹5,th

185 5144 344 5201 mudum
357 5147 528 5217 panvinus.
1226 5132 1479 5201 economum.
1528 5136 1595 5218 Quia
1616 5141 1749 5220 tmepore
1768 5143 1813 5203 est
1833 5158 1906 5204 mon
1927 5157 2120 5205 oecumenico
2143 5162 2218 5210 con-
