4680 5918
1130 271 1335 376 sssvsm
2174 266 2240 330 svn

1257 457 1397 539 fuerunt.
1442 457 1486 522 In
1506 477 1664 523 murnum
1689 464 1736 524 cst
1754 458 1808 524 ille
1827 457 2050 523 sublimitatem
2070 455 2240 535 ecaltatm,

345 544 581 617 EPIS'POLA
602 545 836 614 vlonsmn
857 544 1086 614 SECUNDA.
1258 545 1338 625 quia
1365 562 1398 606 sc
1425 547 1531 625 sponte
1553 544 1671 622 ιιιιιιιι,
1703 550 1732 610 ιι
1762 545 1856 609 morti
1886 543 2007 610 abiecit:
2038 542 2127 606 nobis
2155 542 2240 607 daus

1260 628 1444 708 cueniplum,
1467 635 1503 692 ut
1523 629 1594 693 eius
1614 631 1745 713 vestiqia
1766 630 1801 693 in
1821 630 1974 711 martyrio
1994 632 2153 709 sequentes
2173 648 2238 692 ma·

310 720 355 785 In
383 720 481 803 tatoli
513 723 579 798 tua,
609 738 649 782 ue
677 718 782 782 dicam
805 717 908 800 fatua,
939 736 1047 782 rerum
1068 716 1208 782 onmium
1259 713 1357 776 iorem
1376 713 1511 795 qloriom
1531 713 1711 780 habeamus.
1753 715 1801 780 Ac
1826 720 1923 793 non¹)
1951 719 1997 778 est
2016 714 2121 778 maior
2140 711 2238 778 huius

219 806 410 885 necessitate,
439 824 497 870 seu
517 806 555 870 in
575 824 664 869 servo
684 807 737 868 tuo
758 803 900 882 arbitrio,
926 807 971 867 est
990 801 1046 868 hac
1067 801 1208 884 stuporis
1259 799 1413 879 ntartqris
1443 798 1555 881 qloria,
1589 820 1685 881 quom
1717 800 1849 866 alterius
1880 799 2033 866 tanniu?
2098 796 2239 864 Frustra

221 898 339 962 certum
360 891 527 970 iudicium,
548 889 631 972 quod
651 888 807 953 hurunem
826 889 863 953 id
879 908 970 971 aqere
988 907 1102 967 monn,
1123 886 1208 968 quad
1259 883 1380 964 alioqui
1400 884 1552 950 duntur
1572 885 1765 970 martyribus
1781 891 1878 950 ιιιιιι
1893 885 2032 967 palmae,
2053 888 2083 948 ιι
2097 883 2239 964 pmulic·

221 979 295 1057 scis,
328 996 400 1042 eum
432 995 523 1059 aqere
555 980 630 1054 [pag.
650 977 726 1052 sss]
760 994 821 1039 nou
847 992 952 1054 posse.
1013 971 1066 1036 De
1098 970 1207 1036 liberis
1258 967 1307 1031 ris
1337 968 1459 1050 qlorioe
1490 970 1642 1053 insiqnia.
1698 971 1838 1037 Frustra
1869 974 1970 1036 essert
2000 969 2236 1048 exhortationes,

222 1062 397 1130 actionibus
425 1060 523 1140 doces,
554 1065 583 1124 et
612 1058 734 1124 nullam
765 1078 831 1124 esse
860 1059 943 1124 dicis
963 1057 1095 1124 liberam
1116 1057 1209 1122 actio-
1257 1052 1382 1133 frustra
1397 1074 1518 1135 poenae
1539 1055 1586 1120 ιιι
1601 1058 1757 1137 praemio.
1810 1056 1921 1121 Nonne
1942 1056 2155 1138 cirqinitotcm
2175 1075 2237 1118 ser·

221 1169 301 1214 nun.
349 1147 429 1227 Quis
455 1151 521 1211 tom
552 1164 661 1211 ameris
692 1143 822 1221 homini,
854 1143 938 1209 nihil
968 1143 1062 1211 libere
1095 1142 1206 1226 apenti,
1258 1157 1338 1202 vaus
1352 1140 1548 1218 peculiarem
1566 1141 1702 1223 qlvriam
1720 1140 1864 1207 habnt?
1912 1139 2178 1222 Quemadmodum
2198 1160 2237 1204 ee

216 1231 446 1316 praescriberet
466 1230 600 1297 libmam
621 1230 736 1313 aqcnoli
756 1229 934 1294 rationem?
978 1228 1074 1293 Illud
1094 1232 1139 1293 cst
1159 1227 1208 1291 iu·
1259 1222 1397 1305 sinqulis
1428 1225 1548 1290 cethus
1578 1227 1676 1292 malis
1710 1228 1745 1291 in
1777 1226 1939 1291 domatis
1969 1227 2030 1290 erit
2056 1225 2237 1305 peculiaris

221 1338 318 1401 super
336 1317 475 1400 fatuum,
508 1317 592 1398 quod
622 1335 749 1380 servum
780 1315 882 1397 infers
914 1314 1083 1379 arbitrium
1104 1333 1144 1378 ec
1165 1331 1207 1391 eo,
1252 1327 1374 1387 Ριιιιαι
1394 1329 1559 1391 rmnmsus,
1580 1312 1627 1375 ito
1648 1332 1687 1377 eu
1707 1312 1845 1396 sinqulis
1865 1312 1984 1376 adibcis
2004 1311 2092 1377 bonis
2111 1312 2150 1375 in
2170 1310 2238 1375 beo·

221 1404 305 1487 quad
332 1401 427 1468 Deus
458 1402 526 1485 aqit
556 1401 592 1465 in
624 1400 722 1466 notu.
776 1399 849 1463 Imo
876 1419 946 1465 vere
966 1397 1058 1463 Deus
1084 1399 1151 1482 aqit
1172 1399 1208 1461 in
1259 1393 1301 1456 tis
1323 1394 1382 1457 erit
1397 1396 1575 1475 peculiaris
1594 1395 1713 1480 qlcriae
1732 1398 1898 1482 qaudium.
1922 1394 1995 1474 vSed
2016 1397 2164 1473 deservo
2186 1417 2237 1460 ar-

220 1489 311 1555 nabis
332 1487 387 1552 hcc
409 1488 525 1569 ipsun,
552 1491 589 1550 ut
609 1486 706 1551 libere
727 1504 869 1568 oqomm.
914 1483 989 1566 Ipse
1010 1484 1076 1567 aqit
1097 1485 1132 1547 in
1153 1502 1207 1547 nv·
1259 1477 1353 1544 bitrio
1387 1482 1581 1560 quaestiones
1611 1483 1727 1547 moveri
1764 1482 1873 1548 solitos
1910 1502 1993 1548 nunc
2023 1481 2238 1564 protomus.

221 1573 280 1652 bis,
316 1577 352 1636 ut
384 1571 607 1655 intelliqomus,
640 1569 774 1635 velimus
801 1575 830 1635 et
844 1588 1087 1652 prosequamur.
1132 1566 1208 1650 Ipse
1261 1562 1376 1630 Primo
1395 1568 1543 1645 qimestic.
1587 1569 1645 1632 An
1664 1565 1833 1652 imaq'inem
1853 1566 1926 1647 Dei,
1948 1572 1976 1632 ιι
1995 1568 2147 1647 spiritum
2163 1566 2238 1646 Dei,

221 1658 302 1724 tollit
323 1655 437 1722 obicem
456 1655 605 1735 suanae,
626 1657 664 1721 in
683 1654 828 1720 omuibus
844 1675 901 1719 nos
917 1655 1071 1735 impedire
1086 1654 1207 1734 parati.
1255 1670 1317 1731 per
1331 1656 1493 1731 pucatum
1508 1654 1637 1734 pondus
1652 1655 1796 1736 pndrdit
1813 1653 1946 1717 Adam?
1994 1654 2185 1734 Qiunquam
2206 1671 2240 1716 se

223 1742 309 1824 Ipse,
330 1743 460 1807 veritate
475 1743 652 1822 proposita,
674 1746 805 1806 mentem
825 1741 953 1821 saepius
972 1739 1142 1818 illuminat,
1174 1743 1209 1802 ut
1261 1738 1396 1816 turpiter
1406 1736 1616 1818 illefoedavit,
1634 1759 1696 1804 nvn
1713 1745 1758 1805 cst
1770 1740 1899 1821 penitus
1915 1737 2239 1804 commoneatis.

222 1827 444 1910 intelliqamus.
490 1825 574 1907 Ipse,
597 1825 670 1891 boni
696 1827 797 1906 specie
816 1826 996 1906 proposita,
1027 1845 1081 1890 cor
1101 1829 1208 1902 movet,
1261 1820 1305 1884 In
1317 1819 1425 1904 tqura
1444 1822 1498 1888 hac
1518 1823 1604 1890 docet
1620 1824 1736 1903 Moses,
1753 1825 1797 1891 ad
1818 1825 1946 1890 condem
1962 1825 2133 1907 iviaqinem
2150 1823 2241 1888 Ada

222 1917 258 1978 ut
277 1913 419 1977 velimus.
463 1910 541 1992 Ipse
561 1913 599 1977 in
618 1911 762 1976 omnibus
782 1911 866 1976 vires
886 1910 975 1976 natm
995 1909 1058 1989 dut,
1079 1914 1115 1974 ut
1129 1929 1208 1990 prv-
1259 1926 1347 1969 mum
1372 1909 1518 1989 qenuisse
1547 1908 1633 1990 filios
1666 1911 1793 1986 (Cencs.
1818 1915 1862 1988 5).
1912 1909 2004 1974 Deus
2024 1911 2093 1990 ipse
2114 1908 2242 1973 homici-

222 2017 405 2080 sequamur.
452 1995 542 2061 Siccct
562 1997 669 2062 onmia
690 1997 728 2061 in
748 2015 782 2061 ev
803 1996 1009 2061 essentialiter
1029 1996 1208 2073 consistent,
1261 1992 1351 2056 dium
1371 1992 1515 2074 prohibet
1541 2014 1575 2060 eo
1596 1997 1678 2076 quod
1698 1998 1741 2062 sit
1767 1996 1856 2061 homo
1881 1996 1986 2078 imaqo
2008 1994 2075 2061 Dei
2108 1994 2240 2077 (Genes.

222 2084 270 2149 ita
300 2088 328 2147 ιι
360 2083 496 2147 uniones
534 2102 640 2147 omnes
671 2081 710 2146 ab
741 2101 775 2147 eo
809 2081 1013 2147 essentialiter
1042 2081 1207 2161 mmmm.
1263 2076 1308 2160 9).
1355 2076 1481 2144 Paulus
1501 2081 1573 2144 item
1594 2081 1686 2161 ιιιιιι,
1717 2084 1753 2146 iu
1781 2081 1904 2146 homine
1931 2101 1996 2145 esse
2016 2081 2138 2162 nunc2)
2159 2081 2242 2143 irno-

223 2168 340 2234 Noune
367 2172 547 2232 creaturam
579 2167 723 2248 aliquam
754 2186 868 2232 novam
892 2171 994 2248 potest
1014 2165 1106 2232 Deus
1132 2184 1209 2247 pro-
1259 2164 1365 2245 qincm
1386 2162 1450 2228 Dei
1482 2169 1528 2242 (1.
1556 2163 1624 2230 Cor.
1651 2167 1719 2251 11).
1768 2168 1870 2248 Quum
1889 2172 2048 2230 externam
2069 2166 2243 2248 imaqinem

221 2254 341 2332 ducere,
362 2253 416 2319 cui
433 2252 483 2317 det
503 2252 635 2317 liberum
656 2251 834 2331 arbitrium,
855 2253 922 2317 sive
943 2257 978 2316 ut
999 2251 1129 2335 anqelus
1149 2251 1209 2315 illa
1260 2253 1294 2311 tu
1315 2267 1414 2330 ueqes,
1447 2250 1606 2315 internam
1637 2253 1741 2318 adhuc
1769 2253 1904 2335 fatearis
1924 2255 2048 2334 vpvrtct.
2095 2251 2187 2336 Quod
2208 2250 2243 2313 in

221 2340 272 2418 sit,
293 2339 360 2403 sive
381 2342 416 2402 ut
432 2338 564 2419 primus
584 2336 718 2403 Adam?
765 2337 877 2402 Nonne
904 2337 963 2401 illo
994 2342 1067 2402 tunc
1087 2337 1208 2414 diceret,
1260 2332 1383 2398 hornine
1405 2335 1448 2398 sit
1467 2337 1601 2417 spiritus
1627 2338 1756 2403 innatae
1782 2337 1916 2415 deitatis,
1947 2339 2015 2402 iani
2043 2340 2087 2401 cst
2108 2335 2245 2416 saepius

222 2422 329 2489 Deum
352 2443 443 2507 aqere
464 2423 501 2488 in
522 2422 621 2504 ipsa?
670 2423 826 2502 Qumnoch
857 2424 959 2507 ipitnm
990 2427 1024 2486 tu
1050 2422 1209 2488 concludis
1260 2423 1428 2498 ostensum,
1455 2426 1484 2485 et
1511 2422 1595 2487 docet
1621 2426 1690 2504 ipse
1712 2424 1803 2489 Deus
1826 2423 1936 2488 Ccues.
1957 2427 1983 2487 2
2003 2427 2032 2486 et
2056 2429 2083 2484 6.
2140 2419 2245 2486 Docet

221 2529 346 2575 servum
373 2508 542 2573 arbitrimn
572 2527 613 2573 eu
640 2526 674 2572 eo
693 2508 776 2587 quod
796 2506 888 2572 Deus
909 2507 1002 2591 aqit?
1046 2507 1209 2572 Adamum
1262 2503 1318 2569 Iob
1350 2506 1450 2586 capite
1483 2511 1529 2571 33
1556 2514 1584 2572 ιι
1611 2513 1666 2574 34.
1732 2509 1828 2576 Docet
1860 2508 1972 2574 David
2005 2506 2125 2572 Psalm.
2161 2511 2244 2570 103.

221 2595 362 2661 mncedis
373 2593 522 2657 habuisse
533 2592 667 2657 liberum
684 2591 856 2656 arbitrium
873 2599 1039 2673 antequam
1051 2596 1209 2673 peccaret:
1261 2588 1357 2654 Docet
1390 2590 1538 2656 Salomon
1570 2593 1773 2674 Eccles.12‚·
1799 2594 1935 2673 Esaias,
1967 2612 2033 2675 cap.
2058 2596 2120 2670 42,
2145 2596 2193 2655 57
2217 2596 2246 2655 ιι

222 2683 376 2746 ettamen
400 2679 432 2742 iu
455 2698 489 2743 ev
512 2679 620 2761 cqobot
641 2677 741 2776 Deus.
787 2676 878 2742 Sicut
898 2679 1008 2745 Adam
1029 2678 1124 2743 libere
1140 2698 1210 2762 aqe·
1254 2673 1417 2756 plerisque
1437 2677 1514 2742 aliis
1534 2678 1618 2745 locis.
1666 2679 1852 2762 Philosophi
1872 2680 1989 2763 veri,⁸)
2010 2698 2047 2744 ac
2068 2681 2146 2756 [paq.
2167 2680 2244 2754 635]

223 2763 284 2843 bat,
315 2765 362 2828 ito
394 2768 424 2826 ιι
455 2783 539 2828 nunc
570 2764 684 2829 οιίιιιιι
704 2762 799 2827 chum
822 2762 963 2829 Satanae
982 2763 1113 2828 tollenda
1131 2764 1211 2846 facit
1261 2760 1355 2824 etiem
1375 2761 1512 2846 theoloqi,
1544 2764 1716 2846 affirnmnt,
1750 2785 1816 2831 esse
1836 2764 2089 2842 mentihvminis
2110 2763 2244 2826 insitam

222 2849 293 2929 ipse
313 2847 416 2927 Deus,
438 2852 474 2911 ut
495 2848 596 2914 locum
617 2848 756 2929 aliquem
777 2849 814 2913 in
834 2849 923 2914 nobis
943 2848 1054 2914 habeat
1071 2847 1208 2913 libertas.
1261 2845 1459 2912 divinitatem
1491 2868 1617 2931 esseque
1648 2852 1790 2917 animam
1821 2850 1891 2916 Deo
1920 2848 2078 2929 ὁμιισιιι,
2113 2847 2244 2912 consub

223 2932 285 2998 Est
305 2933 410 2998 adhuc
431 2933 467 2996 in
493 2933 584 2999 nobis
609 2933 745 3014 spiritis
765 2933 893 3000 deictis
914 2935 1051 3000 innatae.
1095 2933 1210 2997 Adhuc
1260 2932 1448 2997 stantialem.
1491 2934 1606 3001 Altero
1633 2937 1788 3017 quaestio:
1820 2936 1876 3001 An
1908 2936 1976 3002 sine
2007 2935 2086 3000 dono
2116 2934 2245 3017 qratiae

222 3017 313 3084 hodie
341 3018 447 3102 spirat
468 3019 503 3084 in
524 3018 615 3083 nobis
634 3017 727 3083 Deus
753 3019 896 3084 unimam
930 3021 1055 3085 ditatis
1083 3019 1209 3101 princi-
1259 3017 1338 3096 quid
1376 3017 1449 3082 boni
1483 3022 1586 3099 possit
1623 3021 1735 3086 homo?
1796 3020 1925 3086 Donum
1951 3020 2101 3103 intelliqe
2114 3017 2243 3100 duplex.

217 3123 300 3188 pcm.
315 3106 340 3187 ¹)
394 3101 481 3169 Unde
505 3103 632 3169 Pontus
651 3123 758 3168 munes
785 3103 926 3171 homines
951 3107 998 3171 ait
1019 3125 1084 3170 csse
1099 3125 1209 3187 proqe-
1263 3100 1411 3167 Primum
1438 3110 1484 3169 est
1503 3106 1658 3186 innatum,
1691 3107 1807 3172 donum
1835 3107 1978 3172 omnibus
2002 3124 2173 3183 commune,
2205 3123 2245 3169 ec

220 3190 305 3254 niem
337 3188 491 3254 divinam.
549 3189 688 3271 Lumine
719 3190 864 3255 naturali
896 3189 987 3256 Deus
1019 3192 1087 3272 ipse
1119 3190 1209 3255 hodie
1260 3187 1355 3252 insito
1376 3189 1502 3255 deitatis
1521 3191 1632 3272 halitu,
1666 3193 1724 3274 qui
1756 3197 1786 3257 et
1809 3194 1913 3277 pratis
1939 3196 2081 3275 auqctur.
2126 3188 2246 3254 Senin-

219 3275 384 3341 illuminct
407 3295 527 3341 munem
555 3274 711 3339 hominem
737 3275 906 3340 venientem
937 3278 973 3340 iu
1004 3276 1086 3342 hunc
1118 3296 1208 3340 muu-
1260 3272 1336 3337 dum
1358 3275 1509 3340 eeimmm
1529 3283 1574 3342 est
1594 3279 1836 3361 reqernrationis
1862 3279 1937 3342 novi
1962 3278 2097 3357 spirtus
2120 3273 2245 3340 Christi

219 3361 305 3426 dum.
351 3359 395 3425 Id
417 3360 521 3426 lumen
543 3365 587 3425 est
607 3360 760 3439 divinum,
793 3361 936 3426 omnbus
960 3361 1137 3427 hamindm
1157 3361 1207 3425 iu·
1259 3356 1385 3423 donum.
1408 3360 1485 3426 Sine
1489 3364 1601 3443 priore
1610 3369 1725 3428 certum
1735 3368 1787 3443 cst,
1801 3363 1940 3429 hornines
1949 3362 2031 3427 nihil
2034 3380 2143 3441 posse.
2167 3359 2245 3424 Sine

219 3447 326 3512 situm
375 3445 439 3510 Per
456 3451 618 3527 peceatum
645 3446 728 3511 illud
754 3465 817 3511 uon
838 3452 883 3513 est
908 3447 997 3513 homo
1018 3448 1065 3511 ita
1085 3466 1207 3513 ιιιιιιι-
1253 3445 1425 3523 posteriore
1451 3467 1521 3512 vcro
1547 3449 1658 3531 aliqum
1685 3449 1757 3513 bene
1772 3468 1876 3529 posse.
1920 3448 1989 3513 Hoc
2008 3447 2179 3527 aequivoco
2199 3444 2245 3509 la·

221 3551 279 3597 sus
299 3533 336 3596 iu
357 3551 481 3612 savum,
503 3535 540 3596 ut
560 3532 592 3595 ei
610 3530 710 3596 libero
727 3550 815 3596 mens
832 3552 995 3614 nunquam
1015 3533 1090 3597 dari
1104 3532 1208 3611 possit
1260 3528 1403 3597 bmvntes
1432 3532 1585 3618 Pelaqius
1616 3540 1645 3599 et
1669 3533 1882 3619 Auqustinus,
1914 3554 1948 3600 se
1977 3535 2064 3613 ipsos
2096 3551 2163 3596 nou
2195 3530 2244 3594 in-

220 3636 243 3683 a
262 3616 341 3683 Deo.
387 3616 444 3682 Ad
467 3616 629 3682 Christum
660 3618 696 3681 in
726 3615 786 3682 hac
816 3638 851 3682 re
879 3623 1071 3683 teconvertc.
1117 3617 1208 3682 Num
1261 3617 1449 3682 telleeerunt.
1507 3618 1552 3683 Et
1582 3620 1665 3686 iuter
1696 3641 1751 3686 vos
1782 3625 1890 3686 neuter
1919 3619 2053 3685 alterurn
2085 3616 2244 3700 intelliqit

144 3748 150 3753 -
220 3701 292 3767 ideo
323 3721 448 3767 servum
480 3701 608 3768 habebat
631 3701 779 3768 Christus
804 3701 985 3783 arbitrium,
1019 3703 1097 3785 quia
1116 3702 1207 3768 Deus
1260 3701 1399 3768 Innatus
1417 3703 1560 3770 munibus
1580 3709 1625 3770 cst
1645 3703 1711 3771 Dei
1731 3706 1874 3787 spiritns,
1907 3705 1963 3787 qui
1989 3704 2106 3768 donum
2129 3706 2185 3782 est,
2218 3705 2245 3766 d

222 3785 331 3869 oqebat
352 3787 387 3850 iu
412 3785 561 3852 Christo?
606 3787 698 3854 Deus
718 3785 828 3869 aqebat
848 3789 885 3853 in
907 3787 1039 3867 Christo,
1074 3787 1207 3854 duili-
1259 3808 1299 3852 ec
1317 3790 1425 3872 qratia
1445 3790 1481 3854 iu
1501 3789 1639 3874 duqutis
1659 3796 1798 3875 cuqetuu
1844 3791 1908 3856 Hic
1935 3791 2013 3872 ipse·
2030 3788 2104 3853 bene
2132 3789 2171 3852 in
2192 3785 2245 3852 hc

223 3872 361 3937 lominus
393 3871 488 3937 libere
519 3872 630 3956 aqebat
658 3871 814 3937 Christus.
863 3872 917 3938 Ita
938 3878 966 3938 et
986 3894 1044 3939 nos
1058 3893 1122 3954 pro
1144 3893 1208 3938 mc
1259 3873 1434 3952 minibus&
1445 3877 1519 3959 aqit,
1537 3877 1631 3942 ctiam
1640 3877 1676 3941 in
1686 3876 1833 3942 ethnicis:
1849 3878 1904 3942 sed
1921 3877 1964 3941 ad
1978 3893 2110 3958 requam
2123 3871 2246 3939 Christi

222 3956 296 4022 dulc
318 3961 422 4024 nostro
444 3956 538 4022 libere
559 3959 686 4041 apium
706 3959 743 4022 in
758 3977 801 4023 eo.
845 3957 923 4040 Ipse
944 3961 1050 4025 onmia
1068 3959 1157 4042 facit,
1180 3964 1208 4023 et
1259 3979 1322 4023 non
1334 3962 1492 4041 perducit,
1519 3963 1589 4027 sine
1614 3982 1696 4030 rwva
1720 3961 1840 4027 Ciristi
1867 3961 2098 4044 superveniente
2123 3959 2244 4043 qratia.

221 4062 279 4109 uos
299 4062 414 4109 sumus
434 4043 616 4124 cooperarii.
674 4043 778 4108 Vario
798 4050 873 4110 mu
891 4065 1008 4128 ponera
1028 4064 1206 4110 causarum.
1262 4043 1326 4110 Per
1346 4047 1490 4112 innatam
1505 4047 1651 4113 ἀιίιαιιιιι
1668 4048 1805 4113 dicimur
1823 4068 1880 4113 uos
1901 4048 1995 4114 libere
2011 4065 2113 4130 aqere,
2136 4043 2245 4109 Deum

223 4127 263 4196 Si
285 4128 537 4211 praedestinatio
569 4148 689 4210 quoquc
720 4129 779 4193 tibi
812 4133 887 4209 [pig.
906 4136 984 4210 634]
1012 4130 1093 4212 fecit
1124 4131 1208 4198 servi
1259 4131 1296 4196 in
1327 4132 1416 4197 nobis
1447 4152 1547 4217 aqere,
1579 4137 1608 4199 et
1638 4152 1695 4198 uos
1717 4132 1786 4198 Deo
1817 4135 1985 4214 cooperari.
2031 4131 2097 4198 Per
2131 4149 2245 4212 super·

221 4215 353 4280 arbitrii
374 4214 619 4298 ambipuitotem,
643 4213 804 4280 Christum
825 4217 953 4282 iretuere.
986 4216 1208 4282 Pmedvstina-
1259 4219 1430 4284 venientem
1462 4239 1534 4285 vcro
1558 4219 1631 4301 fieri
1664 4221 1771 4285 ornuia
1798 4218 1968 4284 sublimius
2000 4240 2021 4283 a
2042 4216 2143 4296 nobis,
2172 4221 2205 4281 et
2224 4235 2246 4278 a

220 4300 267 4365 vit
288 4300 381 4367 Deus
402 4300 511 4365 omnic
532 4304 602 4365 acta
625 4297 754 4365 Christi.
800 4301 891 4366 Num
911 4304 981 4369 ideo
1005 4322 1133 4367 seruum
1152 4301 1208 4366 hc·
1259 4302 1329 4369 Dec
1357 4325 1420 4386 per
1446 4325 1511 4370 nos.
1559 4305 1706 4384 Quaestio
1738 4306 1824 4371 alia:
1867 4304 1925 4370 Au
1943 4304 2035 4371 Deus
2059 4301 2246 4386 praescivit,

222 4384 308 4450 bebat
332 4384 480 4451 Cluistus
512 4386 706 4451 arbitrium?
758 4382 982 4453 Humilitatem
1013 4407 1079 4453 esse
1110 4387 1206 4465 doces,
1261 4395 1427 4472 uunquam
1448 4390 1639 4456 destinavit?
1690 4390 1747 4455 Au
1773 4389 1855 4456 hunc
1875 4390 2139 4474 praedestinavit,
2165 4387 2247 4470 quia

221 4474 258 4533 ut
283 4490 317 4534 se
345 4472 419 4552 quis
441 4476 587 4536 trunmcm
605 4472 739 4552 [ιιιιιι2
785 4478 813 4537 et
843 4474 1035 4539 cucurbitam
1065 4491 1206 4539 vacuam.
1254 4477 1311 4557 pie
1331 4479 1488 4542 victurum
1502 4476 1673 4557 praevidit,
1695 4482 1724 4540 et
1744 4476 1836 4542 idum
1854 4476 2039 4559 reprobarit,
2061 4476 2142 4556 quia
2160 4471 2248 4537 male

223 4552 288 4621 su
312 4554 476 4622 Christum
496 4557 626 4623 intuere.
674 4556 713 4622 Si
808 4560 851 4623 sit
867 4559 1041 4639 humilitas,
1063 4557 1208 4625 Christus
1261 4561 1418 4628 victumm
1432 4560 1631 4642 praescivit?
1676 4561 1746 4627 Nos
1772 4562 1831 4627 illc
1858 4563 1965 4627 munia
1990 4561 2088 4628 simul
2118 4559 2155 4625 iu
2178 4557 2250 4626 Deo

222 4645 291 4705 erat
318 4643 399 4722 plus
430 4661 528 4723 quom
553 4647 683 4709 irruemus
704 4649 734 4708 et
752 4643 921 4722 numum
955 4646 1011 4726 qui
1042 4664 1075 4709 se
1106 4663 1208 4726 supra
1261 4666 1328 4712 esse
1348 4647 1494 4725 dicimus,
1528 4651 1556 4711 ιι
1583 4651 1730 4712 neutrum
1758 4667 1824 4713 esse
1844 4667 1974 4713 causam
1995 4647 2139 4713 alterius.
2194 4643 2251 4710 Vi·

221 4726 351 4791 modum
373 4726 563 4793 humiliavit.
611 4728 718 4811 Opera
737 4728 827 4794 nobis
847 4729 891 4795 ad
906 4730 1043 4813 pieriam
1058 4730 1208 4809 prodesse
1258 4732 1337 4798 deris
1352 4731 1579 4815 ιιαιιιιιιιιιαι,
1599 4738 1628 4798 ιι
1643 4733 1912 4816 praedestinando
1928 4735 2019 4801 videt.
2064 4731 2159 4799 Iuste
2182 4730 2253 4817 aqit

222 4830 326 4896 neqas.
385 4810 448 4878 Sed
476 4811 635 4879 Christum
666 4815 794 4879 intuere.
855 4813 959 4897 Opera
982 4813 1105 4881 Christo
1131 4833 1208 4895 prv-

1329 4969 1360 5034 1)
1378 4969 1485 5024 Annon.
1563 4985 1566 4992 ·

405 5102 411 5113 1
429 5100 436 5114 .
1327 5037 1358 5103 2)
1376 5053 1448 5093 nunc
1465 5053 1516 5093 om.

291 5101 321 5164 1)
339 5109 508 5171 parvnpcm
1327 5105 1358 5172 3)
1377 5121 1450 5161 vero.

291 5169 323 5237 2)
343 5169 514 5228 confitentur.
1328 5173 1360 5240 4)
1380 5174 1510 5231 omnibus.
