4786 5910
121 343 125 350 ’
231 357 295 421 ιιι
960 301 1241 414 ¹aussoreno
1262 293 1497 412 uasorum
1753 421 1757 428 ,
2173 348 2241 413 ιιι

231 549 371 607 mortem
393 536 497 603 crucis
518 535 619 619 (Phil.
643 537 672 613 2,
697 537 741 618 6).
785 534 880 618 Nego
898 532 1022 616 aliquid
1043 533 1083 598 de
1105 532 1210 617 gloria
1261 533 1323 617 que
1345 535 1416 598 eius
1433 545 1552 599 natura
1573 531 1694 615 pendet
1715 552 1753 597 ac
1771 531 1975 598 aestimande
1991 541 2099 598 estex
2117 542 2240 598 natura

232 625 414 691 divinitatis
442 622 542 688 luisse
571 621 800 685 imminutum:
834 619 893 685 sed
926 621 1002 701 quia
1034 620 1069 683 in
1101 619 1209 684 carnis
1260 620 1494 702 promissionis.
1544 619 1724 684 Promissis
1755 617 1911 701 baptismi
1939 627 2004 683 est:
2045 619 2114 682 Ero
2143 616 2239 683 Deus
2282 672 2284 677 ,

230 711 423 776 infirmitate
446 708 584 773 obscura
606 713 640 770 et
663 713 850 787 contempta
877 704 1023 783 delituit,
1054 704 1209 770 Christus
1263 713 1348 783 tuus,
1370 706 1507 770 etDeus
1528 705 1662 768 seminis
1685 705 1733 768 tui
1755 704 1855 780 (Gen.
1870 709 1918 783 17,
1944 708 1986 779 7).
2000 704 2025 786 ¹)
2057 704 2239 770 Promissis

230 798 311 880 ipse,
334 795 391 878 qui
413 815 499 859 unus
517 802 567 857 cst
587 792 686 857 homo
708 792 854 870 etDsus,
878 789 998 855 dieitur
1020 790 1210 854 exinanitus
1262 811 1380 855 menae
1402 798 1467 854 est:
1497 788 1654 871 Quisquis
1676 788 1782 854 ederit
1802 810 1920 871 panem
1943 788 2043 866 hunc,
2064 796 2098 854 et
2120 789 2242 854 biberit

231 881 343 947 luisse
388 879 503 962 Neque
525 878 613 943 enim
636 877 700 942 hoc
720 878 836 941 referri
864 876 917 941 vel
938 875 980 940 ad
1002 873 1209 940 divinitatem
1262 897 1305 940 cx
1333 874 1434 940 calice
1461 873 1630 939 celebrans
1662 875 1853 939 memoriam
1886 875 2001 940 mortis
2028 873 2168 953 Christi,
2201 882 2243 939 ut

116 1014 120 1020 -
231 966 287 1032 vel
305 965 347 1032 ad
366 963 607 1030 humanitatem
629 961 797 1027 commode
819 972 934 1044 potest,
957 960 1014 1026 sed
1037 970 1210 1042 utramque
1262 959 1369 1039 decet,
1403 959 1568 1042 particeps
1601 961 1665 1024 erit
1696 961 1842 1043 corporis
1874 960 1978 1042 ipsius
2005 967 2039 1024 et
2065 960 2242 1044 sanguinis

232 1051 330 1117 simul
353 1050 478 1115 Paulus
504 1048 748 1131 complectitur,
778 1049 855 1130 quia
882 1068 947 1111 non
976 1044 1140 1128 duplicem
1161 1045 1209 1109 fa·
1262 1045 1390 1128 (Ioann.
1413 1046 1444 1123 6,
1468 1046 1533 1127 54).
1578 1045 1718 1110 Nullum
1745 1046 1814 1111 lore
1841 1044 1996 1128 baptismi
2017 1067 2115 1110 usum
2136 1046 2242 1111 senti·

233 1138 326 1204 ciunt
357 1135 545 1215 Christum,
578 1134 636 1198 sed
670 1154 774 1197 unum
804 1132 975 1196 duntaxat
994 1132 1209 1196 constituunt.
1261 1152 1345 1208 mus,
1367 1130 1470 1196 donec
1490 1129 1554 1195 fide
1572 1130 1837 1213 apprehendatur
1854 1131 1935 1196 haec
1952 1132 2135 1213 promissio.
2169 1130 2241 1195 Ve-

234 1222 300 1302 Qui
330 1221 540 1286 mediocriter
566 1219 691 1284 versati
720 1220 853 1283 suntin
876 1217 1061 1300 scripturis,
1091 1236 1210 1299 agnos-
1262 1237 1337 1280 rum
1364 1238 1431 1281 non
1461 1212 1524 1280 sibi
1552 1217 1690 1298 quisquc
1719 1223 1864 1295 tantum,
1896 1215 1954 1282 sed
1983 1217 2107 1299 pariter
2134 1215 2241 1281 soboli

233 1315 314 1374 cunt
339 1306 427 1372 hano
457 1307 634 1389 genuinam
669 1326 740 1369 esse
767 1303 904 1387 phrasin
932 1302 1068 1384 spiritus
1095 1302 1210 1366 sancti.
1263 1321 1343 1366 suae
1365 1300 1596 1384 apprehendit:
1621 1303 1689 1365 imo
1709 1321 1823 1366 omnes
1844 1302 1880 1365 in
1902 1321 2076 1366 commune
2098 1302 2243 1384 amplec-

234 1392 301 1475 Qui
323 1391 474 1476 religiose
503 1391 651 1474 cogitant
681 1389 721 1454 de
749 1387 983 1472 redemptionis
1005 1396 1136 1452 nostrae
1159 1408 1212 1451 ar·
1263 1387 1365 1450 timur
1393 1387 1534 1470 gratiam
1563 1386 1656 1452 illam
1682 1387 1839 1453 ecclesiae
1866 1386 2017 1452 oblatam.
2065 1385 2104 1452 Si
2136 1407 2242 1471 neges

233 1499 332 1555 cano,
360 1477 590 1541 suavissimam
618 1474 874 1539 consolationem
901 1472 1089 1556 percipiunt
1110 1493 1211 1554 quum
1251 1473 1364 1537 talem
1390 1473 1640 1554 promissionem
1666 1473 1824 1550 inveniri,
1858 1493 1941 1554 quae
1973 1473 2009 1536 in
2036 1472 2243 1554 baptismum

236 1561 376 1628 audiunt
404 1561 575 1626 Christum
602 1559 731 1625 duabus
758 1560 804 1622 ita
831 1558 959 1625 naturis
986 1566 1151 1635 constare,
1179 1566 1212 1621 et
1264 1567 1442 1639 competat:
1465 1558 1549 1622 mihi
1571 1557 1700 1623 abunde
1723 1559 1844 1623 sufficit
1865 1579 1952 1622 unus
1974 1557 2073 1637 locus,
2097 1558 2153 1622 ubi
2175 1559 2242 1623 Pe-

235 1647 368 1730 quidem
398 1647 577 1723 distinctis,
607 1652 646 1709 ut
672 1654 782 1710 tamen
812 1667 898 1710 unus
927 1644 984 1708 sit:
1017 1650 1113 1725 atque
1135 1664 1212 1707 eum
1264 1650 1336 1709 trus
1357 1664 1430 1707 eam
1453 1664 1538 1725 quae
1562 1642 1717 1708 Abrahae
1741 1645 1777 1707 in
1805 1644 2053 1710 circumcisione
2080 1643 2157 1708 data
2177 1644 2244 1707 fuit

235 1735 291 1815 qui
309 1733 397 1798 filius
415 1732 612 1809 estMariae,
635 1730 734 1795 simul
751 1742 784 1795 et
801 1729 1001 1795 coniunctim
1019 1750 1090 1794 esse
1107 1728 1212 1793 filium
1264 1727 1412 1793 extendit
1440 1728 1481 1793 ad
1509 1740 1640 1811 tempus
1663 1730 1740 1794 novi
1768 1731 1964 1794 testamenti.
2010 1727 2065 1793 Ad
2086 1749 2160 1803 vos,
2188 1729 2242 1792 in·

234 1819 314 1884 Dei:
336 1826 370 1882 et
391 1818 446 1899 qui
469 1816 556 1882 filius
578 1823 629 1881 est
649 1817 723 1894 Dei,
752 1815 858 1880 filium
882 1835 952 1880 esse
975 1814 1115 1879 eundem
1138 1813 1212 1878 Illa-
1264 1815 1348 1896 quit,
1384 1821 1418 1877 ct
1444 1813 1528 1878 filios
1563 1824 1690 1879 vestros
1717 1815 1861 1897 pertinet
1895 1814 1977 1880 haec
2005 1815 2126 1897 gratim
2162 1815 2243 1879 estis

234 1905 313 1983 riae,
335 1912 374 1967 ut
395 1904 497 1967 frater
520 1908 632 1965 noster
655 1902 707 1978 sit,
731 1922 768 1966 ac
790 1920 865 1966 caro
890 1907 1015 1964 nostra:
1045 1920 1106 1964 nos
1134 1919 1212 1966 vero
1264 1900 1351 1964 enim
1375 1899 1533 1964 haeredes
1557 1900 1782 1982 promissionis
1812 1903 1898 1981 (Act.
1919 1907 1948 1979 2,
1970 1904 2034 1977 39).
2054 1906 2057 1910 ’
2081 1900 2144 1965 Cui
2166 1921 2243 1965 sen·

234 2010 293 2071 per
316 1993 389 2067 [pag.
414 1993 467 2066 40]
489 1989 598 2070 ipsum
619 1986 678 2050 filii
700 1987 775 2051 Dei.
1264 1984 1388 2049 tentiae
1409 1985 1611 2070 suffragatur
1630 1986 1693 2049 ista
1714 1986 1813 2051 Pauli
1834 1986 1942 2062 (Rom.
1967 1991 2015 2061 15,
2035 1988 2084 2068 8):
2125 1985 2242 2051 Chris·

1265 2076 1320 2134 tus
1338 2070 1494 2134 minister
1516 2078 1567 2136 est
1587 2071 1856 2148 cirumcisionis,
1885 2069 1927 2133 ad
1954 2070 2139 2154 implendas
2165 2091 2242 2153 pro-

1264 2155 1437 2220 missiones
1458 2176 1540 2237 quae
1560 2154 1708 2238 patribus
1734 2155 1828 2221 datae
1849 2158 1987 2221 fuerent.
2033 2156 2159 2222 Gentes
2182 2177 2242 2221 au·

320 2244 474 2327 Regnum
503 2243 567 2306 Dei
595 2242 740 2323 incipere
768 2241 804 2304 iu
833 2239 1022 2304 hominibus
1051 2239 1212 2304 sentimus
1263 2248 1330 2304 tem
1354 2260 1454 2324 super
1475 2241 1698 2307 misericordia
1716 2242 1896 2326 glorificate
1907 2242 2025 2306 Deum.
2059 2243 2242 2326 Postquam

233 2328 365 2413 quando
392 2336 639 2412 regenerantur.
685 2327 778 2392 Tunc
809 2334 920 2390 autem
944 2325 1134 2408 regenerari
1162 2323 1211 2388 di·
1263 2324 1398 2391 Iudaeis
1424 2327 1584 2391 stabilivit
1611 2348 1703 2392 suam
1849 2328 1990 2406 sionem,
2018 2335 2133 2410 gentes
2160 2348 2243 2409 quo·

234 2417 347 2491 oimus,
370 2413 500 2497 quando
522 2412 753 2477 illuminantur
775 2411 812 2475 in
833 2410 960 2476 Christi
981 2411 1090 2488 fidem,
1108 2411 1211 2475 refor·
1263 2432 1327 2494 que
1350 2412 1387 2476 in
1408 2413 1596 2477 societatem
1618 2412 1683 2478 illis
1751 2415 1864 2497 'ungit
1909 2413 1951 2476 In
1973 2433 2075 2479 coena
2096 2413 2243 2496 exigitur

233 2506 369 2566 mantur
395 2499 433 2562 in
461 2497 681 2563 obedientiam
704 2498 768 2561 Dei
800 2498 946 2579 ipsorum
973 2495 1088 2574 corda,
1117 2497 1211 2560 etin
1264 2518 1285 2561 a
1306 2496 1445 2582 singulis
1465 2499 1634 2580 proprium
1662 2518 1802 2563 examen
1831 2509 1865 2563 et
1885 2499 2019 2580 propria
2039 2497 2130 2563 fides.
2173 2497 2244 2563 Ne-

234 2605 371 2663 summa,
393 2583 523 2666 quando
540 2584 577 2646 in
596 2584 676 2667 ipsis
694 2582 898 2646 instauratur
908 2581 973 2646 Dei
991 2582 1109 2665 imago.
1143 2579 1212 2647 Sed
1264 2603 1328 2665 que
1361 2603 1440 2648 vero
1473 2583 1564 2649 aliud
1596 2582 1694 2648 hodie
1723 2584 1922 2649 discriminis
1949 2584 2126 2649 statuimus
2153 2583 2244 2647 inter

233 2670 516 2755 regenerationem
544 2689 628 2752 nego
656 2676 820 2732 momento
849 2667 976 2748 perlici:
1009 2668 1088 2732 satis
1110 2674 1162 2732 est
1183 2666 1212 2731 si
1265 2667 1347 2733 haec
1368 2667 1433 2733 duo
1451 2679 1664 2747 sacramenta,
1687 2670 1887 2752 baptismum
1904 2669 2027 2734 seilicet
2044 2678 2078 2734 et
2095 2689 2242 2747 coenam,

235 2753 440 2839 quotidianos
466 2754 565 2818 faciat
586 2772 780 2836 progressus
802 2751 966 2835 usquead
987 2761 1141 2817 mortem:
1176 2756 1213 2816 ut
1265 2773 1363 2836 quam
1383 2754 1473 2818 inter
1494 2756 1775 2820 circumcisionem
1793 2762 1827 2820 et
1847 2756 1950 2837 pesah
1967 2755 2046 2820 clim
2066 2755 2137 2819 fuit.
2173 2752 2244 2819 Sed

234 2861 365 2907 summa
398 2837 592 2904 excellentia
624 2840 659 2902 in
687 2837 750 2902 hcc
776 2837 900 2903 mundo
927 2839 970 2902 sit
996 2845 1107 2902 tamen
1137 2858 1213 2903 cum
1265 2839 1342 2904 nolo
1364 2859 1436 2905 esse
1454 2840 1620 2922 prolixior.
1656 2839 1724 2922 Qui
1743 2841 1831 2904 euim
1848 2839 2029 2923 prudenter
2046 2839 2243 2923 analogiam,

235 2925 383 3008 profectu
410 2924 591 2989 coniuncta
636 2923 727 2987 Hinc
749 2923 849 2987 ctiam
872 2924 1035 3005 sequitur,
1064 2923 1213 2990 inchoari
1265 2946 1365 3006 quam
1397 2925 1482 3003 dixi,
1510 2926 1597 2991 inter
1623 2925 1722 2993 fidem
1748 2933 1784 2989 et
1804 2927 2037 3008 promissiones
2069 2923 2245 3008 expendet,

235 3010 401 3076 duntaxat
423 3030 563 3092 regnum
584 3010 648 3073 Dei
676 3010 713 3072 in
734 3009 844 3074 nobis:
874 3008 1028 3091 quamdiu
1050 3009 1105 3079 hio
1128 3009 1213 3072 vivi·
1267 3015 1341 3090 [pag.
1366 3017 1419 3090 42]
1449 3009 1526 3076 huic
1554 3010 1722 3076 doctrinae
1750 3032 1817 3075 non
1840 3010 2014 3075 difficulter
2036 3011 2244 3087 assentietur.

235 3116 311 3161 mus
328 3096 422 3161 novis
439 3094 582 3177 quotidie
599 3095 811 3159 incrementis
831 3094 959 3176 augeri:
982 3095 1214 3177 perfectionem
1266 3094 1364 3174 Quod
1381 3104 1492 3161 autem
1512 3095 1629 3160 deinde
1648 3117 1754 3180 rogas,
1776 3117 1931 3178 quorsum
1948 3098 2100 3161 instituta
2120 3096 2247 3161 fuerint

235 3189 346 3246 autem
371 3181 443 3245 eius
475 3179 530 3245 hic
559 3201 625 3244 non
650 3188 788 3244 exstars.
832 3178 938 3243 Plena
967 3189 1018 3245 est
1051 3181 1214 3262 scriptura
1266 3181 1414 3264 symbola
1436 3182 1590 3264 baptismi
1611 3190 1646 3245 et
1666 3201 1787 3246 coenae
1808 3183 1845 3245 in
1866 3180 1995 3246 loedere
2017 3203 2110 3259 novo,
2132 3180 2246 3245 brevi·

236 3267 431 3332 testimoniis
452 3263 494 3330 ed
520 3265 607 3331 hane
634 3287 704 3330 rem
733 3262 950 3347 probandam:
978 3286 998 3330 a
1019 3264 1137 3348 quibus
1159 3285 1214 3329 su·
1266 3276 1317 3329 ter
1337 3266 1533 3348 respondeo:
1562 3267 1724 3350 baptismo
1751 3266 1844 3333 nobis
1866 3267 2073 3350 adoptionem
2096 3277 2248 3331 nostram

235 3352 400 3436 pcrsedeo,
423 3372 466 3416 ne
486 3350 664 3416 laborando
681 3351 717 3415 in
740 3351 787 3415 rei
809 3350 915 3415 clarae
937 3351 1129 3433 probatione
1151 3351 1213 3413 sim
1266 3350 1444 3435 obsignari,
1462 3362 1500 3416 ut
1518 3373 1712 3417 censeamur
1728 3354 1816 3417 inter
1832 3354 1897 3418 Dei
1912 3353 2012 3419 filios:
2031 3372 2126 3419 sacra
2142 3372 2248 3418 coena

235 3436 401 3504 ridiculus.
454 3437 568 3520 Neque
607 3438 641 3500 in
678 3435 818 3521 singulis
857 3444 988 3501 tentum
1026 3434 1213 3501 hominibus
1265 3437 1375 3501 Deum
1404 3436 1480 3502 boni
1515 3438 1760 3520 patrisfamilias
1794 3439 1938 3504 officium
1970 3459 2142 3523 peragere,
2182 3458 2247 3504 nos

236 3524 400 3605 scriptura
420 3543 561 3607 regnum
584 3523 649 3586 Dei
671 3522 858 3606 promoveri
881 3520 988 3586 docet:
1018 3522 1076 3587 sed
1098 3520 1213 3586 aetati-
1267 3521 1398 3600 alendo,
1432 3533 1606 3606 postquam
1640 3524 1676 3588 in
1702 3523 1775 3588 eius
1803 3522 1936 3589 domum
1970 3546 2083 3589 sumus
2110 3525 2246 3590 receti.

235 3609 297 3674 bus
314 3612 414 3673 etiam
436 3607 587 3672 attribuit
608 3619 793 3691 augmenta.
827 3605 1113 3688 Quemadmodum
1125 3608 1214 3672 Pau·
1266 3607 1382 3690 Neque
1403 3630 1457 3673 me
1478 3610 1559 3673 latet
1581 3629 1665 3691 quae
1686 3608 1839 3675 obiectari
1860 3618 1976 3674 contra
1996 3611 2131 3675 soleant
2174 3545 2249 3674 ded

236 3693 297 3772 lus,
320 3692 399 3757 dum
422 3701 565 3759 veterem
587 3695 745 3775 populum
768 3693 936 3759 nobiscum
958 3702 1137 3775 comparat,
1163 3693 1212 3757 di·
1267 3695 1343 3776 quia
1364 3694 1447 3758 mihi
1468 3694 1584 3760 videor
1605 3695 1757 3761 omnibus
1779 3696 1913 3760 obiectis
1936 3694 2014 3760 alibi
2036 3694 2249 3774 eansfeoissc,

236 3779 362 3843 cit-nos
382 3778 564 3843 adolevisse
585 3779 760 3844 iniustam
781 3786 936 3856 aetatem,
966 3800 1084 3861 pueros
1108 3779 1213 3843 fuisse
1267 3780 1422 3844 fusiorem
1451 3780 1701 3864 explicationem
1728 3780 1806 3845 iude
1834 3780 1903 3863 peti
1925 3781 2053 3849 malim.
2100 3778 2137 3846 Si
2166 3779 2249 3863 quid

218 3865 293 3946 ¹qui
322 3863 383 3927 sub
411 3863 484 3945 lege
512 3865 667 3928 vixerunt
694 3864 784 3947 (Cel.
804 3867 834 3940 t,
856 3867 871 3926 l
890 3865 1002 3946 seqq).
1047 3864 1213 3946 Utrosquc
1268 3864 1368 3943 deest,
1392 3870 1527 3948 paratus
1547 3887 1622 3931 sum
1643 3865 1792 3945 adiicere,
1816 3868 1844 3930 si
1866 3867 1958 3932 fuero
1981 3866 2177 3932 admonitus.

236 3956 348 4012 tamen
371 3946 455 4012 filios
477 3970 547 4013 esse
570 3957 711 4015 testatur
734 3958 766 4012 et
788 3946 955 4025 haeredes,
975 3959 1008 4012 et
1028 3948 1157 4025 liberos,
1181 3961 1215 4012 et

150 4050 154 4059 ·
192 4031 198 4042 ’
227 4034 357 4115 spiritu
374 4032 535 4098 libertatis
553 4033 728 4116 praeditos,
751 4034 844 4099 cuius
866 4034 1019 4116 auspiciis
1040 4034 1215 4100 inchoatur

238 4127 271 4184 et
290 4118 451 4202 impletur
471 4119 508 4217 in
529 4119 624 4183 nobis
647 4119 710 4217 Dei
731 4140 880 4203 regnum.
926 4117 1054 4184 Deinde
1076 4119 1213 4184 alteram
1311 4152 1618 4221 SOLUTIONUM
1640 4151 1907 4220 REFUTATIO
1930 4156 1962 4220 A
1984 4153 2202 4221 SERVETO

236 4224 364 4286 quoque
375 4212 600 4287 except10nem
612 4203 814 4281 adhrbemus,
834 4203 919 4287 quod
938 4224 1026 4268 nunc
1043 4226 1102 4286 per
1121 4225 1213 4287 spem
1678 4238 1830 4304 MISSA·
1959 4265 1964 4278 ¹
2095 4237 2099 4243 -

468 2122 522 2187 Ad
544 2121 723 2188 secundam
745 2122 979 2206 quaestionem.

120 4355 123 4359 ,
237 4289 378 4373 ingressi
399 4291 436 4352 in
456 4310 596 4372 rognum
620 4288 693 4366 Dei,
716 4291 848 4367 realem,
871 4311 968 4372 quam
993 4300 1118 4367 vocant,
1140 4312 1213 4372 pos·

237 4375 415 4440 sessionem
436 4376 514 4439 olim
536 4395 723 4439 cernemus:
754 4375 817 4440 hoe
840 4380 913 4452 est,
935 4375 1020 4458 quod
1043 4397 1133 4440 nunc
1156 4396 1214 4458 spe

238 4458 438 4536 obtinemus,
458 4481 509 4523 re
541 4461 614 4542 ipsa
648 4459 802 4526 Christus
834 4460 1012 4525 fruendum
1046 4460 1214 4526 exhibebit

238 4542 354 4608 ultimo
381 4565 439 4608 suo
468 4545 622 4610 adventu.
655 4546 769 4629 Neque
790 4547 851 4610 hoc
872 4546 1058 4626 membrum
1081 4547 1216 4611 dubium
1355 4546 1523 4610 Hominem
1551 4544 1658 4608 Iesum
1686 4545 1870 4626 crucifixum
1896 4567 2015 4611 mecum
2039 4547 2152 4629 fateris
2179 4568 2273 4614 esse·

1396 4410 1449 4474 Ad
1472 4410 1611 4492 primam
1630 4411 1856 4490 quaestionem
1878 4410 1917 4475 de
1939 4411 2007 4475 filio
2029 4411 2116 4476 Iesu.

116 4654 122 4664 ·
239 4649 310 4694 esse
332 4628 428 4693 debet
456 4630 543 4695 inter
570 4651 626 4696 ecs
653 4633 707 4713 qui
730 4653 765 4697 se
787 4632 908 4714 aliquid
931 4633 964 4696 in
988 4635 1088 4698 sacris
1110 4631 1214 4696 literis
1265 4632 1370 4712 filiam
1380 4629 1452 4695 Dei.
1488 4630 1676 4695 Filiutt'cm‘s
1697 4632 1793 4695 huius
1814 4633 1966 4697 rutimem
1986 4654 2047 4697 uon
2068 4633 2148 4697 diets
2169 4653 2249 4714 esse,

237 4714 356 4798 legisse
377 4717 580 4798 profitentur.
614 4716 731 4800 Itaque
752 4738 819 4783 non
842 4719 922 4783 satis
944 4740 1099 4801 assequor
1119 4739 1215 4806 quor·
1267 4717 1350 4798 quod
1372 4715 1459 4781 bomo
1487 4717 1555 4796 ipse
1582 4717 1626 4779 sit
1644 4718 1769 4800 pendas
1791 4741 1814 4799 a
1836 4717 1920 4796 Dec,
1949 4720 2005 4783 sed
2026 4719 2109 4800 quod
2129 4719 2172 4782 su
2194 4740 2251 4785 res

238 4822 311 4866 sum
334 4804 410 4879 [pag.
432 4807 485 4880 41]
504 4801 619 4868 tendat
641 4803 723 4869 haec
744 4805 900 4888 quaestio.
1141 4845 1147 4857 ·
1267 4803 1336 4866 clia
1356 4801 1475 4883 pendo,
1502 4822 1582 4882 quae
1608 4822 1734 4867 cornua
1760 4804 1873 4868 induit
1918 4805 1975 4868 Aa
1997 4804 2152 4884 assumpti
2172 4813 2250 4884 pr'o-

618 4940 673 5004 Ad
696 4941 836 5005 tertiam·
1268 4886 1418 4950 hattonem
1439 4886 1540 4950 noima
1561 4887 1640 4951 citos
1660 4889 1860 4971 allegorirmn
1880 4888 1998 4952 dictum
2014 4889 2052 4954 de
2075 4885 2249 4970 Sapientia

324 5057 398 5120 Non
420 5080 580 5143 negamus
609 5060 689 5140 quin
716 5060 898 5143 baptismus
928 5057 1026 5122 fidem
1054 5057 1213 5137 requirat:

146 5158 151 5165 ⁸
238 5140 295 5205 sed
323 5162 389 5238 {¹⁰¹¹
417 5144 523 5225 qualis
558 5144 739 5242 reqffifitlfff
766 5146 800 5207 in
820 5162 941 5240 ‚⁰⁰9nss·
991 5140 1092 5206 Fides
1126 5142 1214 5205 enim
1338 5172 1365 5241 l)
1385 5174 1422 5229 0r
1439 5191 1474 5229 au
1493 5176 1638 5245 Baptesme
1656 5176 1725 5231 Dieu
1750 5179 1891 5245 promett
1913 5192 1957 5230 ses
1980 5174 2074 5231 fideles
2097 5177 2164 5245 qu‘il
2182 5193 2250 5235 sen

237 5225 431 5292 relationem
449 5250 579 5311 semper
596 5228 637 5292 ad
648 5230 713 5292 Det
723 5246 973 5310 promissionem
984 5227 1092 5293 habet.
1119 5225 1215 5291 ldec·
1268 5243 1292 5296 le
1311 5243 1433 5299 Serveur
1450 5252 1477 5298 et
1496 5259 1561 5313 pere
1579 5244 1658 5300 d’eux
1676 5244 1755 5299 etde
1774 5246 1833 5299 leur
1850 5258 1984 5300 semones.
