4604 5896
77 304 139 368 653
769 296 1034 366 EPISTOLAE
1055 294 1122 364 AD
1141 283 1401 367 OALVINUM.
2031 308 2095 372 osc
2166 328 2171 337 ·

76 509 146 556 uere
167 487 404 554 daemoniorum
422 487 566 570 spiritus,
584 504 606 549 u
622 483 736 568 quibus
754 486 892 569 occupati
911 490 1061 564 tenentur,
1114 488 1174 562 est,
1203 483 1276 553 bene
1288 487 1314 570 ¹)
1342 506 1432 554 nosse
1455 491 1684 573 perorationem
1710 491 1847 558 bominis
1873 490 1971 557 buius
1997 497 2094 559 ader·

76 573 133 658 qui
154 572 269 638 bestiae
290 574 464 639 trinitatem
484 576 664 656 apnoscunt.
712 570 823 638 Orbem
851 570 886 635 bi
912 576 974 637 tres
997 571 1062 653 spi-
1112 590 1197 651 nam,
1218 576 1247 637 et
1268 574 1459 656 opressiones
1480 576 1548 642 eius
1568 578 1691 657 corias,
1713 582 1748 642 ut
1769 578 1815 643 ait
1836 575 2008 643 Michaeas.

76 660 161 725 ritus
192 659 357 738 concitant,
395 663 502 724 contra
534 677 654 740 opnurn
685 656 921 723 immaculatum
953 656 1061 722 Iesum

79 743 250 823 Christm
281 743 387 824 filium
414 744 493 823 Dei,
527 743 627 823 Apoo.
659 748 712 807 16.
757 741 853 808 Falsi
884 762 957 827 erpo
987 746 1063 807 sunt

76 830 312 896 trinituriorurn
333 829 509 895 inuisibibs
529 829 587 906 dii,
610 828 685 893 adeo
705 828 800 910 falsi,
822 829 903 893 siud
923 827 972 893 dii
992 826 1062 891 Ba·
1374 818 1610 899 EPISTOLA
1631 830 1832 912 QUARTA.

77 914 289 999 bploniorum:
309 934 407 997 quum
422 915 614 996 praesertim
634 915 684 980 du
705 913 756 979 illi
776 934 812 979 in
833 912 995 997 Babylone
1015 933 1062 978 eo-

76 999 194 1068 lantur.
243 1000 328 1067 Vale.
1200 1002 1274 1077 [pig.
1295 1002 1370 1077 5⁸3]
1395 997 1545 1066 Crassum
1564 1001 1692 1068 iudicas
1710 1000 1792 1066 bona
1807 1021 1909 1067 rneum
1928 1002 2092 1084 baeresim,

1111 1103 1192 1165 puae
1214 1082 1322 1148 Iesum
1353 1083 1508 1151 bominem
1533 1088 1633 1153 credit
1654 1107 1719 1154 esse
1740 1108 1847 1153 verum
1868 1093 1897 1154 et
1916 1089 2094 1154 naturalem

1110 1168 1215 1249 filium
1234 1168 1308 1248 Dei,
1339 1188 1452 1251 eorpus
1480 1173 1601 1253 ipsum,
1636 1174 1672 1238 in
1693 1172 1783 1238 uerbo
1811 1178 1841 1237 et
1869 1174 1990 1256 eupolis
2017 1174 2093 1240 alirn

352 1286 587 1357 EPISTOLA
609 1287 790 1354 TERTIA·
1106 1254 1367 1352 prdlfiqurdibm.
1404 1253 1556 1323 ormam
1578 1257 1613 1322 Ob
1634 1258 1680 1339 id,
1699 1258 1781 1340 quod
1802 1258 1926 1324 visibile
1946 1278 2002 1326 seu
2018 1280 2094 1342 pet·-

1112 1337 1251 1419 ceptrbrle
1272 1340 1350 1419 pund
1371 1341 1467 1419 uerbo,
1489 1344 1621 1424 spiritui
1642 1349 1670 1407 et
1690 1343 1968 1426 unpelistribuarn.
1998 1343 2094 1410 Oros·

1112 1444 1183 1488 sam
1207 1423 1288 1488 banc
1313 1423 1407 1504 tidem
1428 1429 1689 1509 amplectebantur
1715 1429 1791 1494 olim
1815 1430 1910 1496 rudes
1929 1430 2092 1510 discipuli,

166 1510 306 1595 Saepius
338 1532 391 1595 epo
422 1517 451 1577 te
476 1510 601 1589 monui,
640 1531 679 1576 ne
705 1510 789 1577 illud
827 1512 926 1576 trium
953 1530 1060 1576 rerum
1111 1514 1140 1574 et
1166 1509 1395 1590 amplectuntur
1421 1532 1504 1579 nuno
1530 1514 1598 1578 ueri
1628 1513 1818 1592 Christiani,
1851 1516 1997 1596 quernus
2023 1535 2094 1580 earn

77 1603 253 1664 monstrum
274 1603 413 1678 tautum,
435 1603 550 1663 ettam
571 1596 778 1678 impossibile,
800 1597 836 1662 in
857 1596 928 1662 Deo
948 1600 984 1661 tu
1006 1596 1061 1661 ad·
1111 1594 1258 1660 sublimes
1279 1595 1490 1664 mathematici
1517 1603 1547 1665 et
1565 1598 1808 1683 metaplrpsioi2)
1829 1601 1965 1665 rideant.
2012 1601 2094 1665 Tum

77 1684 194 1762 mittas,
216 1683 315 1749 nullis
336 1684 409 1749 bene
430 1683 592 1760 intellectis
608 1682 777 1764 scripturis
789 1682 965 1766 probatum.
988 1680 1062 1746 Hac
1111 1680 1269 1746 ocbernerrs
1290 1685 1334 1746 est
1352 1681 1476 1763 illusio,
1505 1689 1540 1749 ut
1560 1684 1843 1766 manifestationem
1862 1683 2005 1769 ipsamfl)
2028 1684 2093 1749 Dei

79 1772 184 1834 tamen
215 1770 404 1835 rationein
436 1769 584 1847 moueris,
623 1769 706 1850 quod
738 1767 829 1834 Deus
868 1768 908 1833 ob
937 1772 1060 1834 aeterno
1110 1785 1199 1832 nemo
1226 1771 1380 1848 apnosout.
1423 1767 1515 1834 Deus
1544 1793 1565 1833 a
1592 1769 1778 1835 mortalibus
1807 1790 1869 1836 uon
1897 1770 2093 1854 inbllipitur,

77 1854 197 1920 dioitru
213 1859 323 1936 pater:
355 1855 429 1920 itern
456 1856 535 1937 quio
555 1852 765 1935 patriarchae
791 1853 972 1919 dicebantur
996 1852 1061 1934 filii
1110 1852 1177 1916 nisi
1192 1871 1255 1934 per
1275 1852 1451 1932 speudum:
1490 1874 1544 1920 nec
1565 1860 1639 1920 tunc
1659 1875 1729 1920 uere
1750 1855 1953 1940 intellipitur,
1976 1856 2044 1920 nisi
2059 1860 2094 1922 ut

77 1938 152 2016 Dei,
166 1941 190 2021 ¹)
225 1942 346 2005 ratione
378 1941 552 2022 incorporei
574 1939 665 2005 illins
691 1941 759 2004 iam
786 1944 857 2005 tunc
880 1939 1060 2005 exsistentis
1113 1957 1147 2002 se
1168 1936 1257 2003 nobis
1278 1936 1406 2017 exbibet,
1429 1940 1680 2022 manifestatione
1700 1941 1851 2022 quadam,
1880 1942 2097 2007 eteornrnuni·

76 2023 150 2105 ptri.
195 2025 391 2091 Leuissimae
423 2031 498 2091 sunt
527 2024 588 2089 bae
613 2027 761 2104 rationes,
795 2024 838 2090 ud
869 2029 995 2090 tuntum
1025 2024 1061 2088 in
1110 2023 1235 2088 catione.
1283 2022 1321 2088 Si
1346 2021 1439 2090 Deus
1471 2045 1534 2106 per
1562 2024 1691 2091 uerbum
1729 2032 1757 2091 et
1785 2027 1936 2108 spiritum
1963 2046 1996 2090 se
2022 2027 2096 2107 fecit

78 2109 149 2176 Deo
176 2116 350 2176 monstrum
375 2112 593 2178 inducendum.
637 2112 693 2177 Ad
715 2112 859 2193 primam
891 2130 945 2195 epo
975 2109 1060 2176 clare
1105 2107 1353 2190 perceptibilem,
1390 2111 1427 2175 in
1448 2111 1537 2177 uerbo
1564 2111 1731 2192 etspiritu
1758 2116 1828 2177 erat
1847 2112 1925 2191 quid
1940 2113 2094 2192 percepti-

81 2199 155 2274 [pag.
179 2202 255 2276 582]
277 2197 377 2276 dooni,
409 2197 532 2263 seclusa
563 2197 599 2262 in
625 2197 695 2262 Deo
725 2201 899 2277 temporum
928 2196 1059 2274 ratione,
1111 2194 1178 2271 bib,
1219 2214 1256 2261 oc
1289 2195 1425 2276 perinde
1464 2198 1500 2262 in
1540 2197 1669 2280 unpelis.
1714 2195 1891 2262 Materiam
1930 2196 2094 2278 quandam

78 2299 150 2346 eum
171 2302 293 2364 semper
324 2282 389 2349 dici
414 2289 549 2365 patrern,
582 2286 610 2347 et
638 2283 677 2347 ab
704 2287 826 2348 aeterno
852 2282 958 2364 filium
978 2280 1061 2346 bunc
1111 2278 1243 2346 luminis
1265 2280 1368 2346 diuini
1389 2282 1631 2365 susceptibilem,
1661 2288 1688 2347 et
1709 2301 1823 2362 eorpus
1843 2281 2001 2362 quoddam
2021 2281 2093 2347 sub-

75 2385 235 2449 penerare,
269 2369 304 2432 iu
332 2388 391 2450 quo
424 2374 454 2433 et
472 2375 583 2452 patres
613 2369 737 2449 amipui
762 2387 850 2450 mem
876 2367 1059 2432 babuerunt.
1109 2365 1266 2445 stantiab,
1288 2364 1456 2450 spiritibus
1477 2373 1505 2434 et
1526 2367 1648 2450 anpelis
1665 2368 1843 2434 tribuerunt
1863 2368 1991 2450 antiqui
2012 2367 2092 2433 theo

77 2450 165 2517 Hinc
198 2453 336 2519 secunda
367 2455 452 2520 ratio
483 2454 636 2533 diluitur,
676 2455 739 2519 imo
771 2458 807 2518 ut
842 2453 1060 2518 insulsissima
1112 2450 1190 2534 lopi:
1230 2471 1301 2517 cum
1329 2451 1443 2534 quibus
1461 2453 1498 2519 id
1519 2453 1683 2535 affirmant
1709 2472 1844 2537 mapnus
1865 2452 2031 2531 Basilius,
2064 2456 2094 2519 et

77 2538 270 2618 reprobatur.
317 2539 405 2604 Nam
436 2540 553 2622 filiatio
583 2540 675 2606 illius
706 2540 860 2605 secundae
889 2538 1061 2604 inuisibilis
1111 2538 1368 2622 Aupustinus,⁴)
1403 2557 1494 2619 quem
1533 2539 1590 2603 tibi
1615 2544 1787 2621 patronum
1816 2539 1925 2604 iaetus.
1976 2537 2095 2605 Lneacrn

77 2623 126 2687 rei
147 2623 229 2689 nibil
260 2623 351 2690 babet
382 2626 542 2692 nobiscnm
567 2645 741 2705 commune,
780 2630 816 2690 ut
846 2625 916 2690 eius
940 2625 1060 2689 ratione
1110 2622 1192 2689 bano
1218 2622 1295 2689 solis
1321 2624 1389 2705 ipse
1416 2624 1450 2689 in
1476 2624 1592 2691 Genesi
1612 2625 1712 2705 discit,
1739 2645 1806 2691 esse
1832 2623 2094 2690 substantiamet

78 2707 224 2775 dicamur
252 2710 325 2790 lilii.
371 2710 414 2775 Iu
443 2710 566 2778 bomine
596 2710 720 2777 Glrrista
751 2716 797 2776 est
828 2731 905 2776 uera
933 2710 1058 2793 filiatio,
1110 2727 1230 2790 eorpus,
1251 2709 1333 2791 quad
1353 2729 1387 2774 se
1407 2708 1494 2775 intus
1509 2711 1675 2791 penetrari
1696 2712 1783 2776 sinit.
1824 2710 1902 2775 Tale
1921 2714 1967 2774 est
1987 2709 2094 2794 anpeli

77 2793 255 2860 bominibus
276 2797 513 2863 communicata.
561 2797 651 2879 Quod
678 2798 715 2862 in
734 2795 936 2878 patriurcbis
961 2796 1060 2878 suerit
1110 2814 1239 2876 corpus,
1274 2795 1404 2861 aliunde
1424 2795 1635 2876 penetrabile,
1672 2815 1786 2879 eorpus
1810 2794 1986 2876 spirituale,
2021 2794 2093 2861 sub

75 2879 191 2960 filiatio
214 2880 343 2960 Christi,
364 2882 430 2964 fuit
450 2881 782 2963 umbreFuturornm,
802 2885 883 2948 sicut
903 2886 973 2947 erat
992 2880 1061 2946 illis
1110 2881 1229 2946 stantia
1257 2880 1407 2946 aetberea.
1454 2880 1597 2964 Spiritus
1625 2900 1730 2948 ornnes
1757 2882 1853 2948 etiam
1873 2879 2092 2968 rariorutcs,⁶)

78 2985 150 3046 spes
169 2966 275 3048 futrni
300 2965 429 3033 Obristi.
473 2967 565 3034 Deus
585 2968 712 3049 dicebat,
740 2988 774 3034 se
791 2968 861 3050 sore
875 2970 1061 3050 patrem,et
1112 2971 1141 3030 et
1167 2965 1404 3044 subtilissimos,
1436 2971 1581 3048 penetret
1608 2967 1666 3033 lun
1693 2967 1820 3045 diuina,
1863 2965 1991 3049 Sapien.
2016 2971 2038 3030 7
2064 2971 2094 3032 et

77 3069 136 3116 nos
156 3051 225 3133 fore
241 3052 334 3134 tilios,
356 3058 429 3118 tuuc
450 3053 486 3118 in
506 3053 628 3133 umbra,
650 3074 733 3120 nuno
755 3055 791 3120 in
812 3055 947 3120 ueritate.
969 3052 1061 3118 Deus
1111 3050 1207 3116 Hebr.
1232 3056 1263 3118 4.
1311 3051 1428 3118 Omnia
1454 3054 1576 3134 implet,
1599 3055 1707 3118 omniu
1722 3057 1881 3134 perutrat,
1908 3053 1945 3116 in
1964 3051 2092 3135 anpelos

79 3141 147 3201 erat
162 3142 259 3218 pater
274 3139 498 3220 personaliter,
532 3140 614 3205 siunt
634 3140 760 3207 eratin
779 3161 813 3207 eo
828 3159 968 3223 persono
984 3137 1059 3220 tilii.
1110 3138 1209 3202 intret
1235 3138 1418 3203 etunirnas.
1465 3139 1539 3205 Nou
1560 3139 1649 3217 obest,
1675 3139 1706 3203 si
1735 3139 1834 3217 dions,
1866 3137 2000 3218 spiritus
2020 3138 2093 3202 illos

78 3219 165 3288 Erat
190 3228 287 3304 poter
324 3224 465 3304 realiter,
503 3227 625 3291 ratione
663 3226 771 3306 ipsius
808 3225 944 3292 bominis
983 3223 1061 3290 Iesu
1111 3224 1189 3289 aliis
1209 3223 1390 3306 corporibus
1408 3226 1525 3290 vestiri.
1566 3224 1654 3289 Nam
1674 3225 1710 3289 id
1729 3222 1803 3303 fieri
1818 3226 1928 3303 potest.
1966 3220 2092 3300 Nibilo-

82 3304 216 3390 Glrristi,
249 3310 320 3375 sine
347 3315 482 3392 ternpore
508 3311 570 3376 sibi
597 3311 664 3376 iam
683 3313 877 3394 praesentis,
909 3315 937 3378 et
962 3310 1003 3376 ab
1026 3329 1061 3375 eo
1111 3311 1218 3377 minus
1250 3314 1295 3374 est
1333 3309 1416 3389 ipsis
1437 3310 1577 3390 proprio
1604 3309 1794 3388 substantia,
1834 3327 1929 3389 quarn
1955 3326 2012 3372 nos
2033 3305 2093 3372 ali-

81 3395 279 3460 adernaliter
298 3396 414 3480 puniti:
435 3396 516 3461 siant
536 3397 568 3461 si
589 3401 623 3461 tu
640 3396 679 3462 ab
698 3402 822 3463 aeterno
840 3398 999 3479 spirasses
1016 3395 1060 3462 ud
1110 3395 1237 3478 quando
1259 3394 1447 3461 sensibiliter
1461 3395 1683 3478 percipiemus,
1706 3400 1734 3459 et
1754 3413 1837 3458 nuno
1849 3394 2091 3475 perciperemus,

74 3477 199 3559 prolem
221 3481 377 3562 alienam,
410 3486 438 3547 el
466 3482 582 3548 mulier
604 3502 674 3549 eam
692 3503 777 3548 nunc
792 3487 928 3566 pareret.
973 3482 1060 3548 Hine
1110 3483 1273 3547 sisennus
1292 3484 1392 3547 essent
1412 3479 1500 3546 nobis
1520 3484 1587 3545 tam
1607 3481 1765 3562 exquisiti.
1809 3478 1970 3561 Quidquid
1991 3478 2094 3543 estin

80 3563 198 3630 dicitur
224 3564 368 3633 Christus
399 3568 570 3634 seeundum
600 3569 751 3650 spiritum
780 3589 846 3641 esse
875 3567 965 3650 filius
985 3567 1058 3646 Dei,
1110 3567 1244 3647 mundo,
1259 3571 1304 3632 est
1324 3566 1424 3648 speeie
1445 3565 1557 3647 aliqua
1573 3565 1780 3649 perceptibib.
1820 3563 1863 3629 In
1884 3564 1953 3630 Deo
1974 3582 2092 3645 quoque

80 3649 158 3731 quia
189 3655 234 3715 est
259 3671 322 3733 per
353 3653 559 3735 spirationun
580 3654 647 3720 Dei
663 3657 803 3738 penitus,
833 3659 862 3720 et
894 3652 1060 3738 spirituali
1112 3674 1213 3720 sermo
1233 3657 1262 3719 et
1281 3652 1418 3735 spiritus
1434 3652 1665 3734 perorpiuntur,
1678 3671 1740 3733 per
1760 3670 1838 3734 puros
1859 3669 1892 3716 se
1912 3649 1967 3716 ille
1987 3651 2091 3716 mani-

80 3735 192 3801 diuina
223 3738 344 3804 ratione
359 3739 544 3820 productus.
592 3739 699 3806 Grave
730 3741 788 3806 tibi
815 3745 861 3805 est
892 3740 1059 3818 concedere,
1109 3740 1228 3822 festare
1252 3737 1357 3816 uoluit,
1397 3741 1425 3802 et
1457 3758 1519 3820 per
1546 3757 1623 3819 quos
1646 3736 1862 3819 perceptibiles
1887 3739 1962 3800 suut
1987 3735 2093 3801 onmia
2233 3770 2235 3775 ·

79 3820 235 3887 bominem
270 3822 430 3890 Olursturn
461 3845 528 3892 esse
564 3844 603 3891 en
631 3824 703 3891 Deo
726 3827 874 3911 peritum.
923 3826 971 3891 Ac
1003 3843 1061 3891 nos
1109 3825 1199 3907 factu
1219 3821 1449 3906 perceptibilia.
1496 3820 1534 3887 sc·
1564 3823 1690 3889 uerbum
1722 3827 1751 3887 et
1783 3820 1932 3903 mictum
1952 3821 2094 3887 comedis

79 3926 191 3973 sumus
223 3928 263 3974 eu
286 3908 356 3976 Deo
382 3911 492 3994 puniti,
525 3910 617 3976 Ioan.
644 3916 673 3976 1.
718 3912 775 3977 An
800 3912 903 3977 simili
929 3911 1059 3990 ratione,
1106 3910 1327 3994 perceptibilia
1353 3929 1432 3989 esse,
1467 3928 1546 3989 quae
1573 3928 1613 3973 ec
1642 3909 1690 3974 eis
1718 3911 1849 3990 sequuta
1877 3911 1950 3973 sunl
1978 3908 2093 3989 effecto,

78 4012 121 4058 an
142 3993 340 4076 nublimiore,
367 4002 412 4062 est
432 3995 485 4062 ilb
512 4016 552 4061 en
573 3995 643 4063 Deo
662 3997 812 4081 penitus?
856 3996 942 4062 Certe
963 3996 1060 4062 snbli·
1105 3994 1327 4079 perceptibilia
1348 3996 1448 4062 dices:
1486 3994 1611 4060 tametsi
1631 3994 1809 4059 invisibilia
1829 3992 1990 4070 dicamus,
2013 4012 2094 4074 quae

78 4080 175 4145 miore
201 4084 230 4146 et
258 4081 298 4146 ab
320 4088 451 4148 aeterno.
497 4080 642 4165 Imponis
667 4082 762 4164 mibi,
788 4083 869 4164 quod
889 4102 1059 4148 sermonen
1110 4081 1280 4165 spirituali
1306 4081 1371 4146 alio
1397 4078 1501 4160 modo,
1539 4100 1635 4162 qnam
1655 4100 1718 4161 per
1738 4081 1843 4144 uisum
1858 4079 2091 4160 percipluntur.

78 4183 132 4247 epo
152 4165 291 4232 dixerim
321 4168 356 4232 in
383 4169 537 4234 creatione
558 4168 700 4250 coepisse,
733 4168 858 4251 quando
878 4168 969 4235 Deus
989 4188 1058 4234 sen-
1111 4167 1311 4234 Invisibibm
1330 4166 1469 4232 dicimus
1491 4172 1604 4245 obrem,
1622 4165 1858 4249 perceptibilem
1878 4168 1990 4228 tomen.
2036 4160 2093 4226 In-

79 4250 206 4314 tentiam
226 4252 266 4318 de
291 4255 424 4319 meando
446 4255 563 4320 mundo
578 4256 728 4335 protrudit,
757 4255 852 4337 quasi
874 4259 946 4321 trine
967 4255 1059 4320 eusti-
1110 4253 1280 4332 visibilern,
1306 4253 1452 4333 inquam,
1479 4252 1556 4332 quia
1578 4258 1624 4316 est
1645 4252 1711 4317 aoie
1730 4250 1829 4315 nostri
1849 4248 1938 4313 uisus
1958 4247 2092 4312 tenuior.

79 4334 149 4398 terit
169 4353 271 4401 sermo
286 4340 480 4419 prolationis
501 4340 544 4407 ad
567 4338 687 4406 Christi
705 4342 945 4424 peneratiorrem.
988 4340 1058 4424 Epo
1112 4339 1257 4422 Spiritus
1278 4338 1347 4419 ipse
1367 4337 1505 4417 diuinus,
1528 4337 1610 4402 uelut
1632 4356 1715 4402 aura
1731 4335 1842 4413 tenuis,
1861 4334 1898 4397 in
1921 4336 1995 4411 [pag.
2017 4336 2091 4411 ⁶84]

79 4419 293 4486 adsrubalem
324 4427 486 4507 sermonis,
517 4447 574 4493 seu
605 4428 742 4516 rationis
772 4427 909 4507 diuinae,
944 4426 1058 4508 ubique
1112 4428 1239 4491 animas
1259 4428 1385 4490 nostras
1405 4422 1547 4503 spirans,
1582 4442 1616 4488 se
1644 4421 1733 4488 nobis
1753 4417 1985 4500 perceptibilem
2004 4418 2093 4517 facit,

79 4503 184 4582 ouer,
212 4503 330 4574 Oinisti
355 4511 557 4612 relucentium
586 4518 759 4594 aeternam,
791 4514 897 4595 futuri
921 4512 1059 4612 bominis
1110 4512 1180 4578 licet
1205 4508 1457 4610 balim&
1480 4596 1486 4608 ·
1510 4507 1659 4574 Goelestes
1697 4510 1860 4605 creaturas
1897 4503 1956 4570 sub
1980 4523 2093 4605 ‚speeie

75 4595 640 4762 sensibusne
665 4599 887 4764 libili
913 4599 1060 4751 ibib
1109 4596 1215 4761 tlt}
1235 4592 1742 4747 tttbbtts‘tdb
1762 4590 2093 4742 mlviii

78 4781 112 4860 se
133 4762 353 4846 manifestans,
379 4767 475 4830 enioit
490 4774 602 4849 postea
622 4772 711 4836 uarie
732 4771 776 4835 ad
790 4770 971 4854 propbetas.
1014 4769 1058 4836 In
1109 4769 1245 4836 dicimus
1266 4788 1332 4834 esse
1353 4774 1459 4833 aireos
1476 4765 1589 4846 tlotus,
1618 4769 1646 4830 d
1667 4764 1776 4848 ipneos
1793 4763 1955 4843 flammas,
1982 4779 2093 4843 super·

77 4849 295 4915 incantatione
317 4852 416 4918 latius
437 4854 544 4933 euicit,
571 4859 600 4918 et
623 4857 851 4937 perorationem
872 4861 966 4923 totam
988 4876 1057 4924 con·

77 4935 256 5001 srmnuauit.
303 4936 495 5022 Mysterium
521 4958 672 5024 rnapnum
704 4945 763 5022 cst,
794 4947 822 5007 et
849 4942 965 5009 donum
993 4941 1059 5007 Dei
1179 4939 1209 5062 ὲ)
1225 4941 1361 5061 ''zum-”⁸⁹

78 5105 284 5116 -·-
1179 5011 1385 5213 iilic·

147 5207 178 5276 1)
196 5208 250 5265 Dei
267 5225 318 5265 orn.
1181 5214 1207 5281 5)
1225 5212 1323 5268 reales.
