4786 5910
209 341 271 404 363
866 349 871 355 '
1009 333 1073 398 DE
1095 332 1318 399 AETERNA
1339 332 1423 398 DEI
2155 337 2223 400 364

292 524 382 606 Ergo
405 541 505 603 quum
528 518 675 584 1661616
697 538 805 597 causa,
834 519 910 586 licat
938 518 1033 584 nobis
1060 520 1184 602 ignota,
1237 518 1286 582 illi
1314 518 1429 584 audire
1462 519 1652 585 noluerunt.
1709 517 1882 601 Quaedam
1909 519 2004 584 initio
2036 541 2219 587 consensus

206 608 389 677 aDomino
416 603 596 687 procedant
624 625 708 687 quae
736 604 893 671 scelerate
925 605 965 669 ab
994 605 1184 670 hominibus
1237 604 1362 687 species
1383 603 1437 671 hic
1459 626 1494 671 se
1517 607 1656 689 profert:
1690 604 1748 671 sed
1770 612 1931 688 quantum
1958 604 2000 670 61
2020 606 2144 670 166616
2161 606 2218 673 vel

205 692 368 760 maleficia
385 697 625 775 perpetrantur,
644 690 772 756 etiamsi
790 711 900 756 rerum
918 690 1065 755 omnium
1076 692 1186 773 prima
1238 689 1372 767 malum,
1396 690 1501 755 nihilo
1519 692 1629 756 minus
1652 689 1843 769 discordiae,
1866 711 1963 773 quam
1986 690 2075 756 inter
2096 712 2219 774 aquam

205 799 304 847 causa
333 779 377 843 sit
405 776 474 841 eius
497 775 660 854 voluntas,
698 777 821 859 pcccati
856 784 968 841 1611166
1002 797 1078 840 eum
1113 796 1185 840 6666
1238 782 1272 838 61
1292 775 1414 858 ignem.
1443 776 1644 860 Longiorem
1661 776 1776 842 uxoris
1798 777 1900 841 vitam
1923 777 2049 859 optabit
2065 777 2217 857 maritus,

205 873 353 932 autorem
375 883 468 946 nego.
498 860 567 926 Nee
589 880 670 925 vero
692 861 857 927 oblivione
880 861 1022 946 tegenda
1044 870 1096 926 est
1116 860 1182 939 illa,
1237 881 1337 942 quam
1359 882 1378 925 e
1399 862 1523 925 mundo
1548 860 1641 926 Deus
1668 871 1790 927 616661.
1836 862 1981 927 Mortem
2003 862 2159 927 horrebat
2181 870 2218 928 et

206 971 305 1036 quam
338 947 441 1031 posui,
477 967 652 1011 causarum
689 945 880 1013 diversitas:
920 946 1005 1030 quod
1041 946 1106 1010 alia
1136 952 1187 1011 est
1238 944 1474 1027 deprecabatur
1496 946 1650 1012 Christus
1668 968 1752 1032 quae
1774 947 1959 1013 suavissimi
1982 946 2089 1012 odoris
2112 949 2216 1015 sacri·

204 1035 400 1120 propinqua,
433 1032 498 1096 alia
530 1039 642 1096 autem
672 1040 797 1096 remota
824 1052 937 1098 causa:
975 1041 1013 1096 ut
1045 1032 1186 1097 sciamus
1236 1031 1348 1095 ficium
1368 1040 1440 1095 6661
1461 1031 1542 1098 Β66.
1577 1032 1756 1114 Utriusque
1777 1040 1889 1098 tamen
1909 1030 2075 1110 voluntas,
2097 1054 2216 1115 quam·

206 1142 306 1206 quam
328 1120 427 1202 longa
448 1119 536 1182 inter
559 1116 761 1200 aequabilem
783 1117 849 1182 Dei
876 1116 1126 1200 providentium,
1154 1124 1186 1181 61
1237 1116 1290 1180 116
1312 1116 1348 1179 16
1370 1117 1512 1199 66661616
1534 1117 1673 1196 1116166,
1696 1125 1791 1183 extra
1812 1118 1943 1201 culpam
1961 1125 2019 1182 est.
2064 1119 2141 1184 Non
2163 1126 2216 1184 est

205 1206 412 1272 turbulentos
434 1203 607 1267 hominum
630 1204 772 1285 impetus
806 1203 850 1266 sit
872 1203 1037 1268 11166116.
1081 1203 1185 1284 Turpi
1237 1200 1349 1285 igitur,
1373 1202 1459 1284 6661
1472 1202 1583 1268 Deum
1605 1205 1640 1267 in
1663 1204 1852 1269 societatem
1874 1203 2020 1269 oriminis
2037 1204 2215 1287 quisquam

206 1290 339 1378 quidem
371 1296 405 1354 et
442 1287 596 1353 illiberali
636 1288 801 1355 calumnia
841 1309 899 1353 nos
938 1297 1089 1372 gravant,
1129 1289 1186 1371 qui
1238 1286 1390 1369 arripiat,
1421 1290 1549 1369 quoties
1581 1289 1669 1353 inter
1690 1310 1849 1355 arcanum
1871 1289 1942 1353 eius
1963 1288 2149 1368 consilium,
2178 1295 2215 1355 et

204 1379 317 1444 Deum
339 1376 462 1458 peccati
484 1382 634 1438 autorem
663 1375 735 1438 fieri
757 1372 948 1453 obtendunt,
978 1376 1006 1438 si
1027 1374 1185 1450 omnium,
1237 1371 1346 1455 palam
1372 1372 1508 1439 vitiosas
1535 1374 1706 1439 hominum
1734 1373 1930 1457 cupiditates
1958 1375 2069 1456 aliqua
2095 1375 2214 1440 simili·

205 1485 289 1548 quae
301 1468 454 1546 aguntur,
465 1479 563 1524 causa
574 1459 875 1528 esteiusvoluntas.
894 1459 980 1524 Nam
991 1458 1080 1543 quod
1089 1458 1187 1523 homo
1237 1455 1370 1522 161666
1390 1457 1541 1524 ostendit.
1564 1458 1729 1527 Occurrat
1746 1480 1875 1543 semper
1883 1459 1967 1524 illud
1977 1461 2174 1545 Augustini:
2188 1464 2213 1541 ¹)

206 1550 326 1615 iniuste
339 1552 514 1630 perpetrat,
533 1545 586 1609 161
598 1545 786 1624 ambitione,
797 1545 850 1609 vel
862 1546 1009 1624 61661116,
1022 1551 1096 1624 [pag.
1111 1549 1185 1624 195]
1236 1542 1419 1624 Propterea
1439 1565 1561 1629 magna
1582 1565 1680 1628 opera
1696 1546 1841 1620 Domini,
1864 1547 2026 1628 exquisita
2044 1548 2079 1611 in
2096 1566 2214 1612 omnes

207 1634 261 1700 161
283 1632 428 1710 libidine,
456 1630 509 1697 161
531 1650 633 1713 61616
655 1631 770 1713 666116
794 1630 856 1694 616
879 1632 998 1697 affectu
1020 1631 1185 1707 incitatus,
1238 1628 1925 1710 16166161666166,61611666111616111
1948 1631 2045 1697 modo
2065 1653 2132 1698 non
2152 1633 2214 1696 fiat

207 1740 310 1804 quum
330 1717 423 1798 Deus
445 1718 541 1794 iusto,
563 1715 640 1780 licet
661 1716 796 1792 occulto,
819 1714 949 1794 iudicio,
972 1737 1032 1798 per
1047 1736 1185 1781 manum
1237 1721 1368 1795 praeter
1386 1716 1455 1780 eius
1477 1716 1692 1796 voluntatem,
1714 1716 1802 1798 quod
1823 1716 1924 1781 etiam
1945 1718 1984 1782 fit
2005 1725 2119 1783 contra
2140 1718 2213 1783 eius

207 1807 279 1872 eius
306 1804 413 1879 faciat,
449 1822 516 1865 non
551 1810 657 1884 661661
690 1802 725 1864 in
759 1822 835 1866 cum
868 1802 1029 1885 quadrare
1062 1802 1186 1884 peccati
1238 1798 1456 1865 voluntatem:
1486 1801 1563 1884 quia
1589 1822 1656 1866 666
1683 1804 1795 1880 ficret,
1829 1803 1857 1867 si
1886 1823 1952 1866 non
1980 1803 2120 1882 sineret,
2147 1823 2212 1868 nec

207 1911 336 1956 nomen.
381 1889 559 1953 Peccatum
581 1887 616 1950 in
640 1887 773 1951 homine
795 1887 873 1951 facit
894 1887 1041 1970 perfidia,
1072 1885 1187 1952 crude·
1239 1884 1352 1967 utique
1373 1891 1448 1964 [pag.
1475 1891 1548 1966 197]
1570 1887 1686 1953 nolens
1707 1888 1795 1967 sinit,
1819 1886 1876 1953 sed
1900 1888 2020 1953 volens.

206 1976 293 2055 litas,
311 1973 474 2056 superbia,
493 1973 714 2055 intemperies,
733 1971 867 2050 invidia,
885 1992 1001 2039 caecus
1015 1972 1066 2038 sui
1085 1994 1185 2049 amor,
1323 1971 1434 2053 11666
1456 1970 1533 2037 hinc
1556 1974 1656 2037 etiam
1677 1972 1838 2037 refellitur
1860 1993 1972 2038 eorum
1995 1973 2048 2039 vel
2069 1973 2212 2052 inscitia,

206 2081 311 2145 prava
333 2059 442 2142 aliqua
464 2057 633 2141 cupiditas.
678 2057 719 2122 Ι6
741 2056 815 2122 Deo
838 2058 921 2122 nihil
944 2059 1088 2143 reperies
1110 2057 1184 2122 tale.
1239 2054 1291 2120 vel
1314 2055 1515 2138 improbitas,
1536 2059 1592 2140 qui
1614 2078 1714 2123 unam
1737 2066 1769 2123 et
1787 2059 1969 2141 simplicem
1981 2058 2047 2125 Dei
2058 2066 2214 2123 naturam

208 2146 320 2213 861661
359 2165 471 2228 regem
510 2164 606 2208 suum
646 2143 784 2207 immani
822 2144 1006 2226 petulantia
1042 2144 1185 2208 infestat.
1239 2140 1309 2205 fore
1330 2150 1469 2224 negant,
1504 2144 1531 2207 si
1553 2143 1707 2208 voluntas
1739 2143 1789 2207 illi
1822 2144 1887 2208 alia
1908 2145 2080 2223 tribuitur,
2112 2165 2214 2226 quam

208 2233 387 2298 Peccatum
406 2238 551 2313 apparet.
595 2228 689 2293 Deus
717 2229 777 2293 tali
809 2230 959 2294 ministro
992 2227 1034 2293 ad
1066 2231 1188 2294 iustam
1239 2245 1321 2309 quae
1342 2224 1474 2310 abipso
1495 2229 1531 2291 in
1552 2228 1625 2312 lege
1646 2229 1810 2312 patefacta
1826 2236 1885 2296 661.
1915 2228 2090 2310 Quaerunt
2111 2230 2214 2295 etiam

209 2316 349 2384 Davidis
372 2315 633 2380 humiliationem
661 2315 775 2392 utitur,
809 2314 955 2398 adeoque
989 2315 1049 2380 tali
1082 2314 1189 2380 ferula
1239 2310 1392 2375 nonnulli
1419 2333 1480 2395 per
1505 2312 1699 2394 ludibrium,
1732 2316 1846 2397 siqua
1867 2323 1918 2380 est
1939 2336 2007 2381 non
2028 2313 2213 2398 6616161611)

209 2425 286 2470 6616
308 2403 456 2484 castigat.
502 2398 586 2480 Quis
609 2420 685 2464 eum
713 2399 1057 2482 666661116616161611
1102 2399 1195 2465 Ara-'
1239 2398 1276 2460 in
1297 2395 1369 2481 lege
1391 2397 1457 2463 Doi
1479 2398 1645 2477 voluntas,
1674 2422 1739 2484 que
1763 2402 1896 2465 nomine
1922 2409 2064 2466 vocetur.
2109 2399 2215 2483 Atqui

208 2489 266 2554 bes
289 2485 462 2553 61861661
486 2507 527 2549 ex
547 2485 654 2549 aliena
672 2485 1028 2569 661616611661661661
1045 2485 1186 2568 1661661
1239 2492 1350 2548 mente
1371 2492 1483 2565 captos
1510 2506 1581 2550 6666
1603 2493 1744 2568 6661161,
1773 2486 1893 2568 quibus
1918 2486 2003 2551 nihil
2025 2486 2216 2570 significant

209 2574 425 2640 Manifestum
448 2571 609 2636 latrocinii
638 2572 771 2634 crimen.
816 2570 908 2636 Deus
936 2573 1024 2637 66111
1052 2573 1102 2635 661
1129 2593 1188 2653 pa·
1240 2575 1289 2632 tot
1310 2570 1493 2652 scripturae
1521 2572 1760 2649 castimoniae
1790 2593 1873 2655 quae
1900 2571 2216 2637 cumadmiratione

210 2658 361 2724 tientiam
380 2656 511 2720 illorum
532 2654 688 2719 violentia
716 2662 855 2722 exercet.
900 2658 1060 2740 Emergat
1080 2657 1189 2739 potius
1240 2653 1430 2736 praedicant
1450 2676 1551 2738 quam
1571 2655 1732 2739 profunda
1753 2659 1796 2722 sit
1818 2656 2011 2723 iudiciorum
2027 2656 2216 2739 116161116-

212 2766 254 2810 ex
276 2765 312 2806 66
333 2742 498 2824 praesenti
524 2740 656 2805 heroica
684 2740 741 2806 illa
773 2742 946 2807 confessio:
982 2740 1036 2807 Sit
1067 2761 1189 2806 nomen
1241 2759 1307 2803 sus.
1352 2738 1450 2805 Oerte
1481 2741 1608 2807 Paulus
1642 2763 1743 2825 quum
1776 2744 1953 2808 exclamat:
1994 2740 2025 2808 Ο
2057 2740 2214 2806 611116161

210 2829 347 2895 Domini
376 2824 585 2891 benedictum
619 2826 693 2909 (Iob
719 2831 750 2906 1,
775 2829 845 2905 21),
880 2848 978 2909 quam
1012 2827 1189 2910 sacrilegae
1241 2845 1340 2906 quam
1360 2826 1587 2892 inscrutabilia
1608 2835 1687 2893 sunt
1707 2827 1828 2894 iudicia
1848 2831 1919 2894 eius
1941 2829 2051 2901 (Rom.
2066 2833 2114 2903 11,
2139 2826 2214 2907 33)1

212 2913 466 2995 obtrectationes
499 2911 682 2976 audiantur.
737 2913 898 2994 Denique,
933 2912 1007 2977 16116
1039 2911 1106 2977 Dei
1139 2919 1190 2977 661
1242 2908 1332 2974 aliud
1370 2910 1533 2992 quoddam
1570 2911 1611 2977 de
1649 2912 1780 2979 Iudaeis
1817 2914 1920 2980 fuisse
1952 2913 2017 2979 Dei
2056 2912 2218 2979 iudicium

212 2998 334 3084 agendi
351 2997 434 3062 ratio
457 2998 492 3060 in
517 2996 689 3061 hominum
709 2998 859 3080 peccatis,
880 3004 919 3062 ut
935 3019 1036 3081 quum
1054 2999 1095 3062 61
1113 3019 1190 3063 6616
1241 3002 1353 3077 666116
1375 2995 1477 3076 docet,
1500 3018 1598 3080 quam
1620 2998 1706 3081 quod
1728 3000 1925 3082 exprimitur
1943 2998 2068 3064 Christi
2089 2997 2216 3065 verbis:

210 3089 432 3162 1661661661,
455 3083 680 3164 suapnritate
708 3103 839 3147 omnem
866 3083 1029 3149 maculam
1056 3105 1190 3166 prorsus
1213 3131 1219 3204 Ι
1241 3079 1437 3159 Ierusalem,
1472 3083 1598 3164 quoties
1630 3083 1721 3148 16161
1751 3104 1951 3168 congregare
1982 3085 2089 3168 pullos
2116 3080 2216 3146 tuos?

212 3171 391 3253 abstergat.
1243 3165 1450 3246 (11611123,
1474 3171 1528 3247 37;
1557 3169 1639 3233 Luc.
1667 3174 1716 3248 13,
1741 3169 1806 3251 34.)
1850 3169 2003 3253 1116661
2031 3169 2114 3235 filios
2134 3166 2218 3232 Heli

300 3258 409 3338 Atque
433 3253 486 3319 hic
513 3253 605 3318 utilis
623 3259 674 3317 est
696 3254 875 3336 Augustini
887 3256 912 3332 ι)
935 3251 1127 3319 admonitio:
1155 3256 1190 3319 in
1242 3251 1330 3334 patri
1357 3252 1537 3336 morigeros
1570 3274 1641 3319 esse
1675 3255 1793 3333 noluit,
1828 3255 1979 3322 voluntas
2007 3254 2065 3320 illa
2086 3274 2107 3318 a
2131 3252 2219 3336 legis

213 3340 320 3426 speeie
342 3359 524 3405 consensus
545 3359 703 3423 magnum
733 3359 805 3404 esse
832 3338 999 3404 interdum
1020 3339 1093 3404 Deo
1114 3361 1190 3406 eum
1241 3343 1416 3418 praecepto
1450 3336 1634 3420 differebat,
1674 3361 1738 3423 quo
1768 3340 1861 3405 iubet
1888 3341 1992 3406 filium
2026 3337 2218 3424 parentibus

212 3426 400 3493 hominibus
422 3423 610 3490 dissidium:
638 3426 846 3507 quambene
869 3424 942 3490 1611
964 3423 1073 3505 Ι)666,
1103 3424 1190 3509 6661
1242 3419 1474 3504 obsequentem
1507 3444 1587 3490 csse.
1641 3424 1794 3509 Denique
1826 3427 1953 3508 quoties
1986 3427 2124 3494 mirifica
2149 3422 2219 3488 Dei

212 3513 364 3577 homines
396 3510 483 3576 male
515 3510 645 3576 volunt:
686 3517 720 3575 et
753 3511 836 3575 bene
876 3531 941 3576 non
976 3511 1063 3590 1611,
1104 3509 1190 3593 6661
1242 3507 1377 3572 consilia
1398 3516 1431 3573 et
1453 3509 1632 3592 profundas
1650 3512 1863 3595 cogitationes
1885 3510 2061 3595 praedicat,
2085 3530 2152 3574 non
2174 3507 2218 3574 de

138 3680 140 3682 .
212 3597 365 3662 hominos
403 3595 490 3694 male
511 3595 663 3685 nolunt:
711 3596 795 3660 sicut
834 3617 969 3695 rursum
1006 3597 1041 3661 in
1082 3596 1190 3679 specie
1241 3594 1423 3691 praeceptis
1442 3594 1602 3697 16661161,
1635 3618 1718 3679 quae
1739 3604 1817 3696 ante
1845 3597 1956 3663 oculos
1979 3602 2094 3680 patent
2115 3614 2219 3676 expo·

213 3681 1085 3848 11111111111111111111’,111
1106 3683 1189 3832 itt
1241 3679 1399 3847 1111ἰά
1421 3677 2218 3851 thieltittlttltffitttmttltt

215 3850 343 3929 nolunt,
365 3850 453 3933 quod
463 3850 557 3915 Deus
574 3850 656 3916 bene
676 3851 756 3916 vult
786 3850 926 3934 Optabit
942 3852 1032 3920 filius
1049 3862 1190 3918 mortem
1241 3857 1375 3915 nostrae
1396 3858 1493 3934 captu
1519 3852 1619 3919 altius
1640 3854 1805 3937 suspicere
1834 3861 1868 3918 et
1894 3854 2030 3919 adorare
2057 3851 2217 3935 cogimur.

212 3937 332 4022 patris,
374 3943 412 4000 ut
449 3937 486 3998 in
519 3934 757 4001 haereditatem
796 3937 955 4002 convolet.
1007 3942 1081 4017 [pag.
1116 3944 1188 4018 196]
1241 3935 1340 4001 Dicet
1372 3938 1546 4019 quispiam:
1587 3937 1624 4004 Si
1653 3940 1819 4005 inaccessa
1851 3939 1909 4003 lux
1940 3946 2004 4005 est:
2045 3958 2122 4013 cur,
2136 3955 2219 4019 crgo

213 4021 367 4088 Eundem
390 4028 424 4085 et
446 4019 541 4085 Deus
562 4022 645 4084 mori
667 4021 802 4099 volet.‘²)
846 4022 964 4086 Voluit
984 4022 1077 4087 Deus
1098 4024 1189 4086 1666·
1242 4020 1388 4087 accedis?
1438 4023 1511 4106 Ego
1544 4044 1623 4090 vero
1656 4045 1722 4089 non
1755 4024 1885 4103 accedo,
1921 4035 1960 4089 ut
1991 4044 2074 4107 quae
2101 4020 2219 4106 procul

213 4108 376 4192 solymam
410 4103 531 4183 excidi,
572 4106 732 4190 templum
765 4107 932 4188 profanari
971 4117 1003 4172 et
1042 4107 1189 4173 funditus
1240 4107 1343 4171 latere
1366 4106 1440 4171 vult
1451 4109 1544 4174 Deus
1566 4116 1721 4193 proterva
1742 4109 1932 4176 curiositate
1954 4113 2134 4175 excutiam:
2157 4105 2220 4172 sed

212 4195 327 4271 everti,
350 4191 507 4256 extremis
520 4190 701 4274 quibusque
718 4193 891 4257 tormentis
904 4193 1020 4257 vexari
1034 4192 1188 4258 Iudaeos:
1241 4191 1327 4274 quod
1347 4198 1421 4273 [pag.
1447 4199 1521 4273 199]
1544 4196 1705 4278 scriptura
1726 4195 1930 4279 pronunciat,
1953 4202 2044 4262 certa
2060 4192 2124 4259 fide
2146 4213 2220 4257 am-

212 4277 300 4343 idem
342 4277 500 4360 optabant
538 4275 696 4341 Idumaei.
707 4277 736 4360 ³)
797 4278 880 4342 Diro
925 4286 958 4343 et
1001 4278 1189 4344 truculento
1241 4277 1360 4361 plexus
1391 4286 1584 4346 reverenter
1612 4282 1761 4364 suspicio.
1769 4284 1798 4358 ⁴)
1843 4279 1910 4346 Sed
1943 4278 2105 4364 quomodo
2137 4297 2220 4344 cou-

212 4362 348 4442 homini,
371 4363 427 4446 qui
448 4361 573 4426 nemini
594 4364 750 4445 pepercit,
773 4370 812 4427 ut
833 4362 948 4428 cadem
969 4363 1017 4429 illi
1034 4384 1190 4430 mensura
1243 4365 1368 4443 veniet,
1402 4362 1513 4431 Deum
1544 4377 1703 4450 perpetuo
1732 4366 1872 4432 similem
1901 4387 1972 4432 esse
2000 4365 2069 4443 sui,
2104 4384 2142 4429 ac
2173 4382 2221 4429 ne

213 4447 417 4527 remetiatur,
440 4447 529 4513 nolet
541 4446 635 4513 Deus
657 4448 835 4532 quidquam
858 4450 930 4532 opis
948 4450 1068 4529 afferri,
1087 4472 1189 4534 quum
1239 4450 1379 4515 minima
1396 4449 1526 4533 quidem
1545 4452 1793 4519 obumbratione
1814 4452 1991 4518 flexibilem
2008 4451 2130 4529 (1661,
2147 4452 2219 4528 17):

213 4533 408 4599 necessitate
431 4534 609 4618 urgebitur.
649 4533 758 4599 Filius
780 4555 877 4599 omne
897 4534 945 4600 illi
967 4537 1096 4618 pietatis
1119 4536 1189 4602 offi—
1241 4542 1274 4600 et
1296 4535 1385 4601 aliud
1407 4545 1519 4602 tamen
1542 4539 1626 4603 velle
1645 4559 1748 4622 quam
1770 4558 1848 4621 prae
1871 4559 1905 4602 se
1927 4535 2041 4603 ferat?
2064 4536 2222 4617 Respon-

212 4621 300 4685 cium
318 4620 466 4704 negabit:
490 4642 550 4685 nec
573 4641 649 4684 eum
671 4619 845 4686 sublevare
867 4621 964 4687 16161
995 4620 1190 4688 Senioribus

213 4704 357 4771 consiliis
379 4705 465 4770 filios
485 4705 564 4770 Heli
593 4726 709 4788 parere
730 4705 824 4771 Deus
846 4707 993 4785 nolebat,
1021 4730 1102 4791 quos
1123 4715 1189 4773 sta-
1246 4728 1445 4736 “w

211 4797 322 4856 tutum
349 4790 398 4855 illi
431 4800 502 4856 erat
534 4789 672 4874 perdere
705 4790 850 4867 (18616.
876 4797 1004 4910 2,“25).
1054 4794 1189 4858 Ρ616616
1311 4826 1341 4890 1)
1360 4825 1468 4881 Erchia
1489 4827 1523 4881 cd
1541 4826 1625 4881 Lacr.
1643 4842 1702 4895 cap.
1720 4824 1806 4881 100.‚

1310 4893 1341 4959 2)
1361 4895 1455 4963 siqua
1473 4903 1585 4950 estnon
1603 4896 1726 4950 revelata
1744 4935 1751 4948 .
1769 4933 1802 4948 ..
1835 4892 2000 4962 8166611616
2013 4891 2146 4962 66166666
2163 4905 2219 4960 aeq.

1245 4961 1370 5017 (16116616
1393 4969 1419 5017 et
1437 4963 1526 5018 Gallo.
1556 4962 1633 5018 Bere
1650 4964 1734 5018 mole:
1759 4963 1786 5017 si
1809 4979 1862 5032 qua
1886 4970 2005 5017 estnon
2028 4967 2071 5016 est
2087 4959 2221 5015 revelata.

283 5028 313 5093 1)
331 5029 441 5084 11116111.
459 5029 592 5084 611661.
611 5047 669 5100 cap.
688 5029 747 5083 101.
1247 5030 1328 5100 Quod
1344 5031 1431 5085 Amet.
1448 5031 1613 5087 mendacit-
1631 5031 1659 5087 Si
1677 5048 1730 5102 qua
1748 5038 1877 5100 6616666
1894 5046 1948 5084 non
1965 5036 2009 5085 est
2026 5026 2149 5085 revelata
2165 5068 2173 5082 .
2189 5068 2195 5080 .
2213 5068 2221 5081 .

280 5097 310 5162 2)
331 5097 404 5152 Add.
426 5098 450 5152 Il
466 5099 567 5153 semble
584 5098 647 5153 bien
663 5098 728 5168 qu'il
743 5100 810 5168 yait
824 5099 933 5169 accord,
952 5101 988 5155 61
998 5099 1045 5170 ily
1061 5099 1190 5170 agrando
1312 5099 1343 5164 3)
1362 5098 1437 5154 Aoo.
1456 5111 1485 5155 et
1502 5103 1525 5156 si
1542 5116 1649 5170 expres.

214 5178 284 5231 rtpu
358 5182 397 5220 ce·
1312 5167 1342 5230 4)
1361 5168 1436 5224 Add.
1464 5170 1518 5224 Car
1541 5185 1572 5223 ce
1594 5169 1664 5225 n’est
1689 5169 1766 5236 point
1793 5171 1810 5224 1
1835 5184 1905 5223 6666
1926 5166 2062 5237 d'ignorcr
2087 5169 2223 5221 1666116

303 5235 315 5298 )
334 5249 436 5288 6661116
454 5233 473 5287 il
491 5241 534 5289 est
551 5235 632 5290 escrit
650 5251 685 5290 au
701 5234 835 5292 Pseaume
853 5234 928 5303 (187,
946 5234 985 5301 i).
1244 5237 1346 5293 6661661
1364 5253 1394 5294 66
1412 5253 1465 5307 666
1482 5237 1551 5293 Dieu
1568 5254 1637 5294 6666
1655 5254 1673 5292 a
1689 5237 1773 5292 voulu
1791 5238 1940 5306 666616666.
