4786 5910
159 340 222 402 485
909 334 1172 402 moninus
1194 334 1405 402 SERVE'I'I.
2100 341 2163 402 486

157 524 277 606 penita,
300 523 396 605 idque
422 545 460 589 ec
482 521 717 602 Ecclesiastico,
744 523 800 605 qui
821 524 914 588 ctiam
938 522 1137 604 Sapientiam
1188 524 1373 589 armeniano
1387 524 1473 605 facta
1490 529 1543 602 est,
1565 527 1601 587 ut
1621 524 1688 604 ipse
1709 523 1795 589 citas.
1842 522 1904 588 Sed
1925 545 1969 589 an
1990 525 2026 589 in
2042 545 2163 606 paruu-

159 610 207 674 ait
227 629 293 674 esse
314 614 458 675 meamm.
506 608 545 674 Si
565 609 638 674 huie
665 609 746 674 dieto
768 609 818 674 uis
838 629 903 674 esse
929 610 1136 687 autoritatem,
1188 608 1230 672 lis
1250 609 1368 673 nonnis
1388 608 1446 673 dia
1467 608 1679 689 compleatur?
1701 629 1806 673 annon
1824 609 1860 672 in
1880 609 1949 673 illis
1968 630 2045 691 qnos
2057 609 2165 676 Chris-

152 695 311 776 perpende
331 715 397 759 esse
419 695 578 778 alleporice
605 694 772 774 scriptum,
801 696 836 759 in
857 693 971 759 andra
992 700 1020 759 ct
1041 713 1137 775 prae-
1188 698 1239 759 tus
1256 694 1450 759 circumcidit
1465 693 1701 758 circumcisione
1718 693 1828 772 cardis,
1851 695 2083 761 circumcisione
2100 698 2165 778 spi-

157 779 346 879 fipnratione
372 781 421 845 rei
453 782 589 862 futurae.
639 779 772 878 Alioqui
799 781 973 879 improprie
1000 781 1045 844 ihi
1073 780 1137 878 dici
1187 779 1296 844 ritus?
1336 778 1462 877 Videris
1481 778 1520 876 de
1540 780 1657 877 semiue
1675 778 1823 877 Abrahae
1844 781 2013 878 secuudum
2032 801 2164 861 monem,

159 864 955 1034 sd.o,1nmnm.tssem,tnt
973 864 1138 1017 tide
1188 864 1760 1032 ttdtdthfttdtt
1776 865 2165 1035 distichiis

159 1037 260 1102 solum
282 1037 469 1118 discerpitur
491 1036 590 1116 Deus,
613 1036 667 1102 sed
688 1041 715 1101 et
737 1038 799 1102 duo
815 1037 880 1117 filii·
900 1038 1065 1119 manifeste
1086 1036 1138 1101 de
1188 1037 1315 1115 vestris,
1349 1055 1544 1117 quoscunque
1571 1037 1723 1101 emacerit
1750 1035 1918 1102 Dominus.
1977 1037 2055 1102 Vide
2082 1039 2166 1120 quod

158 1127 273 1202 centur,
295 1123 375 1187 alter
397 1142 568 1203 corporeis,
591 1122 670 1187 alter
690 1123 896 1205 incorporeus.
930 1123 1053 1188 Deinde
1070 1142 1138 1187 rem
1189 1123 1251 1186 ait:
1281 1122 1482 1202 Quoscnnpue
1504 1122 1657 1186 emacerit
1678 1121 1844 1187 Dominus.
1903 1122 1981 1188 Vide
2003 1124 2086 1204 quod
2113 1125 2165 1190 illi

159 1209 265 1290 ipsam
286 1209 406 1274 elarius
426 1213 616 1286 ostensurus,
638 1206 719 1273 citas
730 1208 877 1288 Paulum,
900 1210 956 1291 qui
976 1207 1137 1274 Christum
1186 1212 1262 1272 sunt
1280 1206 1352 1286 filii,
1375 1212 1404 1271 ct
1423 1206 1475 1271 illi
1492 1207 1553 1272 soli
1574 1212 1735 1271 censentur
1747 1226 1851 1271 sernen
1862 1207 2021 1287 Abrahae,
2044 1211 2100 1291 qni
2117 1211 2165 1274 in-

159 1295 207 1358 ait
227 1314 292 1358 esse
310 1295 449 1377 penitum
470 1314 510 1358 ec
531 1294 647 1359 sanine
658 1293 798 1358 Dauidis
814 1295 984 1360 secuudum
1000 1312 1135 1360 carnem
1186 1293 1373 1375 predinntur
1391 1293 1446 1357 oia
1465 1292 1557 1373 fidei,
1585 1297 1621 1356 ut
1641 1293 1724 1358 clare
1745 1294 1827 1357 docet
1851 1292 1984 1359 Paulus.
2030 1294 2166 1361 Sinistre

168 1378 255 1444 Unde
282 1380 399 1461 infers:
431 1379 518 1463 Erpo
546 1381 639 1444 siucti
663 1377 808 1445 Christus
833 1381 954 1445 ratione
979 1379 1137 1444 humanae
1188 1398 1259 1462 erpo
1281 1383 1315 1442 tu
1333 1378 1376 1442 ad
1393 1382 1462 1441 tuos
1473 1377 1630 1457 porrulos
1642 1379 1885 1459 promissionem
1902 1379 2069 1460 detorques.
2108 1382 2166 1446 Te·

160 1471 295 1530 naturae
322 1465 413 1546 tilius
440 1466 582 1530 Doridis
608 1467 804 1545 nominatur,
832 1466 879 1530 ita
900 1467 995 1531 etiam
1015 1466 1137 1529 ratione
1187 1483 1256 1528 mm
1274 1482 1410 1547 pupnas,
1431 1463 1554 1544 faciens
1569 1463 1721 1544 paruulos
1742 1464 1888 1528 carnales
1901 1465 2076 1545 participes
2090 1487 2166 1547 pro

160 1550 338 1617 diuinitatis
362 1552 453 1632 tilius
481 1557 526 1616 est
547 1550 618 1618 Dei.
672 1551 749 1616 Vere
771 1552 912 1633 quidem
942 1552 996 1617 sed
1018 1556 1136 1615 natura
1187 1550 1348 1614 missionis
1364 1548 1554 1631 spiritualis.
1589 1547 1788 1630 Fipmentum
1799 1550 1992 1629 papisticmn
2013 1555 2065 1628 est,
2084 1552 2165 1631 quod

159 1636 233 1717 ipsa
253 1635 394 1702 humana
415 1657 477 1701 nou
500 1637 617 1702 dicitm
637 1636 741 1718 filius:
762 1657 833 1720 erpo
853 1657 907 1702 nec
927 1641 1045 1701 nahma
1063 1636 1137 1716 ipsa
1187 1636 1223 1698 iu
1242 1635 1375 1700 alterius
1403 1632 1466 1714 fide
1494 1632 1781 1716 alter'haptiectur.
1834 1634 1900 1698 Res
1926 1635 1965 1700 de
1992 1636 2056 1700 solo
2077 1636 2166 1701 titulo

160 1721 271 1787 divina
292 1723 412 1787 dicetur
426 1722 524 1803 filius.
566 1723 662 1788 Vides
683 1722 819 1804 qualiter
838 1728 891 1786 tuo
910 1723 1018 1806 plodio
1039 1727 1066 1785 te
1087 1722 1137 1785 iu·
1188 1721 1334 1802 estquod
1360 1721 1425 1798 ais,
1453 1717 1607 1798 baptismo
1634 1721 1758 1802 siphori
1781 1721 1932 1800 paruulis
1960 1721 2164 1802 adoptioneru,

157 1807 259 1890 putas.
299 1808 378 1871 Tres
395 1828 515 1889 quoqne
531 1808 619 1872 nohis
639 1807 725 1887 filus
739 1809 839 1890 sach:
860 1814 978 1873 natura
998 1807 1137 1871 humana
1188 1806 1352 1871 etccnseri
1376 1805 1460 1885 tilios
1481 1805 1562 1869 Dei:
1600 1803 1670 1870 Ima
1696 1804 1759 1886 filii
1783 1810 1857 1869 sunt
1876 1806 1960 1885 irae,
1988 1806 2082 1872 donec
2103 1827 2165 1873 ore·

159 1897 204 1958 est
226 1893 282 1956 tihi
300 1893 406 1974 fitius:
447 1899 565 1958 natura
585 1894 697 1959 dioina
713 1899 759 1965 est
779 1893 836 1959 tihi
856 1893 962 1974 silius:
1006 1898 1035 1958 et
1054 1897 1138 1956 totus
1188 1891 1333 1956 diderint.
1377 1889 1433 1953 An
1452 1889 1636 1969 iustificatos
1657 1895 1757 1972 putas
1776 1891 1931 1969 parrulos
1950 1892 1996 1956 ita
2024 1891 2165 1977 ohsipna

160 1978 231 2058 ipse
255 1976 400 2044 Christus
420 1977 518 2059 iilius.
569 1978 639 2062 Epo
667 1981 798 2063 inpeuue
820 1980 877 2044 tihi
896 1981 1005 2062 fateor,
1027 1977 1136 2042 Chris·
1189 1977 1260 2041 tos?
1313 1974 1437 2040 Paulus
1465 1976 1549 2038 enim
1576 1995 1680 2041 omnes
1708 1976 1765 2057 qui
1785 1996 1847 2054 per
1875 1975 2066 2058 baptismum
2092 1983 2165 2043 sunt

160 2067 227 2127 tum
248 2065 354 2145 ipsum
374 2065 494 2129 ratione
515 2064 670 2130 humanae
698 2071 832 2131 naturae
855 2085 923 2131 esse
941 2064 1045 2147 tilium
1067 2063 1136 2130 Da·
1188 2082 1260 2127 cnm
1288 2059 1410 2126 Christo
1437 2064 1569 2138 monui,
1604 2063 1652 2126 ait
1679 2080 1745 2126 esse
1771 2061 1973 2141 iustificatos,
2007 2063 2100 2143 idque
2125 2083 2165 2128 eu

159 2149 260 2213 nidis:
291 2151 346 2216 sed
366 2154 515 2214 naturam
535 2152 640 2233 ipsam
662 2151 834 2216 humanam
854 2172 916 2217 non
938 2170 1003 2214 esse
1022 2148 1134 2229 filium.
1183 2148 1324 2229 propria
1344 2146 1415 2228 fide.
1462 2145 1499 2210 Si
1523 2149 1596 2223 [1³⁸8-
1616 2152 1672 2225 44]
1693 2166 1788 2227 quam
1810 2147 1845 2210 in
1861 2146 2012 2226 paruulis
2028 2149 2078 2211 ris
2099 2167 2164 2214 esse

162 2231 324 2299 Christum
344 2255 462 2317 quoque
488 2237 591 2318 fateor
617 2239 739 2303 ratione
764 2239 895 2303 divinae
914 2241 1049 2300 craturae
1070 2253 1136 2300 esse
1188 2232 1445 2315 ohsipnationern,
1474 2251 1628 2296 manuum
1656 2232 1852 2313 impositione
1880 2237 1908 2295 ct
1934 2232 2073 2297 oratione
2093 2252 2165 2297 cum

157 2318 261 2399 hlium
282 2321 361 2400 Dei,
396 2322 450 2386 sed
481 2327 630 2387 naturam
668 2325 775 2402 ipsam
801 2323 944 2387 diuinam
975 2340 1037 2385 non
1070 2339 1137 2383 esse
1190 2316 1315 2383 Christo
1342 2322 1435 2382 utere.
1498 2316 1564 2381 Ora
1593 2338 1656 2399 pro
1684 2319 1731 2382 eis
1756 2322 1792 2381 ut
1819 2317 2010 2382 interimat
2037 2337 2164 2384 occursu

160 2410 234 2486 [pig.
255 2410 309 2484 43]
330 2406 444 2486 filium.
491 2408 541 2471 Tu
560 2429 592 2473 es
611 2408 702 2489 iilius
717 2408 824 2490 patris
842 2411 870 2471 ct
890 2407 1011 2486 matris,
1033 2411 1136 2470 tamen
1188 2403 1271 2468 malo
1292 2407 1460 2468 seruentur.
1507 2401 1562 2465 Ita
1582 2422 1616 2467 se
1637 2401 1748 2467 trahere
1768 2404 1819 2467 ais
1841 2401 2030 2482 baptismum
2053 2409 2082 2468 et
2101 2423 2165 2469 coe·

158 2490 194 2554 id
215 2492 296 2572 quod
312 2490 406 2557 hahes
427 2514 447 2557 a
468 2500 566 2573 patre
586 2514 647 2558 non
667 2499 714 2557 est
733 2494 865 2558 seorsim
895 2492 999 2573 filius,
1026 2512 1080 2557 nec
1101 2491 1137 2556 id
1188 2510 1278 2567 nam,
1311 2490 1390 2555 sicut
1421 2507 1456 2552 se
1489 2486 1639 2552 habebam
1667 2488 1741 2554 olim
1772 2489 1965 2553 circumcisio
1998 2493 2026 2552 et
2053 2489 2164 2569 pesah.

158 2577 253 2640 etiam
275 2579 357 2659 qnod
377 2578 471 2642 hahes
492 2600 514 2643 a
534 2584 655 2642 matre:
677 2579 747 2643 lieet
767 2598 874 2642 corum
894 2578 1014 2643 ratione
1034 2583 1069 2641 tu
1090 2577 1137 2641 sis
1193 2576 1297 2656 Qum
1317 2594 1387 2657 erpo
1403 2572 1575 2655 parendum
1596 2572 1787 2654 bapticatum
1804 2593 1864 2637 non
1886 2574 2027 2638 admittis
2044 2575 2087 2639 ad
2102 2595 2165 2641 coe

156 2662 254 2742 filius.
299 2663 388 2729 Haec
409 2668 454 2728 est
474 2683 599 2728 summa
620 2665 716 2729 totius
737 2664 793 2741 rei,
815 2663 868 2728 hoc
885 2682 985 2727 uuum
1005 2663 1138 2744 suppleo
1188 2681 1273 2738 nam,
1295 2661 1378 2727 suut
1398 2659 1473 2725 olim
1494 2659 1699 2724 circumcisus
1720 2658 1963 2724 dimittebatur?
2006 2659 2050 2724 In
2070 2680 2166 2725 coena

159 2767 221 2825 oro,
244 2753 279 2811 ut
297 2769 345 2812 mc
365 2751 486 2813 ratione
506 2750 556 2815 vel
575 2751 743 2815 autoritate
764 2750 874 2830 aliqua
896 2749 1013 2830 doceas,
1041 2749 1137 2813 deita
1189 2746 1328 2811 concedis
1348 2765 1413 2811 esse
1432 2764 1541 2809 oerum
1556 2746 1800 2825 promissionem
1821 2743 1917 2811 hanc:
1947 2745 2009 2826 Qui
2030 2746 2165 2810 mandu-

160 2836 220 2896 tem
240 2833 331 2898 illam
352 2855 433 2915 quae
455 2839 500 2898 est
521 2835 556 2899 in
576 2833 699 2900 Christo
721 2856 785 2901 esse
804 2834 917 2915 hlium.
931 2834 956 2919 ¹)
1189 2833 1311 2930 caverit·
1319 2851 1437 2914 panem
1456 2830 1565 2930 hunc,
1581 2835 1610 2893 et
1630 2831 1756 2930 calicem
1776 2830 1901 2908 biberit,
1917 2864 1921 2870 ·
1923 2832 2086 2930 particeps
2107 2833 2165 2896 erit

247 2970 301 3035 Ad
324 2971 368 3035 Π.
403 2971 455 3036 De
477 2974 725 3055 regeneratione
747 2982 781 3037 et
802 2993 903 3056 regno
915 2971 1049 3037 Christi.
1189 2915 2166 3085 commeegefflgffierogfflffimsssig'nasswmffwffi

247 3088 520 3172 Repenerationem
552 3096 651 3157 tecum
677 3092 778 3173 fateor
806 3112 868 3157 non
894 3096 1043 3156 momento
1064 3111 1138 3172 per·
1188 3094 1284 3153 natus
1309 3091 1444 3171 desuper
1469 3089 1570 3170 sunit
1595 3108 1634 3152 ec
1662 3109 1749 3170 aqua
1772 3093 1801 3152 et
1819 3089 1950 3170 spiritu,
1980 3088 2110 3152 intrabit
2129 3089 2165 3151 in

157 3173 226 3255 pici,
255 3175 396 3257 incipere
423 3181 525 3241 tamen
552 3182 632 3243 certo
660 3183 806 3261 tempore,
836 3178 928 3260 idque
955 3179 988 3241 in
1015 3177 1137 3242 horniue
1188 3194 1318 3258 repnum
1339 3174 1502 3239 coelomun.
1551 3173 1682 3254 Quando
1701 3179 1803 3238 antem
1824 3174 1898 3238 licea
1921 3174 2015 3254 fiunt,
2038 3178 2072 3237 ut
2093 3174 2166 3254 quis

159 3260 317 3325 doctrinae
347 3261 467 3328 Christi
494 3283 614 3344 capace.
669 3263 732 3329 Sed
765 3283 862 3346 quare
889 3284 950 3328 non
984 3264 1136 3342 adiecisti,
1188 3262 1291 3339 intret,
1312 3261 1483 3339 manducet,
1497 3260 1523 3342 ¹)
1551 3263 1580 3322 et
1603 3257 1722 3323 Christi
1737 3259 1899 3340 particeps
1918 3257 2003 3338 hat?
2049 3257 2165 3322 Annon

158 3348 418 3427 repmerationem
439 3349 520 3415 harre
541 3369 606 3415 esse
630 3369 668 3414 eu
690 3370 776 3431 aqna
800 3369 839 3414 ec
862 3351 981 3430 spiritu
1004 3348 1134 3414 sanda?
1187 3346 1238 3411 hie
1257 3346 1507 3428 aequiparantur
1523 3344 1663 3427 symbola
1682 3343 1782 3408 haec?
1819 3343 1906 3426 Repo
1927 3348 1955 3406 te
1971 3364 2032 3424 per
2048 3342 2164 3422 Deum,

162 3429 200 3494 Si
222 3430 276 3494 hoc
296 3433 480 3499 adiecisses:
502 3441 530 3498 et
544 3435 839 3517 paedohaptismum
860 3434 1086 3516 improbasses,
1108 3440 1136 3498 et
1181 3437 1351 3513 postquam
1364 3431 1529 3512 pollicitus
1550 3451 1583 3494 es
1604 3433 1632 3493 te
1647 3434 1801 3509 paratum
1822 3429 1947 3509 reliqua
1968 3428 2111 3507 adiicere,
2133 3429 2164 3492 si

158 3533 289 3596 repnum
319 3516 436 3582 Christi
463 3541 570 3585 uerum
597 3522 786 3599 aperuisses.
831 3520 918 3585 Nam
935 3520 1137 3601 paedohapti
1185 3519 1289 3599 fueris
1310 3517 1503 3594 admonitus,
1530 3516 1601 3580 doce
1621 3534 1670 3578 me
1685 3515 1795 3594 primo
1816 3533 1897 3594 puae
1918 3518 1963 3577 est
1982 3533 2057 3577 ocra
2076 3512 2164 3593 fides,

159 3601 226 3664 cati
254 3620 315 3665 non
336 3611 557 3685 reperierautur
584 3626 623 3669 ee
644 3625 730 3685 aqua
752 3611 780 3669 et
806 3606 925 3686 spodi
952 3610 1073 3684 sancto,
1099 3611 1136 3669 ut
1187 3608 1214 3666 et
1244 3602 1380 3684 qualiter
1409 3600 1468 3665 illa
1499 3621 1521 3664 a
1552 3599 1671 3680 spiritu
1702 3600 1947 3682 repcnuationis
1978 3599 2162 3679 vivificetur.

160 3691 195 3750 lu
216 3686 286 3768 ipse
305 3688 426 3768 fateris.
473 3690 512 3755 Si
532 3692 721 3773 repeneratio
743 3695 788 3755 est
809 3712 825 3754 ε
847 3690 937 3767 coelo,
959 3710 1058 3754 nonne
1073 3710 1136 3770 per
1190 3685 1347 3766 Secundo,
1380 3706 1422 3750 an
1449 3687 1519 3750 siue
1538 3685 1749 3765 promissione
1770 3685 1873 3767 possit
1894 3685 1965 3765 quis
1986 3684 2164 3767 iustificari.

158 3772 417 3855 repencratioucm
438 3779 482 3838 est
502 3777 650 3840 introitus
670 3776 707 3840 in
723 3796 854 3858 repnum
873 3775 1048 3840 coelorum?
1080 3774 1136 3840 In·
1192 3774 1311 3852 Velio,
1339 3771 1445 3853 qualis
1462 3772 1505 3835 sit
1523 3771 1665 3835 internus
1685 3769 1786 3849 lunio,
1815 3791 1876 3836 nou
1897 3791 1936 3835 en
1957 3770 2165 3854 sanpumibus

158 3863 281 3922 tramns
301 3878 383 3924 nunc
407 3860 442 3923 in
463 3880 592 3943 repnnm
615 3858 734 3925 Christi
750 3882 811 3942 per
830 3862 924 3943 tidem
944 3862 980 3924 in
1001 3861 1135 3941 spiritu:
1185 3859 1323 3943 penitus,
1345 3858 1400 3922 sed
1421 3877 1460 3921 ec
1480 3855 1558 3922 Dee.
1608 3856 1739 3937 Quarto,
1761 3857 1834 3938 quis
1855 3862 1899 3921 est
1919 3855 2007 3920 homo
2028 3856 2083 3923 ille
2109 3856 2166 3938 qui

158 3943 319 4008 intramus
346 3949 375 4008 et
394 3965 457 4025 per
484 3966 583 4028 spem,
612 3946 727 4013 scilicet
754 3966 843 4027 spem
863 3947 998 4011 maioris
1016 3946 1135 4029 pieriae
1187 3967 1209 4010 a
1237 3943 1361 4010 Christo
1388 3944 1488 4008 alitur
1510 3945 1547 4008 iu
1574 3961 1681 4022 coena,
1710 3963 1752 4008 on
1780 3961 1865 4022 uere,
1895 3963 1937 4006 an
1964 3943 2165 4026 imapinarie.

153 4034 266 4109 postea
281 4031 472 4096 revelandae.
521 4032 570 4096 Tu
591 4033 692 4097 solam
712 4032 778 4113 fere
799 4031 893 4097 hahes
919 4052 1014 4113 spem,
1038 4052 1135 4114 quum
1191 4031 1314 4111 Quinto,
1337 4049 1417 4111 quae
1438 4029 1481 4093 sit
1499 4028 1607 4112 pratia
1634 4029 1784 4093 adventus
1808 4026 1934 4093 Christi.
1979 4027 2099 4092 Annon
2121 4049 2167 4093 eo-

159 4119 262 4179 tamen
282 4134 399 4200 mapua
426 4119 470 4181 sit
493 4118 596 4201 picria
618 4117 821 4182 haereditatis
845 4116 963 4183 Christi
990 4120 1026 4182 in
1047 4137 1135 4182 sone
1186 4135 1286 4196 usque
1313 4117 1455 4198 repnaoit
1483 4114 1590 4178 mors?
1624 4134 1727 4185 annau
1754 4118 1865 4194 patres
1899 4133 2003 4178 omues
2035 4114 2166 4194 fuerunt

159 4202 202 4265 tis
224 4203 301 4281 eius,
322 4203 458 4268 uitales
479 4224 536 4268 nos
556 4205 659 4268 simus
680 4205 815 4267 nuncin
837 4203 952 4268 mundo
971 4204 1034 4282 hoc,
1056 4224 1134 4285 qua
1187 4207 1280 4265 antea
1302 4202 1337 4265 in
1358 4199 1507 4282 inferno?
1552 4199 1689 4265 Deumm
1704 4204 1734 4262 te
1748 4219 1868 4280 precor,
1890 4219 1928 4264 ne
1945 4200 2088 4282 preceris
2109 4200 2165 4261 ite-

160 4285 201 4349 lis
225 4285 368 4352 Christus
389 4290 458 4369 ipse
479 4295 523 4353 est
545 4291 581 4354 in
602 4289 702 4368 coelis,
730 4294 802 4354 teste
824 4289 952 4354 Ioanne.
998 4288 1135 4354 Iudaeos
1186 4306 1260 4352 rum
1281 4286 1379 4370 tepere
1400 4290 1549 4367 quartum
1571 4285 1686 4350 librum
1706 4286 1744 4349 de
1764 4284 1963 4366 baptisrno.²)
2011 4283 2099 4348 Nam
2119 4284 2165 4348 oi·

161 4375 195 4433 tu
224 4390 344 4451 semper
376 4375 465 4439 nobis
497 4376 651 4453 oltrudis,
690 4395 752 4439 non
784 4376 1050 4452 animadvertens,
1084 4394 1134 4439 eos
1186 4373 1271 4437 deris
1294 4392 1364 4438 eum
1393 4372 1532 4437 nondum
1562 4372 1681 4455 lepissc.
1732 4369 1824 4434 Deus
1849 4371 2035 4434 misereatur
2055 4369 2163 4435 nostri.

162 4454 329 4535 scripturis
356 4461 497 4525 mundns
524 4461 681 4527 declarari
711 4460 869 4541 carnales,
900 4459 985 4541 tilios
1017 4461 1134 4539 cornis,
1186 4458 1296 4523 Amen.

162 4537 309 4686 {mdes
335 4545 474 4608 carnalis
494 4546 712 4626 haereditatis,
740 4547 833 4611 etrei
848 4547 1046 4627 perfectioris
1066 4566 1134 4609 nnt-

196 4757 251 4823 Ad
271 4759 335 4825 111.
376 4764 432 4828 An
453 4765 635 4849 baptismus
656 4770 691 4832 in
712 4769 777 4834 fide
797 4771 865 4848 fiat,
880 4732 972 4835 'sieut
993 4789 1101 4835 coena.

251 4879 426 4946 Promissio
459 4883 531 4962 illa,
565 4888 600 4949 in
632 4905 696 4967 qua
727 4893 816 4952 tuum
842 4888 1136 4970 paedohaptismum

162 4963 297 5044 fundas:
319 4965 387 5031 Deo
409 4967 498 5033 Deus
519 4974 592 5035 tuus
610 4976 637 5036 et
653 4973 783 5037 seminis
806 4976 852 5039 tui
865 4979 937 5057 post
958 4980 1001 5039 tc:
1022 4975 1057 5038 iu
1074 4975 1135 5040 cir·
1258 4951 1287 5019 Ῑ)
1305 4951 1457 5020 manducet,
1475 4968 1527 5007 ‘'m-
1543 4952 1575 5007 ¹³⁸
1592 4951 1722 5006 ”Vm

1257 5036 1288 5105 2)
1307 5037 1414 5092 Annae
1445 5037 1484 5092 ad
1508 5036 1669 5106 epaenetum
1700 5051 1780 5090 cuum
1813 5034 1887 5105 qnod
1912 5034 2087 5114 memihitur:
2121 5033 2165 5090 De

1189 5107 1394 5174 regeneratione
1423 5123 1542 5175 superna
1567 5115 1596 5161 et
1620 5106 1653 5159 de
1679 5121 1763 5173 regno
1790 5104 1965 5185 Antichrieti,
1992 5117 2071 5158 cuius
2096 5102 2164 5185 telier

233 5240 262 5306 1)
281 5240 325 5297 n
343 5242 377 5296 a
394 5241 471 5298 neu.
1190 5174 1990 5313 nond'‘i‘'itti¹¹t2n⁸testtef⁰³⁸”ffl”⁰”¹⁸·
2013 5169 2117 5227 m
2133 5187 2168 5226 ²⁹⁸

1908 5326 1958 5380 31·
