4762 5918
156 342 220 410 ,ι
818 325 820 328 ⁴
943 332 1396 405 'aesomnium
2045 366 2105 447 gy
2199 344 2225 405 a
2344 283 2348 291 ¹

199 551 291 612 rane,
303 530 330 617 ¹)
351 529 404 596 bie
425 550 462 596 ee
482 527 613 595 ielieem
634 547 706 594 esse
728 525 896 607 minaret,
918 525 996 609 quia
1012 546 1120 610 nuper
1141 547 1183 592 ex
1204 525 1379 592 maledieto
1396 524 1580 610 Babylonis
1602 544 1732 593 oaroere
1754 531 1911 606 extranta,
1933 531 2013 609 [pag.
2032 530 2066 606 4]
2088 528 2155 594 iam
2176 550 2221 595 ex

202 645 325 710 misero
347 640 449 708 etiam
465 639 611 724 eorporis
629 637 800 723 ergastulo
821 636 955 703 exitura
974 643 1075 725 esset:
1098 658 1201 720 quum
1210 658 1253 703 ex
1264 638 1341 704 rivo
1361 636 1580 703 eonscientiae
1596 658 1697 703 sensu
1706 635 1747 704 de
1757 636 1901 721 peoeatis
1911 637 1990 717 suis,
2013 637 2054 703 de
2065 646 2221 707 aeternae

147 769 149 775 '
201 754 320 821 mortis
340 744 453 833 reatu,
481 750 522 817 de
536 748 716 818 tremendo
737 747 803 815 Dei
830 746 951 814 iudioio
978 768 1046 813 non
1070 748 1276 813 muliebriter
1304 746 1483 827 disserens,
1497 797 1501 804 .
1514 749 1688 832 magnifiee
1710 746 1837 814 Christi
1865 750 2006 833 gratiam
2033 751 2220 832 extolleret,

163 878 166 884 '
202 886 340 950 eamque
360 863 435 948 pari
456 862 645 928 humilitate
668 868 703 926 et
723 859 843 926 fiduoia
864 859 957 949 velut
977 879 1105 925 sueram
1119 858 1304 925 'anchoram
1325 859 1586 944 amplecteretur.
1634 859 1729 926 Haeo
1748 861 1850 927 verba
1865 880 1934 926 uon
1955 860 2051 927 modo
2072 861 2160 928 olore
2182 870 2219 929 et

89 994 94 1000 ·
202 976 338 1056 diserte,
366 974 425 1042 sed
446 974 582 1040 insolita
603 971 739 1058 energia
759 972 848 1036 inter
874 970 1009 1036 ultimos
1037 968 1201 1037 anhelitus
1229 969 1425 1035 fundentem
1451 971 1499 1036 sie
1524 991 1579 1035 me
1606 969 1737 1036 audisse
1765 971 1934 1051 reeordor,
1962 973 2014 1036 ιιι
2030 975 2220 1057 speoteeulo

201 1086 311 1167 adhue
321 1087 485 1152 interesse
506 1083 630 1152 videar.
664 1084 791 1166 Itaque,
814 1088 959 1164 qnumte
981 1102 1023 1146 ex
1045 1081 1185 1147 adverso
1206 1082 1363 1158 intuerer,
1386 1079 1712 1147 indomandaanimi
1733 1082 1898 1148 moestitia
1908 1082 2078 1165 praeelare
2087 1083 2216 1150 luotan-
2236 1142 2245 1163 ,

168 1207 174 1212 ’
200 1206 280 1278 tem,
302 1196 655 1274 minusiammirabar,
667 1199 717 1259 tot
726 1193 913 1276 talibusque
924 1191 1080 1259 remediis
1092 1189 1252 1273 adiutum,
1265 1193 1590 1258 virumessefortem
1601 1193 1637 1256 in
1655 1192 1776 1259 dolore.
1808 1193 1896 1260 Aliis
1909 1193 2088 1261 renitandie
2100 1215 2215 1279 super-

172 1380 174 1383 ,
200 1307 307 1376 sedeo.
340 1307 417 1374 Hoe
438 1313 571 1373 tantum
590 1305 675 1372 dieo:
698 1324 802 1387 quum
823 1303 1017 1387 perplexum
1038 1324 1081 1369 ex
1102 1304 1265 1370 immensa
1286 1305 1439 1388 congerie
1455 1303 1685 1370 seandalorum
1705 1302 1933 1389 labyrinthum
1955 1303 2016 1369 tibi
2036 1305 2215 1373 febrioatue

88 1495 91 1499 ¹
201 1425 290 1487 esset
312 1417 428 1498 Satan,
451 1415 499 1484 sio
520 1424 554 1483 te
575 1415 687 1481 omnia
707 1421 949 1497 superassent
969 1436 1037 1480 ιιοιι
1058 1413 1155 1480 modo
1176 1415 1314 1481 idoneus
1335 1417 1381 1480 sis
1402 1415 1475 1480 aliis
1495 1415 1639 1479 monitor
1660 1422 1695 1480 et
1715 1414 1874 1495 hortator,
1902 1415 2081 1482 sedetiam
2098 1419 2212 1501 utqui

200 1529 301 1615 paulo
323 1536 405 1596 sunt
424 1528 601 1609 molliores,
623 1533 680 1593 tuo
703 1525 854 1609 exemplo
876 1527 1020 1605 animati,
1043 1546 1164 1592 novam
1181 1527 1414 1592 strenuitatem
1424 1526 1542 1601 merito
1558 1511 1696 1591 'sumere
1717 1526 1868 1593 debeant
1896 1525 2216 1596 ,Seilioetarxvalde

199 1641 333 1706 munita
355 1647 415 1719 est,
439 1638 620 1722 aequabilis
642 1638 746 1704 animi
766 1637 962 1703 moderatio:
986 1637 1078 1703 ouius
1100 1637 1267 1722 singulare
1289 1637 1455 1721 specimen
1477 1659 1578 1720 quum
1599 1637 1673 1703 aliis
1695 1639 1729 1703 in
1750 1637 1859 1719 rebus,
1882 1646 1955 1703 tum
1976 1640 2013 1703 in
2035 1638 2098 1705 hae
2118 1660 2215 1723 prae-

199 1751 311 1830 buisti,
337 1749 423 1835 quod
445 1771 549 1833 quum
570 1750 606 1814 in
626 1749 734 1832 petria
754 1740 928 1831 reliqueris
950 1740 1032 1832 quae
1054 1747 1135 1814 elios
1157 1747 1200 1814 ad
1222 1748 1434 1814 ambitionem
1444 1748 1588 1832 rapiunt,
1611 1733 1945 1816 alioseuisilleoebris
1962 1749 2079 1815 affixos
2091 1758 2215 1833 tenent,

198 1863 291 1930 nullo
314 1883 450 1946 prorsus
472 1881 587 1946 eorum
609 1859 771 1926 desiderio
788 1860 949 1944 tangeris:
978 1866 1017 1925 ut
1043 1867 1077 1924 te
1104 1881 1171 1924 nou
1198 1858 1310 1925 minus
1341 1880 1446 1943 aequo
1475 1860 1651 1945 sedatoque
1679 1862 1788 1927 animo
1815 1860 1882 1926 illis
1909 1881 2021 1926 earere
2047 1868 2214 1946 appareat,

198 1996 298 2060 quam
320 1974 422 2052 faeile,
438 1973 541 2040 semel
563 1973 774 2039 renunciasti.
818 1971 931 2063 Huius
949 1960 1026 2035 tuae
1047 1970 1193 2054 pietatis,
1222 1971 1318 2036 eieuti
1348 1991 1409 2054 ego
1436 1971 1582 2038 fruetum
1609 1980 1643 2037 et
1667 1970 1922 2038 obleetationem
1948 1991 2014 2037 non
2040 1972 2216 2057 vulgarem

75 2111 78 2117 ·
198 2086 301 2170 nepio,
325 2084 374 2151 ita
395 2106 464 2150 non
484 2085 618 2164 mirum,
641 2084 670 2150 si
692 2083 824 2167 oupiam
846 2081 888 2147 ad
910 2081 1142 2166 aliospartem
1164 2080 1310 2164 aliquam
1327 2083 1510 2165 pervenire.
1554 2082 1642 2148 Nam
1663 2085 1719 2166 qui
1749 2090 1783 2149 te
1804 2103 1924 2166 nuper,
1953 2103 2055 2166 quum
2075 2084 2112 2149 in
2133 2083 2214 2150 urbe

86 2225 89 2229 ¹
199 2220 242 2266 ex
265 2217 331 2281 qua
350 2203 451 2263 natus
472 2217 556 2275 snm,
574 2196 688 2281 regius
699 2216 788 2261 esses
808 2195 1002 2278 praefectus,
1025 2199 1059 2259 et
1079 2192 1204 2259 eivium
1215 2207 1405 2281 nostrorum
1416 2194 1584 2295 magister,
1594 2194 1624 2279 ²)
1645 2201 1805 2278 tanquam
1826 2193 1941 2278 prooul
1963 2214 1983 2259 a
1993 2193 2127 2293 Christo
2148 2195 2215 2262 dis-

95 2390 98 2393 ·
197 2308 301 2374 sitnm
324 2304 511 2393 gemebam:
534 2326 624 2372 nune
642 2328 686 2372 ex
709 2327 772 2391 quo
794 2313 884 2371 totus
905 2304 1040 2395 Christo
1061 2302 1210 2371 addictus
1233 2325 1276 2384 es,
1299 2326 1378 2371 vere
1399 2327 1605 2373 meum-esse
1626 2306 1726 2386 duoo,
1756 2314 1789 2372 et
1808 2306 1901 2390 quasi
1924 2306 2093 2371 eommuni
2112 2307 2215 2373 eoele-

197 2421 265 2485 siae
289 2420 415 2504 gremio
437 2417 627 2501 amplector.
672 2416 786 2482 Velim
806 2422 919 2481 tamen
941 2423 979 2480 ut
998 2414 1131 2482 libellus
1158 2415 1212 2481 hie
1234 2416 1333 2481 etium
1355 2416 1443 2499 apud
1465 2437 1521 2483 eos
1543 2419 1817 2503 quibusignotus
1846 2437 1895 2497 es,
1929 2416 2154 2502 qualeounque
2171 2419 2217 2484 sit

197 2523 320 2621 amoris
341 2530 378 2613 in
399 2537 432 2595 te
454 2530 520 2594 mei
543 2529 788 2594 documentum.
822 2527 951 2610 Pignus
973 2527 1063 2591 enim
1084 2528 1154 2609 ipse
1176 2527 1304 2593 nullum
1325 2529 1466 2612 flagitas.
1476 2527 1514 2614 ⁸)·
1537 2526 1647 2595 Multa
1668 2528 1800 2613 quidem
1820 2536 1899 2595 sunt
1918 2529 2007 2594 inter
2027 2522 2087 2594 nos
2109 2531 2216 2595 iustae

118 2640 120 2645 ’
197 2640 456 2708 neeessitudinis
477 2639 622 2719 vinoula,
645 2639 704 2705 sed
725 2637 817 2703 nulla
833 2638 1005 2722 sanguinis
1027 2644 1078 2703 eet
1097 2639 1333 2723 propinquitas,
1355 2639 1449 2705 nulla
1470 2634 1535 2706 alia
1556 2642 1757 2721 ooniunetio,
1786 2661 1869 2723 quae
1897 2630 2043 2706 amorem
2065 2619 2216 2708 nostrum

198 2760 341 2835 superet.
389 2750 549 2835 Adeoque
571 2752 673 2816 irater
692 2751 807 2822 uniens
835 2755 869 2814 to
891 2748 955 2815 sibi
976 2751 1110 2833 aequari
1131 2770 1200 2814 non
1222 2771 1320 2834 aegre
1341 2753 1479 2833 patitur:
1506 2751 1594 2834 quod
1619 2759 1757 2818 mutuae
1784 2751 2058 2836 compensationis
2088 2734 2158 2819 viee
2175 2747 2217 2817 =ee

198 2864 257 2930 abs
279 2870 313 2929 te
341 2881 505 2946 peraeque
527 2863 633 2927 amari
654 2861 765 2928 sentit.
808 2862 914 2927 Porro
937 2859 1022 2953 quod
1043 2860 1225 2926 multorum
1252 2861 1340 2927 votis
1367 2864 1472 2943 ¹serius
1499 2862 1610 2946 prodit
1635 2863 1733 2947 liber,
1762 2865 1889 2929 utinam
1906 2853 2016 2930 veteri
2031 2863 2215 2947 proverbio,

110 3001 113 3003 >
199 2973 286 3060 quod
310 2973 406 3039 initio
428 2973 506 3039 libri
530 2973 639 3052 citavi,
661 2972 810 3058 legitime
832 2992 989 3039 excusare
1011 2991 1155 3057 possem:
1180 2971 1242 3040 Sat
1263 2974 1336 3053 eito,
1359 2975 1388 3040 si
1409 2982 1462 3039 sat
1483 2976 1575 3049 bene.
1615 2973 1684 3045 Sed
1705 2995 1830 3055 vereor,
1852 2974 2044 3057 nemultos,
2063 2975 2117 3058 qui
2140 2994 2217 3057 par·

198 3088 260 3152 tim
280 3107 321 3151 ex
343 3086 533 3170 argumenti
556 3083 781 3168 amplitudine,
801 3085 923 3168 partim
944 3106 985 3150 ex
1006 3083 1153 3168 longiore
1175 3104 1276 3164 mora,
1299 3106 1459 3171 magnum
1476 3087 1538 3153 sibi
1558 3072 1670 3154 neseio
1690 3087 1769 3174 quid
1781 3086 1916 3171 pollieiti
1938 3093 2024 3163 sunt,
2048 3086 2118 3169 spei
2136 3106 2217 3151 suae

199 3196 370 3263 frustratio
396 3197 503 3280 magis
525 3194 685 3261 offendat:
709 3216 813 3280 quum
832 3216 887 3261 res
904 3195 1005 3279 eopia,
1028 3195 1210 3278 splendore,
1233 3197 1445 3263 vehementia
1466 3198 1632 3278 orationis,
1662 3199 1740 3264 totis
1762 3198 1912 3281 donique.
1925 3196 2130 3281 eloquentiae
2151 3195 2217 3270 fut

199 3309 344 3374 minibus
371 3307 522 3392 apprime
544 3307 672 3392 dignas,
695 3308 837 3387 eonoise,
864 3305 1032 3371 humiliter
1054 3314 1088 3376 et
1109 3307 1218 3373 ieiune
1240 3309 1418 3394 perstringi
1440 3306 1608 3376 videbunt
1653 3308 1783 3392 Quibus
1805 3330 1867 3394 ego
1888 3309 1966 3393 quid
1988 3305 2216 3391 respondeam,

200 3441 266 3486 uon
292 3419 495 3499 habeo,·nisi
516 3441 570 3484 me
591 3420 756 3485 rationem
776 3425 952 3502 sequutum
974 3438 1055 3498 esse,
1078 3439 1178 3502 quam
1199 3420 1268 3485 fore
1282 3420 1440 3503 optimam
1451 3421 1645 3488 arbitrabar.
1677 3420 1720 3487 In
1739 3443 1812 3505 quo,
1834 3429 1874 3486 ut
1893 3420 1976 3487 mihi
1997 3420 2217 3500 subeeribant,

199 3552 268 3597 non
289 3530 439 3614 postulo:
461 3529 560 3596 modo
582 3531 719 3608 veniam
738 3550 759 3594 a
780 3551 816 3596 ee
838 3529 1045 3621 dissentienti
1068 3528 1146 3595 dare
1168 3551 1236 3595 non
1257 3538 1419 3598 reeusent.
1464 3531 1549 3598 Vale
1571 3532 1692 3599 eximie
1715 3534 1776 3614 vir,
1805 3540 1839 3599 et
1859 3533 1962 3609 frater
1983 3532 2066 3597 mibi
2088 3534 2124 3597 in
2145 3530 2217 3595 Do-

201 3643 290 3707 mino
313 3625 591 3720 eoniunotiesime.
638 3643 806 3722 Generae,
829 3641 890 3707 VI.
913 3640 994 3707 Idus
1016 3632 1111 3719 Iulii,
1125 3662 1199 3706 meo
1222 3632 1325 3707 natali
1347 3643 1409 3710 die.
1453 3644 1552 3709 Anno
1574 3645 1621 3709 M.
1633 3645 1676 3709 D.
1688 3643 1729 3709 L.

361 3896 389 3961 1)
409 3914 443 3952 en
462 3899 610 3969 gemissant
630 3914 701 3965 pour
718 3897 743 3951 le
761 3902 853 3964 regnet
876 3893 975 3964 qu’elle
998 3898 1073 3951 avoit
1090 3897 1124 3951 de
1149 3897 1244 3954 s’eetre
1268 3899 1291 3953 si
1314 3899 1379 3968 long
1401 3906 1490 3970 temps
1513 3909 1595 3955 tenue
1619 3915 1652 3955 en
1676 3898 1820 3955 l’idolatrie
1837 3899 1956 3969 Papale,
1980 3900 2032 3954 elle
2051 3897 2220 3954 s’eeerioiti
2319 3902 2324 3910 '

200 3984 284 4038 haute
303 3983 381 4037 voix:
406 3982 429 4036 0
448 3999 501 4051 que
519 3984 543 4037 ie
563 3984 618 4038 suis
643 3983 777 4038 heureuse
796 3979 896 4036 d’estre
914 3981 998 4049 sortie
1016 3980 1050 4034 de
1069 3987 1144 4036 ceste
1167 3984 1286 4039 maudite
1311 3986 1440 4054 eaptivite
1457 3986 1491 4040 de
1509 3986 1648 4055 Babylone
1667 3993 1696 4040 et
1713 4002 1766 4055 que
1783 3988 1808 4041 ie
1826 4001 1878 4055 ray
1896 3993 1968 4040 estre
1986 3985 2104 4040 delivree
2122 3983 2155 4038 de
2172 3999 2220 4039 ma

202 4069 326 4122 demiere
345 4069 454 4137 prison!
480 4067 576 4136 Helas,
595 4085 647 4136 que
667 4069 803 4135 seroitee,
822 4067 845 4122 si
862 4064 966 4121 i'estoie
983 4066 1152 4120 maintenant
1168 4067 1295 4137 iNoyou
1315 4070 1393 4125 oble
1411 4069 1553 4140 n’oseroye
1573 4073 1664 4126 ouvrir
1682 4072 1710 4125 la
1726 4071 1832 4126 boucha
1850 4087 1921 4139 pour
1939 4071 2079 4126 consesser
2097 4069 2222 4124 franche-

201 4161 277 4208 ment
293 4169 339 4208 ma
357 4154 421 4223 foy:
436 4168 536 4208 encore
554 4169 606 4222 que
625 4154 667 4207 les
684 4153 809 4207 Prestres
827 4158 856 4206 et
872 4152 987 4219 Moynes
1004 4143 1233 4220 desgorgeassent
1251 4157 1268 4208 a
1285 4154 1402 4209 l'entour
1420 4156 1453 4210 de
1472 4173 1534 4226 moy
1552 4163 1615 4212 tous
1632 4157 1706 4211 leurs
1724 4156 1909 4226 blasphemes!
1944 4155 1983 4210 Et
2000 4158 2042 4226 icy
2058 4173 2113 4211 non
2131 4154 2220 4209 e'eule·

201 4247 278 4294 ment
295 4239 347 4310 i'ay
365 4240 465 4294 liberte
488 4239 523 4293 de
547 4239 652 4292 donner
674 4238 760 4306 gleire
779 4240 796 4291 a
813 4253 875 4291 mon
893 4236 1027 4304 Sauveur,
1053 4253 1124 4305 pour
1146 4239 1222 4292 venir
1241 4239 1394 4295 hardiment
1410 4241 1512 4297 devant
1529 4240 1588 4312 luy:
1617 4245 1684 4297 mais
1706 4240 1741 4311 i'y
1766 4244 1821 4297 suis
1840 4242 1965 4298 eonduite
1983 4257 2034 4309 pur
2057 4242 2097 4295 les
2116 4240 2221 4295 bonnee
2316 4293 2320 4299 .

203 4325 463 4393 exhortationeque
482 4341 550 4379 rous
567 4340 609 4377 me
628 4324 709 4378 faites
728 4364 735 4377 .
754 4362 760 4377 .
781 4365 787 4377 .
806 4362 813 4376 .

359 4409 389 4477 2)
408 4409 571 4465 Lientenaut
588 4410 625 4464 du
643 4408 704 4477 Roy
722 4411 739 4462 a
756 4407 854 4476 Noyon
872 4414 901 4462 et
917 4406 1000 4481 maire
1019 4407 1053 4463 de
1071 4409 1099 4462 la
1117 4407 1190 4464 ville.

362 4494 392 4562 3)
409 4493 484 4550 aad.
502 4502 562 4551 tant
579 4512 613 4550 en
633 4501 708 4550 estes
726 4495 846 4549 aaseure.
1174 4512 1178 4519 ·

1007 4770 1417 4782 Μ
