4762 5918
208 312 354 378 XXXII
798 310 1071 376 auscultes
1095 308 1387 375 THEOLOGICI
1410 307 1631 375 MINORES.

210 502 312 568 libelli
333 508 452 584 partes,
475 501 545 567 sive
563 500 671 582 potius
689 499 719 563 ei
737 498 862 564 inserta
880 498 1075 564 documenta
1097 521 1210 584 apag.
1235 502 1276 563 64
1298 499 1339 563 ad
1367 501 1424 561 123
1448 504 1580 562 exstant
1597 499 1695 563 etiam
1716 497 1753 561 in
1764 496 2019 565 Commentariis
2041 499 2218 565 ministerii

211 615 422 698 (Registre
444 612 489 677 de
510 612 551 675 la
572 609 802 675 Venerable
825 609 1089 694 Compagnie)
1112 610 1203 675 Tem.
1227 611 1271 675 ΙΙ.

367 723 495 804 Quibus
517 723 564 785 ita
586 743 627 786 ex
652 723 735 785 aetia
764 721 903 803 publicis
923 721 960 785 in
982 729 1187 803 praesentem
1210 743 1306 786 usum
1328 723 1475 803 repetitis
1496 722 1606 804 pergit
1628 729 1722 786 autor
1739 722 1774 785 in
1796 722 1979 788 enarrando
2001 742 2120 788 causae
2142 743 2219 805 pro-

212 857 305 901 cessu
325 837 411 918 (pag.
438 837 497 897 123
520 840 617 916 seq.):
641 855 675 898 se
698 852 766 896 nen
787 833 929 914 amplius
952 831 994 896 ad
1011 832 1175 915 desperati
1198 834 1353 897 haeretici
1376 833 1525 898 convicia
1544 832 1763 915 respondisse,
1786 855 1887 916 quum
1910 833 2044 900 ultimas
2072 834 2143 899 eius
2164 856 2219 899 ca·

211 947 354 1011 lumnias
375 945 517 1010 intactas
545 944 730 1026 relinquero
749 944 906 1009 maluerit
928 965 1026 1026 quam
1055 944 1117 1009 sihi
1139 966 1269 1009 sumere
1296 944 1381 1027 quod
1409 945 1479 1008 iure
1507 966 1565 1009 suo
1592 944 1748 1009 licuisset.
1794 942 1956 1009 Senatum
1979 967 2057 1012 vero
2080 953 2221 1027 quatuor

211 1058 391 1123 helveticas
409 1055 563 1122 ecclesias
586 1055 715 1134 adiisse,
738 1055 941 1138 ligurinam,
964 1057 1178 1134 Beruensem,
1201 1056 1421 1121 Basiliensem
1438 1053 1746 1133 etSchafusianam,
1770 1053 1873 1139 deque
1895 1065 1965 1121 tota
1986 1079 2085 1123 eausa
2106 1079 2220 1121 earum

211 1169 413 1236 cousuluisse
431 1175 586 1251 pastores.
632 1166 782 1247 Quorum
804 1168 1031 1248 responsiones
1052 1188 1152 1249 quum
1171 1168 1320 1232 unanimi
1342 1186 1504 1232 consensu
1526 1164 1659 1231 Servati
1677 1188 1804 1232 errores
1825 1168 1912 1232 iuste
1934 1168 2151 1252 reprehensos
2172 1170 2220 1233 at-

211 1283 414 1358 firmassent,
443 1298 725 1362 supervacaneum
749 1277 852 1342 videri
874 1285 914 1341 ut
935 1278 1084 1361 singulae
1106 1279 1241 1343 seorsim
1263 1286 1504 1343 recenseantur.
1549 1277 1659 1343 Unum
1687 1280 1790 1361 igitur
1812 1279 2004 1361 Tigurinum
2030 1280 2221 1361 'speciminis

211 1394 282 1458 loeo
309 1393 410 1457 verbo
435 1399 532 1456 tenus
551 1389 748 1473 descriptam
769 1389 944 1454 lectoribus
967 1389 1122 1454 exhibere
1144 1390 1223 1454 satis
1245 1389 1408 1454 hahuisse.
1460 1389 1564 1454 Cuius
1586 1389 1774 1472 exemplum
1796 1389 1918 1473 legitur
1939 1411 2014 1474 pag.
2041 1394 2219 1470 las-130,

213 1528 232 1569 a
257 1502 348 1568 nobis
371 1524 413 1568 ex
435 1501 638 1586 autographo
660 1503 696 1565 in
716 1501 860 1567 archivis
882 1500 1123 1584 genevensibus
1151 1508 1316 1564 asservato
1344 1503 1551 1584 recognitum
1579 1510 1613 1566 et
1639 1501 1858 1566 emendatum.
1910 1502 2021 1583 Atque
2050 1502 2104 1569 hic
2125 1503 2222 1568 liceat

213 1615 307 1681 nobis
325 1624 367 1693 te,
391 1613 549 1679 benevole
571 1613 682 1691 lector,
704 1611 744 1677 de
766 1612 924 1695 peculiari
946 1610 1085 1694 quadam
1108 1620 1141 1675 et
1162 1632 1242 1694 prae
1264 1613 1400 1676 caeteris
1426 1613 1601 1695 conspicua
1621 1613 1733 1696 scripti
1754 1612 1863 1677 indole
1886 1635 2029 1678 monere.
2075 1613 2222 1694 Quodsi

217 1733 343 1792 attente
363 1725 550 1808 perlegeris,
572 1732 605 1788 et
627 1722 758 1789 Serveti
780 1724 1001 1806 quaestiones,
1029 1723 1270 1805 responsiones,
1300 1726 1528 1788 annotationes
1557 1745 1670 1789 omnes
1697 1734 1731 1787 et
1752 1724 1917 1809 singulas,
1945 1746 2064 1808 easque
2086 1725 2223 1791 minime

215 1838 402 1903 decurtatus
432 1836 474 1901 ab
502 1842 614 1900 autore
642 1836 701 1899 tihi
731 1835 870 1901 candide
892 1835 1073 1917 propositas
1096 1834 1369 1912 consideraveris,
1399 1836 1519 1899 mirum
1547 1856 1627 1900 sane
1654 1843 1740 1899 esset
1769 1836 1797 1899 61
1824 1858 1891 1899 nen
1913 1836 1950 1899 in
1973 1836 2222 1901 admirationem

212 1948 379 2032 quandam
402 1948 550 2030 rapiaris,
573 1969 615 2011 no
637 1954 805 2029 stuporem
828 1945 986 2022 dieamus,
1023 1966 1121 2027 super
1143 1945 1234 2009 illam
1258 1954 1405 2011 sanctam
1427 1944 1609 2024 assaretur,
1632 1968 1698 2029 qua
1719 1968 1800 2012 usus
1822 1947 1928 2011 estin
1950 1947 2145 2030 exponenda
2166 1949 2222 2013 de-

213 2058 432 2141 clarandaque
454 2064 524 2122 tota
545 2078 652 2124 causa
686 2056 776 2122 Sane
797 2057 903 2121 cuivis
926 2055 1016 2121 haud
1037 2056 1150 2138 inique
1171 2055 1328 2122 iudicant-i
1351 2079 1547 2140 persuasum
1569 2059 1640 2136 erit,
1664 2058 1752 2122 hune
1775 2058 1894 2138 virum,
1918 2080 2017 2140 quum
2039 2058 2121 2124 haec
2144 2059 2224 2124 talia

212 2174 274 2236 toti
296 2171 474 2237 christiano
496 2168 566 2234 orbi
588 2167 728 2252 legenda
747 2167 911 2245 obtulerit,
935 2168 996 2233 sibi
1019 2168 1171 2233 veritatis
1195 2170 1290 2233 unice
1309 2167 1489 2234 adfectatae
1510 2170 1676 2234 conscium
1697 2169 1808 2246 fuisse,
1830 2190 1935 2251 neque
1953 2169 2019 2233 ullo
2037 2167 2136 2235 dubio
2154 2178 2223 2234 tur-

213 2282 327 2347 batum
349 2283 429 2364 quin
451 2280 529 2345 beni
551 2280 632 2346 civis
654 2288 688 2345 et
710 2277 766 2344 fidi
785 2279 923 2362 pastoris
945 2279 1051 2344 officio
1072 2281 1204 2345 functus
1227 2281 1334 2344 fuerit.

368 2391 460 2472 Quas
486 2391 552 2456 huc
581 2412 684 2473 usque
712 2391 939 2456 recensuimus
967 2390 1068 2455 libelli
1097 2399 1222 2472 partes,
1251 2413 1306 2456 eas
1336 2415 1401 2456 non
1428 2392 1592 2456 immerito
1619 2391 1812 2455 historicam
1840 2411 1956 2456 causac
1985 2393 2222 2474 expositionem

213 2504 344 2582 dixeris,
369 2503 489 2585 quippe
512 2523 594 2584 quac
617 2502 670 2566 vel
693 2524 817 2567 meram
840 2524 951 2566 rerum
974 2515 1138 2586 gestarum
1163 2505 1387 2568 narrationem
1410 2501 1571 2580 exhibeat,
1596 2501 1649 2567 vel
1669 2502 1742 2585 ipsa
1764 2522 1880 2567 causae
1902 2503 2030 2585 publice
2052 2515 2143 2569 actae
2165 2504 2222 2569 do-

213 2622 365 2681 cumenta
386 2615 515 2678 referat.
552 2612 711 2693 Sequitur
732 2614 798 2677 iam
820 2633 897 2695 pars
921 2613 1025 2678 altera
1042 2635 1144 2696 eaque
1165 2615 1272 2697 magis
1294 2615 1482 2692 theoretica,
1505 2615 1574 2679 sive
1597 2614 1706 2696 potius
1728 2613 1895 2696 polemica,
1917 2634 1982 2695 qua
2004 2615 2128 2680 scilicet
2150 2615 2221 2680 vul-

213 2749 275 2811 gus
294 2726 451 2789 lectorum
475 2724 579 2789 fusius
602 2723 793 2789 edoceretur
810 2723 851 2788 de
874 2723 1007 2790 Servati
1029 2726 1208 2802 erroribus,
1238 2725 1324 2807 iique
1354 2725 1430 2789 data
1450 2746 1548 2808 opera
1570 2725 1801 2789 refutarentur.
1846 2723 1975 2788 Verum
1997 2732 2031 2788 et
2052 2725 2134 2789 haec
2155 2725 2222 2792 dis·

213 2838 341 2922 putatio
369 2857 436 2899 non
464 2857 529 2899 uno
557 2844 670 2899 tenore
700 2834 853 2900 decurrit.
898 2836 949 2900 Ac
976 2835 1120 2918 primum
1150 2835 1281 2918 quidem
1310 2838 1488 2919 exponitur
1515 2835 1645 2901 Servati
1671 2834 1893 2919 Ohristologia
1921 2837 2011 2920 (pag.
2039 2836 2222 2921 130-175)

214 2949 336 3030 absque
358 2947 426 3011 ulla
443 2946 599 3028 peculiari
621 2945 720 3010 huius
742 2947 845 3029 partis
867 2946 1088 3028 inscriptione,
1117 2947 1163 3011 ita
1186 2956 1224 3011 ut
1251 2968 1333 3030 quae
1355 2948 1437 3011 ratio
1459 2948 1548 3010 inter
1570 2966 1643 3010 eam
1666 2952 1699 3009 et
1721 2944 1969 3029 praecedentem
1992 2947 2222 3012 Tuneensium

213 3059 387 3145 epistelam
410 3056 591 3122 intercedat
612 3057 750 3122 lectores
771 3058 882 3121 minus
904 3058 997 3122 facile
1019 3058 1228 3140 perspiciant,
1250 3066 1284 3122 et
1304 3058 1465 3123 versionis
1487 3057 1624 3142 gallicae
1646 3064 1741 3121 autor
1763 3057 1848 3122 hanc
1869 3057 2021 3121 lacunam
2040 3059 2224 3141 expleverit

214 3171 395 3254 praemissa
416 3168 562 3234 rubrica:
599 3168 683 3232 Pius
705 3168 806 3249 ample
833 3168 1023 3232 declaration
1051 3169 1105 3235 des
1125 3190 1250 3235 errenrs
1279 3168 1487 3234 abmninablcs
1514 3170 1552 3233 de
1576 3167 1681 3232 Servat
1705 3168 1783 3248 saite
1806 3189 1873 3248 par
1895 3168 1924 3232 I.
1949 3167 2067 3235 Calain.
2113 3169 2222 3251 Quam

213 3283 316 3347 talem
339 3280 591 3346 declarationem
614 3279 744 3361 excipit,
764 3287 797 3343 61
817 3279 948 3362 quidem
971 3302 1031 3345 suo
1052 3281 1184 3364 proprio
1212 3281 1308 3345 titulo
1330 3289 1461 3358 ornata,
1492 3279 1651 3361 Restitutio
1676 3279 1909 3345 calumniarum
1936 3281 2051 3362 quibas
2080 3281 2224 3348 servam

213 3396 334 3458 iustam
356 3412 499 3457 errorum
519 3411 649 3456 suoram
670 3391 900 3455 damnationem
922 3414 943 3456 a
965 3393 1122 3457 1116161116
1140 3392 1363 3475 parmensibus
1391 3392 1596 3472 conscriptam
1624 3391 1725 3455 eluere
1755 3390 1804 3455 cet
1826 3392 1936 3456 saltem
1957 3392 2078 3457 cludere
2096 3394 2224 3458 unuin

213 3507 303 3588 (pag.
330 3504 529 3585 ltu-257),
560 3501 616 3566 ubi
639 3502 774 3586 triginta
797 3509 829 3567 et
851 3510 923 3568 octo
945 3502 1021 3567 illac
1043 3504 1279 3586 propositiones
1302 3503 1487 3568 haereticae
1514 3523 1556 3566 ex
1583 3502 1736 3584 operibus
1759 3501 1892 3568 Servati
1921 3510 2019 3567 antea
2041 3523 2061 3566 a
2083 3503 2224 3569 Calvino

212 3623 396 3700 excerptae,
420 3623 453 3679 et
470 3634 571 3696 supra
591 3615 658 3678 iam
680 3612 863 3696 descriptae
884 3624 916 3678 et
939 3615 1109 3694 refutatae,
1133 3615 1239 3680 denuo
1261 3615 1431 3699 sigillatim
1451 3615 1672 3690 excutiuntur,
1695 3623 1728 3678 et
1744 3615 1866 3697 partim
1884 3614 2015 3697 quidem
2034 3614 2225 3698 diligentius

213 3728 334 3811 partim
357 3727 469 3807 paucis
491 3733 624 3789 tantum
648 3726 795 3789 versibus
818 3734 1048 3790 retractantur.
1093 3727 1135 3791 In
1157 3747 1296 3809 quarum
1319 3726 1516 3808 penultima,
1544 3747 1628 3807 quae
1657 3725 1697 3789 de
1725 3724 1993 3809 paedebaptismo
2017 3727 2099 3810 agit,
2129 3733 2225 3791 auter

213 3860 293 3921 prae
315 3836 452 3901 caeteris
474 3837 632 3914 subsistit,
657 3843 753 3919 atque
773 3836 862 3900 inter
884 3836 949 3901 alia
971 3837 1118 3922 singulas
1142 3837 1322 3903 adversarii
1344 3838 1488 3902 rationes
1513 3857 1652 3901 numero
1675 3837 1794 3918 viginti
1815 3844 1931 3901 contra
1951 3836 2013 3901 hoc
2035 3837 2226 3901 institutum

215 3948 361 4032 prolatas
383 3933 524 4029 exponit
541 3947 771 4029 expositaeque
789 3946 950 4030 profligat.
995 3949 1037 4011 In
1059 3951 1123 4013 fine
1145 3969 1232 4026 vero,
1256 3948 1405 4013 absoluta
1428 3948 1685 4031 propositionum
1708 3947 1839 4011 illarum
1862 3949 2067 4027 recensione,
2100 3947 2227 4013 multus

215 4069 268 4125 est
290 4060 325 4123 in
348 4057 602 4123 demonstrando
620 4067 653 4122 et
674 4056 878 4140 explodenda
901 4056 1033 4123 Servati
1055 4058 1300 4142 pelagianismo.
1345 4060 1463 4123 Finem
1485 4059 1563 4122 facit
1585 4059 1752 4122 variorum
1775 4059 1845 4122 eius
1867 4058 2062 4141 placitorum
2084 4060 2226 4143 farrago,

214 4192 298 4253 qnae
320 4170 411 4252 prius
433 4170 562 4246 omissa,
584 4189 674 4234 nunc
697 4168 857 4251 spicilegii
881 4169 950 4234 1166
972 4177 1066 4233 extra
1089 4169 1237 4233 ordinem
1259 4168 1379 4246 addita,
1398 4190 1467 4232 non
1489 4169 1600 4234 minus
1622 4169 1742 4233 acriter
1764 4190 1862 4251 quam
1885 4177 2014 4235 caetera
2036 4170 2227 4236 discindun-

196 4288 281 4347 tur.
326 4280 497 4347 Coronidis
518 4280 588 4345 leeo
616 4281 750 4362 apponit
776 4279 875 4344 breve
898 4279 1088 4347 Servetieae
1115 4280 1297 4363 theologiae
1324 4266 1555 4362 compendium
1581 4301 1641 4363 per
1667 4280 1754 4345 locos
1782 4280 1976 4362 dispositum
2005 4282 2094 4365 (pag.
2119 4286 2227 4345 257-

215 4396 306 4476 261),
328 4392 385 4458 uhi
408 4393 518 4474 agitur
540 4393 581 4456 (16
602 4393 683 4468 Deo,
708 4391 748 4455 de
771 4391 913 4468 Christo,
936 4392 976 4457 de
998 4393 1124 4475 spiritu,
1148 4390 1187 4457 (16
1209 4391 1341 4456 homine
1363 4393 1495 4473 eiusque
1516 4392 1735 4474 corruptione,
1766 4390 1806 4456 (16
1827 4392 1909 4472 fide,
1944 4393 1985 4457 de
2014 4393 2156 4472 iustitia,
2185 4393 2226 4459 (16

216 4503 403 4571 differentia
414 4502 537 4569 veteris
550 4503 673 4567 616611
684 4504 880 4568 testamenti.
899 4503 974 4567 Tati
987 4504 1069 4570 libro
1083 4503 1346 4585 subscripserunt
1357 4503 1489 4586 praeter
1499 4504 1609 4586 ipsum
1622 4503 1802 4570 Calvinum
1812 4502 2058 4586 quatuordecim
2072 4505 2224 4570 ministri.

374 4612 486 4694 Quum
508 4614 542 4678 in
566 4615 627 4680 hoo
649 4615 769 4696 scripto
792 4614 951 4679 Calvinus
972 4615 1165 4698 saepissime
1188 4613 1319 4680 Servati
1348 4616 1518 4696 opiniones
1540 4636 1582 4679 ex
1605 4616 1676 4681 eius
1698 4615 1925 4681 recentissimo
1959 4635 2066 4697 opere,
2089 4637 2146 4680 seu
2166 4637 2227 4700 po-

216 4728 283 4791 tius
305 4724 536 4808 opusculorum
559 4726 724 4791 variorum
747 4726 938 4791 collectione
960 4747 1059 4809 quam
1081 4726 1142 4791 sub
1166 4726 1382 4791 Restitutiauis
1395 4725 1633 4790 Christianismi
1655 4727 1751 4792 titulo
1773 4746 1877 4808 nuper
1894 4725 2046 4790 Viennae
2068 4726 2226 4806 ediderat,

216 4837 427 4920 depromptas
448 4837 535 4916 citet,
558 4835 703 4920 adeoque
720 4837 824 4919 ipsius
845 4836 922 4901 libri
944 4838 1074 4922 paginis
1096 4844 1247 4903 accurate
1269 4836 1428 4921 allegatis,
1451 4836 1609 4902 lectorum
1630 4838 1766 4902 interest
1784 4836 1878 4914 seire,
1900 4835 2077 4901 editionem
2094 4839 2226 4917 Murrii,

216 4950 313 5015 ouius
333 4946 435 5012 solius
456 4947 551 5013 nobis
572 4949 665 5031 eopia
681 4948 753 5029 1611,
775 4970 877 5031 quum
895 4949 1086 5016 authentica
1107 4949 1308 5031 exemplaria
1327 4947 1435 5014 corvis
1455 4948 1538 5013 albis
1548 4949 1673 5012 rariora
1683 4947 1759 5027 sint,
1782 4946 2049 5012 horumlermam
2068 4948 2229 5016 hactenus

219 5065 475 5140 repraesentare,
498 5065 536 5123 ut
557 5059 679 5143 pagina
699 5060 839 5144 paginae
860 5060 1070 5145 respondeat,
1097 5061 1243 5144 adeoque
1269 5061 1324 5142 qui
1353 5082 1373 5125 a
1395 5059 1516 5125 Nostro
1544 5059 1774 5143 significantur
1802 5059 1930 5125 numeri
1959 5059 1994 5123 in
2017 5058 2075 5123 illa
2096 5080 2228 5143 quoque

217 5167 323 5254 relegi
341 5176 471 5250 queant
