4702 5926
132 340 193 402 aaa
889 330 1152 400 memma
1175 332 1388 401 saevum.
1578 318 1581 324 ’
2079 338 2142 401 aas

134 524 256 590 mentis.
304 523 439 588 JIdem
459 526 512 589 est.
558 519 647 587 &Si
675 525 744 587 erat
771 522 807 586 im
822 520 928 602 forma
947 519 1026 599 Dei,
1052 519 1118 602 for·
1170 521 1314 587 ⁸inecite
1331 520 1386 587 vel
1402 522 1547 606 maligne
1564 521 1719 588 abutitur.
1742 523 1901 589 Irenaeus
1922 525 2142 592 et'Iertullia·

135 609 232 676 mutia
254 613 324 674 erot
344 610 517 674 distinctio.-
537 612 643 672 coutra
664 611 692 671 te
712 608 819 689 ipsum
839 606 984 687 loqueris.
1017 605 1117 670 aaa·
1168 627 1232 671 nus
1270 605 1439 671 interdum
1480 608 1633 690 spiritum
1667 629 1743 675 oum
1779 608 1880 677 verbo
1917 613 1932 651 ⁰
1962 611 2142 694 improprie

137 694 243 760 butue:
271 696 364 776 quasi
390 695 427 759 in
448 693 517 758 Deo
537 694 603 758 sint
623 693 703 757 totio
725 692 898 757 occidentia
919 697 947 756 et
967 691 1115 755 subiecto.
1167 692 1320 774 miscent,
1349 694 1427 774 quia
1454 694 1589 776 spiritus
1616 695 1651 758 in
1673 703 1806 760 uterum
1828 695 1967 779 virginis
1990 695 2143 779 delapsus

137 785 183 846 10
204 779 303 846 Deus.
335 786 379 844 11
402 779 511 844 Homo.
542 783 587 842 12
609 777 724 842 Furiis
746 778 895 861 agitatur.
925 782 969 841 13
991 776 1115 841 Filium
1167 777 1274 843 virilis
1306 778 1441 843 seminis
1474 779 1582 845 vicem
1616 784 1691 858 [pag.
1724 786 1798 860 104]
1832 781 2007 864 supplevit.
2067 783 2142 848 Iam

128 868 262 949 proprie
292 868 332 933 de
363 865 486 929 homine
517 865 582 931 ttici
613 864 775 942 curtando,
808 868 843 928 ut
872 861 1048 942 Christum,
1080 867 1115 926 ut
1166 864 1346 946 sapientiae
1367 884 1490 928 nomen
1511 884 1579 928 non
1601 861 1783 948 semper'h
1831 868 1965 932 cstadoe
1985 868 2071 933 sumi
2093 869 2143 932 fa-

133 953 254 1018 Iesum.
300 955 345 1016 14
368 950 527 1015 Mentiris.
575 954 619 1013 15
641 949 853 1029 Blaspbemia
878 949 943 1013 tuis
963 947 1038 1012 boec
1059 952 1113 1012 est.
1165 954 1290 1013 tamur:
1318 948 1377 1014 sad
1398 970 1457 1032 pro
1475 949 1609 1032 speciali
1625 951 1762 1033 spiritus
1802 973 1875 1016 ono.
1917 950 2023 1018 Sicuti
2040 974 2142 1036 quum

136 1042 182 1102 16
206 1037 350 1118 Spiritus
365 1056 505 1116 persona
523 1034 769 1116 perceptibiliter
795 1033 946 1111 subsistit,
974 1039 1009 1097 ut
1029 1032 1114 1097 uerbi
1165 1034 1326 1099 sermonis
1343 1035 1383 1098 fit
1400 1036 1533 1114 mentio,
1557 1037 1688 1118 saepius
1705 1037 1903 1120 intelligitur
1920 1059 2028 1103 sermo
2045 1060 2141 1121 prae·

124 1143 266 1205 persono
291 1121 466 1188 visibiliter.
520 1121 575 1186 Ito
601 1120 693 1185 docui
715 1141 791 1204 pop.
816 1123 893 1184 163.
924 1122 1001 1182 164.
1034 1122 1111 1183 704.
1165 1117 1307 1198 dicatus,
1330 1141 1429 1202 quam
1450 1120 1590 1186 interior
1610 1122 1667 1186 ille
1696 1123 1752 1204 qui
1774 1144 1905 1206 semper
1925 1122 2013 1205 apud
2030 1126 2142 1189 Deum

131 1212 202 1274 705
224 1212 276 1274 etc.
1163 1204 1234 1268 fuit.
1301 1206 1406 1288 Atqui
1434 1203 1595 1272 Servatus
1626 1206 1762 1272 verbum
1800 1208 1992 1291 polysemon
2025 1208 2142 1276 eodem

1164 1310 1263 1355 sensu
1290 1293 1318 1333 ¹⁰
1338 1291 1459 1373 ubique
1480 1292 1650 1375 arripiens,
1673 1291 1941 1360 hallucinationis
1963 1315 2042 1361 suae
2063 1316 2141 1379 poe·

227 1379 270 1446 V.
294 1377 333 1445 si
362 1381 370 1421 ¹
392 1378 525 1442 interne
546 1377 607 1443 filii
627 1376 663 1441 in
675 1377 748 1442 Dec
769 1375 1015 1440 subsistentiam
1036 1397 1111 1459 pro-
1164 1396 1242 1440 nam
1264 1377 1336 1441 Deo
1358 1377 1508 1461 infligere
1529 1398 1595 1442 non
1616 1378 1751 1444 dubitet.

135 1466 241 1531 fessus
274 1486 405 1547 semper
436 1465 536 1541 foret,
569 1483 636 1529 non
669 1460 835 1527 turbasset
867 1461 1040 1527 ecclesiam
1071 1461 1112 1526 de

132 1550 214 1617 reali
243 1549 462 1615 distinctione.
527 1549 615 1613 Nam
647 1548 701 1614 vel
733 1549 832 1612 inane
865 1562 1032 1629 spectrum
1060 1553 1112 1612 cat
1250 1545 1445 1613 1Reolt'ter.
1492 1552 1518 1613 2
1544 1546 1704 1614 Mmttirt's.
1756 1554 1778 1613 3
1807 1549 1876 1616 Hoc
1903 1550 2019 1615 millies
2045 1572 2067 1615 u
2092 1570 2141 1618 me

134 1636 365 1713 ²substantia,
388 1635 440 1700 vel
464 1634 648 1716 resaliqua.
682 1631 722 1698 Si
739 1634 869 1697 interne
889 1633 1011 1698 fatetur
1032 1632 1110 1698 sub-
1161 1629 1287 1695 dictum.
1332 1634 1445 1698 IHoo
1461 1634 1571 1714 priori
1595 1655 1657 1699 uon
1678 1635 1874 1700 contradicit.-
1899 1640 1926 1700 ot
1948 1636 1994 1699 ito
2020 1636 2141 1702 Tertul-

135 1723 258 1788 stitisse
280 1722 315 1785 in
338 1722 410 1785 Deo
432 1720 548 1797 filium,
571 1726 645 1798 [pag.
672 1723 746 1798 103]
767 1720 782 1758 ⁸
802 1717 936 1782 realiter
956 1716 1047 1784 hune
1068 1718 1110 1783 ab
1161 1715 1487 1802 stannaturam.
1511 1725 1590 1784 369.
1614 1723 1788 1784 422442.
1836 1720 2024 1800 5Deliras,
2052 1721 2142 1789 horno

133 1808 193 1874 illo
216 1807 407 1890 distinguet.
432 1806 474 1869 In
496 1806 607 1871 verbis
630 1805 751 1870 nostris
774 1807 787 1845 ⁴
810 1803 895 1867 nihil
917 1810 968 1868 est
988 1824 1109 1888 repug·
1160 1806 1294 1867 estuare
1315 1805 1494 1884 cueifieua.
1531 1805 1670 1869 aaran
1690 1811 1796 1870 contra
1816 1826 1881 1871 uos.
1918 1807 2139 1873 7Homiuem.

135 1895 285 1959 nantiae:
321 1891 379 1956 sed
408 1891 500 1974 prius
529 1890 655 1956 eoelum
687 1899 794 1955 terrae
815 1889 975 1967 miscebit,
1009 1909 1108 1971 quam
1162 1891 1185 1950 8
1213 1888 1265 1951 Tu
1291 1888 1445 1968 abuteris,
1473 1889 1558 1954 nibil
1585 1890 1767 1973 intelligens.
1815 1897 1835 1957 9
1866 1890 1959 1956 Solus
1988 1892 2140 1959 Calvinus

131 1979 283 2043 conciliet
315 1997 398 2059 quae
433 1976 534 2042 simul
571 1986 741 2043 coacervat
771 1977 946 2059 figmenta:
979 1975 1107 2039 nullam
1153 1973 1286 2054 prmus
1305 1974 1443 2055 loquitur
1464 1980 1499 2040 ut
1522 1974 1631 2041 Simon
1653 1996 1773 2059 mamis.
1821 1982 1866 2041 10
1887 1977 2047 2044 Mentiris.

132 2064 259 2130 scilicet
285 2080 460 2146 personam
490 2084 561 2128 esse
590 2062 654 2126 uisi
681 2061 853 2136 visibilem,
883 2069 916 2127 et
939 2061 955 2100 ⁵
975 2061 1107 2124 interne

129 2150 233 2216 fuisse
255 2148 290 2212 in
312 2149 385 2213 Dco
402 2148 461 2213 filii
483 2168 671 2230 personam:
698 2146 800 2212 fuisse
821 2147 863 2211 ab
884 2145 979 2209 initio
1001 2145 1107 2228 hypo·
1247 2141 1327 2207 VII.
1381 2145 1472 2210 Mira
1504 2152 1592 2212 corte
1631 2144 1774 2210 hominis
1806 2147 2011 2230 arrogantia,
2051 2149 2138 2231 quod

132 2234 236 2301 stasin
266 2233 343 2311 filii,
373 2240 408 2299 ot
433 2254 500 2298 non
532 2233 634 2298 fuisse
660 2234 726 2298 nisi
747 2232 961 2314 figurativum
983 2231 1106 2295 filium:
1159 2248 1262 2310 quum
1290 2228 1350 2293 sibi
1385 2230 1555 2313 permittat
1583 2233 1592 2271 ¹
1623 2231 1726 2296 alium
1753 2231 1864 2295 Deum
1900 2233 2046 2308 diceros)
2076 2255 2137 2317 pro

131 2321 234 2386 fuisso
261 2320 482 2384 substantiam
509 2317 637 2384 Christi
668 2319 772 2383 futuri
799 2318 834 2380 in
861 2316 964 2395 nube,
999 2323 1033 2380 et
1054 2335 1107 2380 co·
1160 2312 1223 2378 alio
1246 2313 1378 2379 deitatis
1395 2316 1501 2393 modo,
1525 2316 1572 2382 sic
1594 2316 1630 2379 in
1652 2337 1766 2380 omnes
1788 2320 1860 2398 pios
1880 2317 2066 2383 truculente
2088 2321 2139 2384 in-

128 2406 244 2470 lumna
277 2405 381 2488 ignis,
415 2414 449 2469 et
476 2425 518 2468 ex
551 2404 724 2470 elementis
755 2402 909 2467 increatis
941 2400 1044 2466 fuisse
1071 2401 1106 2465 in
1159 2398 1308 2476 vehitur,
1331 2401 1387 2483 qui
1410 2401 1483 2466 ausi
1504 2410 1582 2466 sunt
1604 2403 1640 2466 iu
1664 2403 1736 2466 Deo
1760 2424 1824 2466 uuo
1847 2411 1915 2468 tres
1937 2403 2043 2468 reales
2065 2426 2139 2487 per-

128 2492 245 2556 matris
268 2500 363 2555 utero
384 2492 572 2555 conflatum.
612 2488 724 2569 (latare
741 2487 858 2552 morito
877 2487 1109 2568 conquerimur
1159 2505 1257 2549 sonas
1279 2484 1396 2551 dicere.
1442 2486 1510 2552 Sed
1532 2486 1609 2570 quid
1636 2488 1697 2553 sibi
1721 2489 1794 2553 vult
1814 2487 1868 2554 hic
1899 2508 2007 2555 novus
2036 2488 2139 2556 deita-

128 2576 238 2658 ipsum
263 2574 454 2659 dogmatum
477 2595 612 2639 suorum
632 2574 833 2655 impietatem
856 2572 964 2637 fucosa
985 2582 1107 2656 tegere,
1159 2570 1203 2634 tis
1224 2571 1363 2637 modus?
1376 2578 1404 2647 b)
1446 2571 1524 2655 Ipse
1552 2574 1650 2637 aliam
1680 2573 1811 2638 deitatis
1839 2594 2012 2656 personam
2034 2576 2139 2641 inter·
2213 2605 2216 2611 ⁴

129 2661 209 2726 dum
244 2680 403 2745 personae
437 2679 559 2723 nomen
592 2659 743 2741 opponit,
775 2659 789 2698 ⁶
818 2679 885 2722 non
917 2657 1021 2721 intelli
1048 2678 1108 2723 cns
1159 2661 1311 2738 pretatur
1343 2657 1457 2722 ecdem
1490 2657 1571 2724 loce.
1638 2659 1736 2725 Unde
1768 2659 1936 2743 colligitur
1969 2662 1983 2701 ²
2010 2661 2139 2726 nullam

61 2822 65 2830 Ἰ
127 2745 322 2895 hypostasin
344 2746 490 2828 aliquam
510 2764 592 2825 quae
609 2743 696 2826 apud
714 2744 825 2808 Deum
842 2743 933 2808 intus
949 2679 1105 2808 resideat:
1159 2743 1261 2806 titisse
1289 2742 1423 2825 spiritus
1452 2764 1643 2827 personam,
1673 2744 1777 2810 donec
1803 2754 1940 2828 repente
1969 2767 1989 2810 a
2011 2746 2139 2812 christi

129 2852 164 2898 se
210 2833 361 2916 effigiem,
385 2830 525 2909 vultum,
549 2840 583 2895 et
602 2830 945 2914 repraesentationem.
1160 2829 1400 2894 resurreetione
1427 2829 1571 2895 emersit.
1617 2829 1729 2911 Quare
1759 2832 1774 2870 ⁸
1801 2830 1924 2913 duplex
1957 2838 2137 2913 errorent,
2228 2902 2229 2905 Ἴ

1159 2912 1245 2995 quod
1268 2913 1399 2997 spiritui
1420 2923 1535 2981 saneto
1554 2918 1569 2956 ⁴
1586 2916 1720 2980 initium
1742 2937 1900 2999 personae
1918 2918 1958 2982 ab
1978 2917 2033 2982 illo
2054 2925 2139 2982 tem·

216 3007 236 3066 1
260 3001 422 3066 Internum
444 3021 496 3084 eqo
517 3000 698 3082 hypostasin
719 3000 801 3079 dieo,
823 3019 900 3083 pop.
925 3003 1002 3065 704.
1027 3003 1105 3064 705.
1159 3018 1239 3081 pore
1261 2999 1419 3083 assignat,
1442 3007 1476 3066 et
1492 3020 1654 3084 personae
1665 3009 1816 3085 respectu
1839 3003 1981 3068 alterum
2002 3005 2139 3070 ⁶Deum

126 3093 197 3153 734
218 3093 247 3153 et
270 3086 350 3152 olibi
366 3087 502 3169 possim.
548 3086 806 3151 esuriamus
831 3106 905 3150 uero
926 3086 1048 3150 interne
1070 3085 1107 3148 in
1158 3083 1284 3149 statuit.
1419 3139 1421 3143 .

123 3174 194 3254 ipso
226 3172 296 3238 Deo
326 3172 472 3253 formato.
518 3176 540 3237 3
572 3172 646 3236 Nou
677 3173 826 3253 sequitur.
870 3177 892 3235 4
925 3170 1106 3236 Monstrum

124 3257 323 3325 torrendum.
373 3262 394 3323 5
422 3257 546 3323 Eodem
577 3278 657 3338 quoe
685 3259 771 3322 intus
798 3260 881 3337 erat,
913 3263 959 3322 est
984 3263 1106 3322 atterm
1246 3255 1322 3320 1A
1346 3254 1479 3322 Christo
1507 3255 1554 3322 Et
1570 3262 1606 3322 tu
1623 3256 1731 3322 nebulo
1752 3255 1853 3321 otiam
1873 3256 2016 3322 deitatem
2035 3260 2138 3326 dicere

125 3344 264 3409 eutitito
290 3344 440 3409 visibilis.
488 3347 509 3407 6
539 3343 591 3407 Tu
616 3348 643 3407 te
670 3344 776 3425 ipsum
801 3362 863 3407 uon
885 3343 1106 3425 intelligis,et
1156 3359 1220 3406 um
1241 3341 1405 3408 umecta
1451 3340 1515 3406 aet
1535 3342 1593 3407 tibi
1614 3343 1720 3407 omniu
1746 3343 1875 3420 impune
1900 3342 1999 3409 licent.
2043 3345 2138 3411 Adde

125 3429 245 3493 clamos
272 3436 308 3493 ut
328 3449 436 3494 merus
452 3449 513 3511 per
534 3428 673 3493 deserto:
700 3447 798 3508 quum
818 3428 861 3492 sit
881 3427 938 3492 tibi
959 3429 995 3492 iu
1015 3428 1106 3492 corde
1156 3427 1236 3492 cart·
1254 3428 1388 3492 otiorum
1418 3447 1515 3508 quam
1542 3428 1605 3493 loeo
1637 3428 1740 3493 eodem
1773 3427 1882 3492 adieci.
1925 3432 1950 3490 2
1978 3428 2136 3497 Mentiris.
2164 3457 2166 3461 ¹

125 3517 192 3578 tom
225 3514 340 3579 ardens
373 3515 528 3580 vindictae
558 3515 709 3595 spiritus,
740 3514 776 3579 in
807 3513 991 3580 malevolum
1016 3518 1106 3580 tuum
1158 3516 1181 3576 3
1242 3513 1362 3578 antitis.
1409 3511 1611 3578 IMentiris.
1658 3511 1797 3577 5Nibit
1817 3513 1887 3578 tote.

126 3598 269 3664 unimam
290 3619 352 3664 murt
372 3600 471 3665 intrat
491 3600 659 3680 supientia.

1243 3683 1340 3748 VIII.
1386 3684 1532 3749 Tametsi
1552 3681 1715 3749 invidiam
1742 3682 1936 3766 fugitans,e)
1963 3683 2073 3767 aliqua
2094 3707 2137 3752 cx

214 3769 274 3834 VI.
321 3769 366 3834 In
388 3790 450 3834 sua
475 3769 688 3851 responsione
714 3768 824 3853 palam
847 3789 979 3834 omnem
1007 3771 1015 3808 ¹
1039 3768 1105 3835 dis·
1157 3773 1550 3852 partesuos[pag.105]
1579 3788 1708 3834 errores
1736 3767 1790 3834 hie
1819 3773 2021 3835 ¹retractat:
2055 3771 2137 3839 haec

127 3856 320 3923 annuerem
345 3853 406 3919 filii
438 3861 472 3919 et
493 3856 629 3936 spiritus
658 3857 793 3932 evertit,
816 3876 854 3920 ac
871 3855 976 3937 plenis
995 3854 1106 3921 buccis
1157 3862 1270 3920 tamen
1297 3855 1459 3938 expositio
1488 3854 1580 3919 nullo
1613 3853 1710 3919 modo
1739 3864 1790 3918 ost
1818 3854 2006 3920 tolerabilis.
2050 3849 2139 3924 Nam
2186 3879 2190 3884 ·

127 3942 338 4008 ²Sabellium
360 3941 476 4024 spirat.
498 3940 597 4006 Unde
615 3952 752 4024 apparet
773 3939 929 4023 quidquid
951 3942 1042 4023 prius
1064 3941 1105 4006 de
1157 3941 1187 4006 si
1213 3962 1256 4006 ex
1276 3939 1350 4006 Deo
1376 3942 1390 3981 ²
1411 3941 1609 4006 naturaliter
1634 3948 1684 4005 est
1713 3940 1811 4005 homo
1833 3941 2003 4017 Christus,
2033 3948 2067 4006 et
2094 3964 2138 4008 ex

124 4031 273 4094 trinitate
295 4036 328 4090 et
346 4028 495 4110 personis
513 4026 682 4092 confessus
704 4036 763 4104 est,
785 4045 878 4090 mera
895 4026 1105 4092 simulatione
1156 4027 1222 4091 Dei
1243 4025 1427 4092 substantia
1448 4027 1579 4110 genitus
1597 4033 1759 4108 quatenus
1780 4025 1879 4092 homo
1900 4036 1960 4105 est,
1985 4030 2000 4069 ⁸
2022 4049 2136 4110 seque-

123 4115 226 4180 fuisse
254 4112 463 4195 implicitum.
508 4111 595 4177 Nam
622 4112 653 4177 si
681 4134 723 4177 ex
749 4112 859 4176 animo
885 4120 954 4176 tres
975 4132 1047 4178 esse
1069 4114 1104 4177 in
1156 4119 1213 4177 tur
1234 4133 1301 4177 non
1322 4132 1395 4177 esse
1413 4112 1463 4176 illi
1485 4111 1657 4177 nobiscum
1685 4110 1852 4178 humanae
1872 4123 2013 4176 naturae
2034 4116 2135 4179 socie·

123 4198 198 4263 Deo
226 4220 385 4283 personas
416 4198 591 4276 concessit,
616 4200 631 4237 ⁸
652 4199 758 4263 forma
780 4197 898 4262 saltem
919 4204 953 4263 et
973 4196 1104 4281 dispen-
1157 4205 1268 4264 tatem.
1312 4199 1416 4281 Atqui
1444 4198 1526 4264 haec
1560 4196 1778 4281 blasphemia,
1810 4198 1846 4262 in
1878 4219 1944 4278 qua
1976 4197 2039 4262 sibi
2066 4205 2137 4263 tam

125 4286 250 4349 satione
272 4285 419 4367 oportuit
441 4283 579 4349 verbum
597 4304 617 4348 a
637 4285 756 4367 spiritu
775 4282 943 4367 dmdngui.
1000 4285 1104 4367 Atqui
1156 4282 1297 4367 benigne
1318 4283 1471 4368 indulget
1493 4283 1668 4362 Servatus,
1697 4291 1800 4348 totam
1823 4305 1914 4363 spem
1938 4280 2136 4365 redemptio·

126 4368 294 4432 contendit
325 4370 502 4452 ipsammet
530 4371 764 4453 ⁴sapientiam
792 4390 863 4434 esse
901 4370 1105 4452 spiritumet)
1155 4370 1208 4435 nis
1225 4367 1374 4434 funditus
1392 4372 1407 4409 ⁴
1425 4371 1554 4438 evertit
1594 4369 1769 4453 Dogmatis
1786 4368 1912 4432 falsitas
1931 4367 2019 4432 clare
2041 4390 2137 4452 apos-

126 4453 211 4518 acsi
229 4452 359 4530 diceret,
380 4457 560 4538 ipsummet
578 4457 593 4496 ⁶
611 4457 764 4539 spiritum
782 4455 882 4520 fuisse
900 4456 1103 4534 crucifixum,
1157 4455 1218 4519 toli
1251 4455 1439 4521 testimonio
1478 4454 1657 4534 refellitur,
1691 4475 1794 4536 quum
1827 4454 1971 4518 affirmat
1997 4464 2136 4538 excepto

125 4547 160 4604 et
181 4540 400 4604 resurrexisse
418 4563 438 4605 a
455 4542 603 4607 mortuis.
660 4541 766 4625 Atqui
785 4540 883 4624 longe
901 4540 997 4607 aliter
1013 4542 1104 4607 Pau·
1155 4549 1289 4623 peccato
1317 4541 1412 4607 nobis
1442 4563 1500 4624 per
1534 4541 1645 4606 omnia
1678 4540 1780 4604 fuisse
1810 4542 1824 4579 ὁ
1851 4539 2001 4604 similem.
2066 4541 2136 4607 Sed

124 4623 189 4704 lus,
223 4623 277 4707 qui
310 4623 477 4704 praedicat
505 4627 680 4693 Christum
704 4631 718 4669 ⁶
744 4627 924 4693 excitatum
957 4648 1028 4693 esse
1062 4647 1104 4692 ex
1157 4633 1261 4691 totam
1279 4625 1539 4710 redemptionem
1557 4648 1578 4690 a
1593 4623 1704 4689 radice
1722 4623 1852 4701 evellit)
1870 4625 1950 4704 dico,
1973 4627 2039 4690 nisi
2056 4648 2137 4692 vera

123 4716 230 4776 morte
253 4730 274 4773 a
296 4709 415 4792 spiritu
433 4712 506 4788 Dei,
529 4713 755 4779 Romanorum
774 4717 804 4777 8.
843 4714 890 4778 Et
912 4713 989 4779 alibi
1011 4712 1106 4779 docet
1155 4711 1322 4779 humanae
1350 4720 1491 4778 naturae
1519 4710 1701 4778 similitudo
1735 4710 1830 4778 nobis
1863 4733 1940 4777 cum
1971 4712 2039 4776 filio
2069 4712 2138 4776 Dei

127 4798 141 4838 ⁷
163 4795 338 4860 Christum
361 4796 462 4862 fuisse
485 4796 688 4863 declaratum
716 4798 823 4863 filium
844 4798 910 4864 Dei
931 4800 967 4864 in
987 4807 1104 4882 poten·
1159 4851 1362 4860 -.,.-..-.

125 4883 174 4947 tia
191 4902 252 4964 per
270 4880 428 4964 spiritum
445 4883 723 4961 sanctificationis,
744 4884 972 4950 Romanorum
992 4890 1019 4949 l.
1048 4884 1105 4950 Ad

125 4968 217 5033 hune
252 4986 400 5031 errorem
440 4967 617 5032 tutandum
654 4969 865 5049 testimoniis,
909 4989 992 5054 quae
1024 4971 1105 5035 citat
1225 4969 1255 5034 ²)
1274 4968 1437 5090 beffa-l
1509 5033 1529 5087 ll
1561 5032 1613 5087 ,1,

1223 5037 1256 5168 bi
1273 5037 1754 5173 dombibbrqtlduplotlidbcetlncbiede
1771 5116 1802 5156 ce
1820 5098 1884 5169 qu'il
1902 5102 1990 5157 sarcit
2006 5107 2079 5158 estro
2096 5103 2136 5158 in·

1156 5174 1333 5243 supportable
1351 5212 1358 5225 .
1376 5210 1383 5226 .
1401 5211 1408 5225 .
1426 5212 1433 5226 .

190 5245 220 5310 a)
240 5260 272 5298 or
291 5243 311 5296 il
330 5241 413 5297 debat
430 5257 482 5310 que
501 5239 568 5297 c’sst
584 5247 645 5297 tout
662 5256 707 5308 uu,
726 5257 828 5297 comme
847 5239 889 5297 s'il
906 5241 986 5300 discit
998 5248 1044 5300 ete.
1225 5242 1256 5307 d)
1275 5248 1319 5298 est
1334 5240 1370 5294 du
1391 5245 1453 5296 tout
1468 5239 1567 5296 ratleo.
