4800 5902
128 283 192 348 269
402 293 403 297 ’
896 280 1380 350 PRAEDESmNfflONu.
2081 294 2145 358 270

132 471 206 550 eati,
230 470 404 547 iustificati,
429 469 603 554 glorificati
626 478 712 549 sunt,
735 491 804 537 non
822 469 895 539 dieo
913 473 1013 538 etiarn
1030 492 1113 536 non·
1165 494 1263 555 quam
1274 493 1402 539 summe
1413 473 1700 540 bonusedeorum
1710 473 1954 544 damnationem
1963 498 2048 562 quos
2058 479 2146 547 iuste

132 556 213 624 dum
234 557 357 636 renati,
385 556 444 621 sed
471 557 571 622 ctiam
600 556 747 622 nondum
773 558 845 623 nati
871 558 939 623 iarn
965 556 1027 622 filii
1047 557 1114 622 Dei
1165 557 1425 641 praedestinavit
1451 559 1492 624 ad
1521 580 1676 642 poenam,
1717 569 1751 626 et
1782 563 1825 628 ad
1852 583 1967 629 eorum
1994 564 2143 647 salutem,

130 650 225 721 sunt,
253 648 287 706 ιι
312 643 447 708 omnino
474 643 582 725 perire
611 663 677 710 non
705 651 853 727 possunt.
866 644 892 726 ¹)
935 643 1112 708 Rationem
1146 664 1245 726 quos
1266 644 1407 727 benigne
1430 643 1687 727 praedestinavit
1712 646 1754 712 ad
1776 649 1927 733 gratiam.
1972 648 2144 730 Quantum

129 751 209 794 mox
231 728 394 793 annectit:
418 726 507 809 Quia
527 726 648 794 talibus
670 728 782 795 omnia
803 728 897 795 Deus
918 737 1112 812 cooperatur
1165 729 1254 794 enim
1277 728 1319 793 ad
1341 730 1430 812 ipsos
1449 730 1608 812 pertinet,
1625 731 1712 813 quod
1729 733 1822 800 Deus
1844 736 1959 813 noluit,
1983 737 2141 803 fecerunt.

130 816 168 881 in
188 814 328 879 bonum:
358 813 545 896 etquidem
567 814 753 897 usqueadeo
775 835 911 897 prorsus
932 815 1052 891 omnia,
1074 821 1114 878 ιιι
1165 813 1339 895 Quantum
1361 835 1441 880 vero
1469 815 1511 880 ad
1533 817 1802 899 omnipotentiam
1824 820 1904 900 Dei,
1932 821 2022 886 nullo
2045 820 2142 888 modo

130 901 159 967 si
191 899 249 983 qui
281 918 397 964 eorum
434 899 569 964 deviant
606 907 641 965 et
672 900 876 980 exorbitant,
915 901 1016 965 etiam
1049 899 1111 965 hoe
1163 899 1198 964 id
1220 900 1351 966 efficere
1372 901 1560 967 valuerunt
1588 901 1663 966 Hoc
1685 904 1804 988 quippe
1826 907 1897 989 ipso
1920 907 2007 989 quod
2029 915 2143 973 contra

131 987 241 1070 ipsum
269 985 317 1050 cis
341 985 441 1050 faciat
496 986 631 1051 reficere
658 985 696 1051 in
725 986 864 1051 bonum:
899 986 975 1068 quia
1001 985 1111 1049 humi·
1164 985 1228 1050 Dei
1263 985 1469 1052 voluntatem
1498 986 1659 1065 fecerunt,
1696 987 1737 1053 de
1768 992 1848 1073 ipsis
1881 993 1967 1058 facta
2002 1001 2052 1057 est
2076 993 2143 1057 Dei

129 1071 229 1161 liores
250 1067 391 1136 redeunt
413 1078 448 1135 ιι
469 1006 636 1136 doctiores.
665 1070 763 1153 Quod
784 1071 812 1137 si
835 1070 934 1137 altius
955 1091 1111 1137 conseen·
1163 1070 1327 1137 voluntas.
1372 1072 1555 1156 Propterea
1577 1094 1720 1156 namque
1743 1096 1865 1161 magna
1886 1099 1985 1162 opera
2007 1079 2143 1144 Domini

132 1156 237 1235 ditur,
276 1162 311 1223 et
342 1154 383 1220 de
423 1157 530 1238 prima
568 1156 712 1221 hominis
753 1157 918 1223 creatione
957 1162 1112 1222 movetur
1164 1157 1328 1239 exquisita
1348 1157 1383 1222 in
1406 1178 1521 1224 omnes
1542 1158 1730 1226 voluntates
1747 1162 1829 1241 eius,
1852 1171 1890 1228 ut
1905 1164 1989 1227 miro
2008 1172 2042 1228 ιι
2058 1165 2141 1229 inef-

131 1243 289 1327 quaestio,
311 1262 386 1308 eam
408 1262 537 1326 quoque
555 1242 601 1307 sic
619 1242 862 1326 exsequitur:²)
886 1240 1111 1308 snubernmo
1162 1241 1254 1307 labili
1276 1240 1372 1307 modo
1395 1263 1463 1308 non
1485 1244 1544 1309 fiat
1565 1258 1696 1326 praeter
1718 1245 1789 1311 eius
1811 1249 2031 1327 voluntatem,
2054 1249 2142 1332 quod

130 1329 334 1406 eonfitemur,
358 1326 444 1411 quod
466 1328 649 1393 rectissime
666 1325 839 1406 oredimus,
861 1325 973 1394 Deum
994 1326 1111 1391 Domi·
1162 1328 1260 1393 etiam
1284 1334 1399 1393 eontra
1432 1329 1502 1394 eius
1529 1330 1569 1393 fit
1590 1329 1812 1397 voluntatem:
1845 1335 1922 1416 quia
1949 1356 2015 1399 non
2035 1336 2140 1414 fieret,

130 1434 276 1497 numque
306 1433 419 1478 rernm
452 1414 616 1492 omnium,
650 1414 707 1496 qui
735 1414 860 1480 creavit
888 1414 1000 1478 omnia
1026 1413 1112 1478 bona
1163 1414 1190 1478 si
1213 1433 1279 1478 non
1302 1414 1439 1479 sineret:
1468 1436 1529 1481 neo
1552 1415 1666 1498 utique
1688 1416 1803 1482 nolens
1826 1420 1912 1498 sinit,
1936 1419 1994 1485 sed
2015 1421 2139 1487 volens.

129 1499 243 1579 valde,
276 1507 310 1564 ιι
340 1498 430 1564 mala
458 1520 500 1564 ex
532 1498 628 1564 bonis
654 1499 824 1565 exoritura
849 1498 1044 1582 praescivit,
1078 1506 1112 1562 et
1161 1498 1256 1564 Haec
1276 1519 1382 1582 pauca
1409 1521 1452 1565 ex
1479 1500 1594 1567 multis
1616 1521 1793 1585 excerpere
1813 1503 1923 1584 libuit,
1957 1504 2044 1571 unde
2065 1526 2141 1588 per·

129 1585 226 1652 seivit
247 1585 355 1669 magis
377 1582 419 1650 ad
441 1605 534 1650 suam
557 1585 911 1668 omnipotentissimam
931 1585 1110 1650 bonitatem
1161 1585 1304 1666 spiciunt
1325 1585 1477 1664 lectores,
1492 1587 1517 1670 ¹)
1540 1606 1639 1668 quam
1661 1588 1849 1655 verecunda
1869 1591 1977 1655 fronte
1999 1590 2141 1674 Pighius

129 1672 309 1754 pertinere,
337 1670 438 1736 etiam
461 1670 502 1736 de
523 1669 620 1735 malis
646 1669 872 1749 benefacere,
902 1689 1003 1752 quam
1021 1668 1110 1733 mala
1161 1671 1390 1753 Augustinum
1412 1693 1432 1736 a
1452 1671 1547 1737 nobis
1569 1671 1754 1757 disiungat,
1782 1674 1927 1759 adeoque
1948 1678 2068 1743 erroris
2090 1678 2142 1743 sui

129 1778 201 1824 esse
228 1778 298 1823 non
326 1756 449 1822 sinere:
483 1757 530 1822 sic
562 1755 732 1823 ordinasse
765 1756 958 1840 angelornm
987 1762 1021 1820 et
1049 1754 1108 1819 ho-
1161 1755 1414 1840 suffragatorem
1442 1757 1588 1824 advocet.
1633 1758 1719 1823 Nam
1749 1760 1785 1824 in
1815 1762 1971 1826 continua
1993 1760 2141 1845 disputa·

129 1844 257 1908 minum
279 1843 393 1921 vitam,
416 1842 511 1908 utin
532 1862 572 1908 ea
611 1841 681 1907 rius
698 1841 886 1908 ostenderet
903 1838 981 1924 quid
999 1846 1110 1923 posset
1160 1840 1260 1906 tionis
1286 1842 1386 1920 serie,
1419 1840 1519 1909 huius
1546 1846 1651 1910 sancti
1685 1846 1748 1911 viri
1777 1847 1974 1912 testimoniis
2001 1846 2141 1915 subinde

128 1928 271 1994 liberum
292 1927 478 1994 arbitrium:
502 1862 629 2007 deindpe,
653 1927 732 2010 quid
750 1936 860 2011 posset
880 1927 1007 2012 gratiae
1028 1945 1108 1991 suae
1160 1926 1320 1992 utendum
1341 1928 1414 1993 erit.
1973 1984 1976 1990 .

105 2013 334 2094 beneficium,
355 2014 567 2096 iustitiaeque
584 2012 753 2078 iudicium.
776 2013 819 2078 In
832 2012 1014 2080 enchiridio
1029 2031 1107 2078 vero
1244 2012 1342 2079 Nunc
1365 2012 1451 2095 quod
1473 2015 1687 2097 praecipuum
1709 2024 1769 2095 ιιι,
1793 2036 1947 2101 agamus:
1972 2017 2058 2082 nihil
2076 2018 2139 2085 hao

130 2100 174 2166 ad
200 2100 419 2166 Laurentium
429 2100 456 2182 8)
483 2099 571 2183 quod
599 2098 767 2164 residuum
795 2104 869 2179 [pag.
893 2104 947 2177 32]
975 2097 1106 2162 dubita·
1160 2096 1200 2161 de
1227 2118 1265 2162 re
1292 2119 1312 2163 a
1339 2119 1393 2163 me
1420 2099 1600 2181 proditum,
1630 2100 1695 2165 nisi
1722 2101 1811 2183 quod
1836 2102 1929 2168 Deus
1957 2103 2140 2185 scripturae

130 2184 228 2251 tionis
249 2206 319 2252 esse
339 2194 465 2269 posset,
485 2185 621 2251 liberius
643 2183 799 2268 explicat:
822 2183 937 2265 Quum
958 2190 1107 2248 extremo
1159 2182 1298 2250 oraculis
1336 2182 1431 2249 nobis
1470 2185 1622 2251 omnibus
1661 2185 1750 2251 clare
1790 2186 1899 2253 dietat
1960 2186 2057 2268 Quod
2097 2210 2139 2254 ex

129 2271 190 2351 dic,
211 2273 329 2354 inquit,
356 2273 393 2337 in
414 2270 572 2337 iudicium
593 2271 711 2336 mundi
732 2271 921 2355 apparuerit
942 2268 1106 2346 Christus,
1159 2276 1294 2335 aeterna
1315 2270 1380 2335 Dei
1400 2269 1559 2335 electione
1580 2269 1723 2354 pendeat
1744 2272 1834 2338 salus
1856 2272 2020 2351 fidelium,
2044 2275 2138 2339 carius

128 2365 207 2424 tunc
230 2358 267 2422 in
292 2356 476 2424 clarissima
501 2357 575 2423 luce
603 2357 783 2440 sapientiae
811 2355 991 2432 videbitur,
1021 2352 1106 2438 quod
1158 2354 1252 2419 nulla
1272 2362 1405 2439 praeter
1425 2355 1608 2439 gratuitum
1630 2357 1701 2423 eius
1723 2358 1964 2441 beneplacitum
1987 2365 2060 2438 [pag.
2082 2364 2137 2439 34]

128 2465 218 2510 nunc
238 2444 368 2526 piorum
386 2443 487 2509 habet
501 2442 593 2522 fides,
615 2449 792 2526 antequam
807 2440 1032 2507 manifestacc
1082 2439 1107 2488 '·
1159 2459 1258 2506 eausa
1274 2440 1367 2507 reddi
1387 2448 1508 2525 potest,
1537 2440 1661 2508 diserta
1683 2451 1761 2508 sunt
1781 2442 1883 2509 Pauli
1910 2444 2011 2511 verba
2030 2445 2139 2528 primo

128 2529 216 2595 tione
239 2528 404 2607 videatur,
433 2528 535 2612 quam
555 2534 660 2608 certa,
689 2526 920 2605 immutabilis,
943 2532 1015 2591 ete
1053 2546 1107 2592 ea·
1159 2524 1201 2590 ad
1222 2526 1386 2610 Ephesios
1406 2527 1522 2611 capite.
1555 2527 1771 2607 Benedictus,
1801 2531 1911 2613 inquit
1933 2530 1978 2616 (v.
2001 2535 2020 2595 3
2044 2531 2137 2614 seq),

129 2616 260 2681 eissima
283 2617 327 2681 sit
347 2614 500 2680 voluntas
512 2615 590 2681 Dei:
611 2635 709 2698 quam
731 2612 837 2678 multa
853 2611 967 2696 possit,
990 2619 1025 2677 ιι
1038 2632 1106 2676 ιιοιι
1158 2611 1268 2691 Deus,
1298 2613 1437 2696 quinos
1460 2613 1630 2679 benedixit
1658 2614 1694 2679 in
1716 2614 1866 2681 Christo:
1901 2617 1999 2681 sicuti
2020 2638 2080 2682 nos
2102 2617 2138 2680 in

129 2700 221 2766 velit:
249 2699 336 2765 nihil
358 2708 469 2765 autem
492 2700 574 2767 velit
595 2699 683 2783 quod
704 2721 771 2766 non
793 2699 910 2783 possit:
944 2716 1107 2781 quamque
1159 2717 1196 2762 eo
1225 2697 1370 2783 elegerat
1402 2705 1479 2765 ante
1510 2698 1628 2763 mundi
1661 2701 1867 2766 creationem.
1917 2701 2026 2767 Audio
2058 2700 2139 2784 quid

128 2786 171 2851 sit
192 2806 326 2865 verum,
348 2784 435 2869 quod
456 2787 492 2851 in
513 2785 648 2852 Psalmo
671 2784 765 2870 (115,
789 2787 822 2867 3)
845 2785 989 2850 canitur:
1013 2783 1107 2848 Deus
1240 2782 1285 2849 'at
1306 2784 1500 2868 Pighius:²)
1528 2784 1681 2850 Electum
1708 2805 1780 2852 esse
1808 2788 1844 2851 in
1871 2786 2006 2852 Christo
2033 2807 2139 2869 genus

127 2880 241 2938 noster
267 2872 305 2937 in
332 2872 438 2952 coelo,
471 2871 583 2938 omnia
611 2891 694 2954 quae
721 2870 840 2950 voluit,
873 2870 958 2937 fecit.
1008 2866 1107 2950 Quod
1184 2891 1358 2949 umanum,
1386 2878 1424 2935 ιιι
1446 2871 1631 2953 quicunque
1653 2892 1729 2936 eum
1750 2870 1815 2937 fide
1838 2872 1981 2955 amplexi
2003 2873 2137 2950 fuerint,

126 2958 240 3041 utiquc
260 2977 328 3023 non
350 2965 403 3024 est
421 2979 548 3024 verum:
574 2958 602 3022 si
624 2958 733 3041 aliqua
749 2957 863 3037 voluit,
885 2965 919 3021 ιι
936 2975 1004 3020 non
1020 2954 1106 3020 feeit
1159 2955 1302 3022 salutem
1323 2963 1578 3039 consequantur.
1618 2955 1686 3022 Sed
1708 2957 1745 3022 in
1764 2957 1826 3023 hoe
1848 2966 2034 3023 commento
2056 2957 2138 3023 duae

125 3041 201 3110 Non
222 3045 262 3108 fit
283 3065 361 3128 ergo
384 3043 517 3126 aliquid,
540 3044 604 3109 nisi
626 3045 833 3126 omnipotens
849 3043 922 3108 fieri
940 3039 1031 3119 velit,
1052 3039 1106 3105 vel
1159 3048 1238 3106 sunt
1254 3063 1383 3109 crassae
1401 3041 1684 3120 hallucinationes,
1706 3064 1787 3125 quas
1798 3044 1897 3109 Pauli
1915 3045 2023 3109 verbis
2041 3043 2138 3109 refel-

126 3128 263 3194 sinendo
285 3137 323 3194 ut
343 3131 410 3208 fiat,
433 3129 487 3195 vel
507 3129 578 3211 ipse
598 3129 754 3195 faciendo.
797 3128 868 3194 Nec
890 3125 1107 3193 dubitandum
1158 3126 1227 3196 lere
1248 3135 1438 3211 promptum
1460 3135 1518 3194 est.
1561 3127 1650 3192 Nam
1671 3130 1776 3211 primo
1799 3138 1888 3195 certe
1909 3130 1996 3195 inter
2017 3130 2138 3196 electos

126 3225 193 3294 ιιι,
221 3215 332 3281 Ι)ιιιιιι
360 3215 468 3282 faeere
489 3215 587 3295 bene,
616 3214 753 3281 sinendo
774 3216 861 3293 fieri,
892 3231 1105 3297 quaeeunque
1158 3220 1192 3280 et
1212 3213 1368 3297 reprobos
1397 3221 1512 3279 mutua
1541 3221 1592 3279 cst
1618 3213 1747 3279 relatio:
1782 3225 1820 3279 ιιι
1847 3227 1935 3280 stare
1958 3214 2074 3280 electio
2096 3214 2137 3281 de

126 3301 215 3364 fiunt
234 3300 329 3366 male.
375 3300 452 3368 Non
474 3301 563 3366 enim
586 3301 649 3367 hoc
672 3302 737 3365 nisi
765 3297 993 3366 iustoiudicio
1015 3297 1104 3364 sinit.
1157 3319 1223 3382 qua
1244 3299 1404 3381 loquitur,
1433 3306 1592 3381 nequeat,
1622 3299 1686 3363 nisi
1712 3300 1876 3365 fateamur
1896 3299 2009 3366 Deum
2030 3309 2137 3366 certos

127 3382 290 3465 Quamvis
324 3407 402 3471 ergo
435 3407 518 3469 quae
544 3386 633 3452 mala
654 3392 747 3466 sunt,
779 3386 815 3451 in
858 3392 997 3451 uantum
1017 3381 1106 3448 mala
1157 3384 1321 3463 homines,
1344 3404 1424 3467 quos
1446 3384 1495 3448 illi
1517 3384 1627 3452 visum
1649 3393 1713 3463 ιιι,
1736 3385 1777 3450 ab
1800 3385 1872 3451 aliis
1896 3385 2135 3469 segregasse.⁸)

129 3478 218 3549 sunt,
241 3492 308 3535 non
330 3472 397 3537 sint
418 3473 518 3538 bona:
540 3481 654 3537 tamen
667 3480 788 3537 utnon
806 3407 912 3538 ιιἹιιιιι
931 3472 1025 3548 bona,
1047 3466 1106 3535 scd
1157 3469 1254 3551 Quod
1275 3470 1385 3553 ipsum
1406 3469 1674 3552 praedestinandi
1697 3471 1813 3548 verbo,
1842 3469 1929 3552 quod
1950 3469 2000 3535 bis
2023 3476 2136 3552 postea

128 3555 230 3620 etiam
258 3557 326 3622 sint
352 3564 386 3621 ιι
411 3557 514 3638 mala,
552 3556 678 3623 bonnm
704 3565 762 3622 est.
812 3556 900 3623 Nam
926 3556 991 3621 nisi
1019 3561 1107 3620 esset
1157 3556 1291 3638 repetit,
1320 3555 1525 3638 exprimitur.
1571 3553 1625 3619 Ad
1647 3555 1726 3620 haec
1754 3576 1809 3620 ιιι
1838 3555 1917 3621 dicit
1938 3554 2058 3621 electos
2079 3557 2136 3638 qni

126 3639 189 3706 hoc
213 3639 350 3723 bonum,
379 3650 419 3708 ιιι
445 3651 557 3710 assent
583 3651 618 3709 ιι
643 3643 747 3721 mala,
779 3642 870 3708 nullo
904 3639 1000 3706 modo
1032 3660 1104 3705 esse
1156 3640 1221 3706 fide
1248 3639 1340 3706 insiti
1372 3647 1451 3704 sunt
1481 3641 1517 3703 in
1543 3638 1670 3705 Christi
1697 3660 1829 3723 corpus:
1863 3639 1950 3723 quod
1982 3640 2134 3706 omnibus

125 3727 318 3792 sinerentur
339 3727 380 3793 ab
401 3731 623 3812 omnipotente
644 3727 740 3794 bono.
785 3727 848 3794 (lui
869 3725 983 3811 procul
1005 3724 1104 3790 dubio
1156 3746 1363 3810 nequaquam
1386 3746 1560 3791 commune
1578 3745 1659 3804 esse,
1681 3724 1791 3807 palam
1809 3733 1867 3792 est.
1912 3724 2008 3792 Solos
2025 3727 2136 3808 itaque

126 3831 225 3896 quam
253 3812 349 3880 facilc
378 3813 543 3899 estquod
570 3814 649 3881 vult·
664 3815 789 3892 facere,
823 3822 891 3878 tam
918 3811 1014 3877 facile
1042 3817 1102 3887 est,
1156 3832 1212 3879 eos
1234 3810 1394 3895 designat,
1416 3832 1497 3894 quos
1518 3811 1693 3876 vocatione
1714 3830 1774 3876 sua
1796 3810 1952 3894 dignatur
1968 3811 2133 3891 Christus,

124 3896 210 3982 quod
233 3920 301 3966 non
323 3899 398 3966 vult
418 3921 499 3979 esse,
520 3922 586 3967 non
604 3902 721 3967 sinere.
749 3900 823 3966 Hoc
840 3899 904 3964 nisi
921 3895 1102 3974 credamus,
1155 3905 1331 3982 postquam
1352 3895 1402 3961 illi
1423 3903 1558 3980 epatre
1581 3895 1648 3961 dati
1670 3906 1756 3962 sunt.
1785 3897 1904 3963 Fidem
1926 3918 2006 3963 vero
2027 3898 2135 3964 faeere

123 3984 328 4066 periclitatur
348 3986 458 4070 ipsum
479 3985 557 4052 fidei
579 3993 711 4053 ιιοιιιιι
731 3985 875 4063 initium,
897 4004 964 4067 qua
985 4002 1044 4048 nos
1066 3981 1103 4045 in
1155 3983 1322 4049 electionis
1355 4003 1504 4060 causam,
1538 3983 1638 4047 nimis
1668 3981 1847 4048 absurdum
1880 3992 1944 4063 cst,
1984 3991 2081 4066 atque
2114 4005 2135 4049 a

123 4068 233 4134 Deum
262 4071 519 4155 omnipotentem
548 4071 681 4138 credere
707 4073 909 4137 confitemur.
954 4067 1103 4133 'landem
1154 4069 1252 4134 Pauli
1274 4068 1384 4135 verbis
1406 4066 1663 4133 dissentaneum.
1691 4067 1809 4151 Neque
1831 4070 1930 4149 enim,
1951 4068 2038 4151 quod
2054 4090 2134 4153 pru·

124 4152 305 4220 clausulam
328 4155 472 4241 addit:⁴)
493 4157 588 4224 Haec
609 4165 690 4224 sunt
706 4177 829 4241 magna
845 4175 946 4240 opera
956 4153 1101 4231 Domini,
1155 4154 1272 4219 denter
1293 4151 1529 4219 animadvertit
1545 4154 1764 4237 Augustinus,
1772 4155 1803 4236 ⁴)
1825 4154 1943 4221 eleetos
1965 4174 2036 4221 esse
2059 4176 2134 4237 pro·

123 4241 287 4322 exquisita
304 4241 339 4304 in
357 4263 470 4308 omues
489 4243 676 4309 voluntates
694 4245 779 4308 eius:
800 4249 919 4308 ettam
936 4240 1103 4323 sapienter
1155 4241 1303 4317 nunciat,
1337 4241 1414 4321 quia
1442 4239 1600 4304 credituri
1628 4247 1752 4318 essent,
1787 4239 1845 4306 sed
1878 4249 1916 4305 ιιι
1944 4240 2132 4305 crederent:

123 4327 302 4408 exquisita,
335 4338 374 4392 ιιι
405 4349 508 4411 quum
540 4328 688 4412 angelica
717 4335 751 4393 ιι
777 4328 924 4393 humana
950 4331 1102 4392 creatura
1154 4347 1220 4392 non
1242 4325 1362 4391 electos
1384 4323 1463 4390 dicit
1483 4323 1669 4407 quosDeus
1691 4325 1899 4407 praeviderat
1916 4326 1986 4391 fore
2003 4333 2134 4392 sanctos

123 4412 197 4487 [pag.
221 4415 275 4491 33]
296 4422 478 4495 peccasset:
509 4413 544 4479 id
566 4421 626 4494 est,
648 4435 716 4479 ιιοιι
738 4412 825 4497 quod
846 4412 912 4492 ille,
935 4410 993 4478 sod
1015 4406 1102 4493 quod
1155 4419 1188 4477 et
1213 4409 1457 4489 immaculatos,
1485 4409 1543 4476 sed
1571 4416 1611 4474 ut
1637 4411 1720 4476 tales
1748 4413 1875 4478 fierent.
1925 4411 2027 4478 Item:
2057 4412 2133 4479 Non

124 4492 229 4559 voluit
260 4498 332 4580 ipsa
362 4499 508 4578 fecisset,
536 4500 636 4565 etiam
669 4521 729 4582 per
762 4496 899 4565 eandem
931 4503 1101 4563 creaturae
1695 4547 1699 4554 .

122 4578 345 4663 voluntatem,
386 4606 452 4668 qua
477 4585 602 4650 factum
630 4593 682 4652 ιιι
714 4584 801 4668 quod
833 4591 960 4650 creator
985 4581 1099 4659 noluit,

120 4663 275 4749 implfflet
293 4669 364 4753 ipse
386 4670 474 4754 quod
496 4672 609 4753 voluit,
631 4672 715 4737 bene
735 4678 833 4737 utens
854 4676 888 4735 ιι
908 4667 1005 4734 malis
1026 4673 1101 4732 tau-
1222 4648 1253 4715 ¹)
1271 4647 1327 4704 ⁸¹¹³
1344 4663 1397 4717 ΨΘ
1416 4664 1446 4702 ⁰⁰
1465 4646 1522 4702 fust
1539 4662 1642 4702 comme
1660 4650 2133 4721 ¹¹¹¹»Pr01’fflfflfflflimplealc0

1153 4717 1232 4788 qu’ils
1249 4733 1284 4772 ne
1302 4716 1431 4772 reiettent
1448 4718 1526 4784 point
1544 4729 1648 4770 comme
1660 4733 1786 4772 nouveau
1799 4733 1830 4773 ce
1842 4719 1921 4787 qu’ils
1932 4727 2044 4774 verrent
2056 4721 2133 4774 avoir

1153 4787 1257 4842 estest
1281 4786 1343 4841 bien
1368 4785 1488 4854 exprime
1511 4799 1563 4852 par
1584 4800 1615 4838 ce
1640 4786 1726 4840 seina
1749 4786 1875 4853 doctenr,
1904 4796 1932 4842 et
1955 4789 2029 4841 aussi
2052 4786 2132 4855 qu’ils

1153 4856 1327 4925 cogneisseut
1344 4859 1478 4908 comment
1493 4852 1519 4906 ie
1536 4850 1690 4908 m’aecorde
1706 4855 1741 4910 du
1755 4863 1891 4911 tentasse
1901 4856 1947 4924 luy
1957 4857 2132 4920 (camon).

191 4922 222 4989 1)
243 4922 345 4979 Omnia
361 4926 419 4992 sere
437 4943 507 4996 pune
523 4927 568 4982 lvio
585 4942 618 4981 ec
629 4927 785 4996 Aapratr’no
801 4926 906 4995 pnsum
924 4924 1053 4981 decorabit
1069 4924 1100 4978 ia
1221 4922 1252 4986 2)
1271 4930 1300 4979 et
1316 4937 1362 4978 sea
1379 4918 1548 4977 semblables.

118 4990 220 5058 cadmo
237 4995 361 5048 Metius
379 5001 405 5050 et
421 4996 530 5050 Meuius
547 4995 623 5050 dieto
639 4995 772 5066 legantur.
1221 4990 1251 5059 3)
1270 5006 1318 5048 car
1334 4989 1403 5044 Dian
1422 5005 1455 5044 eu
1474 4989 1638 5044 choisissaut
1661 5005 1679 5044 a
1703 4993 1800 5060 separe
1823 4992 1864 5047 les
1889 4992 1961 5047 dens
1979 4989 2072 5046 d'avec
2090 4992 2133 5047 les

189 5057 206 5111 2
238 5059 296 5116 Lib.
315 5061 348 5118 de
367 5072 485 5134 corrept
503 5072 532 5119 et
548 5073 617 5134 grat.
636 5081 695 5134 cap.
714 5063 756 5118 10,
1150 5069 1252 5129 annes,
1269 5060 1409 5116 tellement
1425 5055 1490 5125 qu’il
1507 5071 1542 5111 ne
1561 5065 1628 5125 peut
1646 5060 1722 5112 avoir
1739 5060 1816 5115 esleu
1835 5075 1898 5115 sans
1910 5060 1989 5115 avoir
2001 5068 2085 5130 quant
2102 5068 2131 5116 et

188 5127 206 5181 3
238 5128 276 5184 Oa
297 5172 303 5186 .
321 5128 356 5184 95
373 5147 426 5186 ae.
1151 5139 1235 5200 quant
1250 5128 1356 5184 reiette.

188 5195 279 5264 4)1b1
324 5216 385 5270 cap.
401 5149 461 5255 300.
1220 5197 1250 5265 4)
1270 5191 1637 5263 hindepraadestsanct.
1656 5193 1896 5266 eap.17,18,19.
