4762 5918
965 366 1335 474 rnonnsonnm.
2053 352 2163 438 nvn

301 594 520 652 6166666616
555 561 561 667 Ι
596 563 680 645 DH
712 560 1093 648 COGNITIONH
1123 561 1234 647 ΗΟ·
1262 560 1270 666 Ι
1295 563 1438 647 minis:
1470 564 1515 646 in
1546 594 1631 676 qua
1662 564 1715 648 de
1743 573 1918 678 peceato
1950 562 2160 678 origine-l

143 702 191 809 li,
224 702 277 784 de
308 701 494 786 naturali
523 700 706 784 hominis
738 700 974 813 corruptio·
1002 702 1102 808 116,
1134 698 1187 782 de
1218 700 1342 783 liberi
1373 701 1538 818 arbitrii
1566 701 1838 813 impotentia:
1876 702 1913 784 i·
1941 701 1947 804 1
1974 715 2076 808 tem,
2109 702 2163 785 de

142 838 290 950 gratia
304 837 653 950 regenerationis,
677 847 722 920 et
748 843 754 948 Ι
783 836 941 920 auxilio
960 835 1147 947 Spiritus
1169 836 1316 942 saneti,
1342 847 1562 921 tractatur.
1592 842 1597 947 Ι
1624 866 1767 923 rosssn
1786 867 1945 924 osanne
1964 860 2160 940 1666666]

147 976 307 1049 (neblens)
332 969 559 1035 GENEVAE.
581 969 586 1055 Ι
605 968 662 1034 Ea
683 968 811 1052 officina
834 967 969 1033 Ioannis
992 965 1145 1049 Crispini.
1166 975 1172 1044 Ι
1192 966 1239 1032 Μ.
1263 967 1307 1033 D.
1331 967 1413 1033 LII.

302 1080 478 1147 Emblema
499 1086 550 1147 est
571 1100 690 1146 aueore
712 1101 787 1146 eum
808 1085 975 1162 serpente,
1009 1098 1087 1144 oum
1114 1077 1292 1163 epigraphe
1319 1080 1442 1161 partim
1463 1101 1484 1145 a
1506 1079 1624 1144 dextre
1645 1079 1769 1163 partim
1795 1101 1816 1145 a
1842 1080 1977 1145 sinistre
1996 1080 2164 1166 adseripte

148 1193 225 1259 hee:
247 1200 366 1257 SAORA
387 1199 570 1256 ANOHORA.
608 1191 733 1257 Forma
753 1190 855 1256 libelli
876 1189 991 1256 eadem
1013 1196 1113 1273 etque
1135 1191 1172 1253 in
1193 1191 1331 1255 eaeteris
1354 1190 1452 1255 huius
1473 1191 1604 1274 generis
1622 1190 1850 1275 Crispinianis.
1884 1180 2051 1258 Praefatio
2069 1191 2165 1273 adest

147 1303 249 1368 nulla.
293 1301 536 1384 Quaterniones
557 1309 637 1367 sunt
657 1322 778 1368 novem
801 1301 940 1379 (Α-Ι),
968 1301 1108 1384 paginae
1130 1311 1324 1366 numeratae
1349 1305 1419 1365 143.
1463 1301 1588 1385 Inoipit
1609 1323 1684 1386 pag.
1708 1306 1727 1366 3
1752 1309 1865 1368 textus
1887 1303 2003 1386 eapitis
2025 1303 2161 1369 seeundi

146 1414 386 1480 Institutionis:
411 1413 485 1480 Noa
506 1414 575 1478 aiae
594 1432 694 1479 causa
712 1419 817 1488 eeett,
841 1410 962 1477 desinit
983 1432 1056 1495 pag.
1084 1415 1143 1476 138
1166 1411 1201 1475 in
1218 1409 1344 1477 verbis:
1365 1412 1523 1496 illigatum
1539 1433 1672 1478 menae.
1697 1412 1876 1499 (llditionis
1887 1421 2019 1479 nostrae
2030 1414 2163 1481 'PomL

146 1545 221 1609 pag.
246 1525 443 1609 305-372.)
465 1524 756 1609 Peragraphomm
779 1524 924 1602 numeri,
954 1522 1067 1606 quales
1088 1528 1220 1588 exstant
1241 1523 1277 1586 in
1299 1522 1442 1589 editione
1460 1525 1540 1588 enni
1564 1529 1645 1589 1550
1666 1536 1766 1608 quem
1788 1529 1902 1590 nostra
1923 1525 2086 1608 sequitur,
2108 1525 2163 1592 hie

147 1656 216 1701 non
238 1642 399 1719 apparent
431 1656 548 1701 verum
576 1657 679 1719 quum
705 1655 918 1718 unaquaeque
941 1634 1042 1700 seetio
1075 1633 1322 1699 6666611666
1349 1634 1502 1717 16616161,
1535 1633 1716 1701 earundem
1733 1636 1880 1720 genuina
1902 1636 1987 1701 ratio
2009 1643 2163 1703 eeourate

145 1752 282 1814 servata
303 1758 363 1813 est

304 1858 391 1943 Peg.
404 1861 463 1922 139
485 1856 567 1923 haee
589 1858 763 1942 leguntur:
784 1865 989 1921 1110101118.
1016 1855 1066 1920 Ne
1083 1854 1140 1919 1151
1157 1875 1289 1921 vacuom
1310 1856 1453 1923 obortam
1470 1858 1629 1938 derasas,
1653 1856 1951 1937 (161611666166166,
1972 1857 2025 1924 bis
2045 1858 2164 1924 addere

148 1968 239 2034 nobis
257 1970 363 2034 616666
385 1973 431 2034 est
451 1968 627 2051 Augustini
649 1968 818 2034 6666611666
840 1972 934 2051 eaput
955 1966 992 2032 de
1006 1965 1296 2032 Proedestinots‘one
1316 1972 1508 2042 sanam:
1528 1969 1608 2050 quie
1628 1973 1656 2034 61
1677 1971 1859 2035 messario
1878 1970 2003 2054 6666116
2024 1970 2165 2048 continet,

144 2084 180 2144 61
198 2079 238 2144 ab
256 2079 312 2146 bor
327 2080 489 2163 propostto
508 2080 618 2145 minus
638 2079 754 2144 611666.
799 2076 959 2160 Sequitur
979 2078 1082 2162 igitur
1099 2076 1244 2160 adeoque
1265 2099 1389 2144 666666
1411 2079 1700 2163 paginasimplet,
1722 2086 1854 2163 praeter
1875 2079 2042 2160 ultimam,
2065 2086 2166 2163 eaput

145 2189 234 2255 illud
255 2191 368 2275 magni
390 2191 616 2275 Hipponensis
638 2189 796 2273 episeopi,
830 2189 991 2272 insipiens
1019 2208 1039 2252 6
1062 2187 1184 2254 verbis:
1216 2187 1316 2253 Prius
1334 2190 1441 2273 itaque
1459 2189 1555 2271 fides
1574 2238 1583 2256 .
1607 2239 1615 2257 .
1639 2239 1647 2256 .
1670 2197 1705 2255 61
1726 2189 1881 2256 16616666
1902 2191 1940 2255 16
1961 2188 2042 2256 illis:
2059 2194 2165 2273 pose-

146 2302 266 2366 er'erem
287 2301 402 2368 Deam.

803 2761 820 2798 ,
955 2694 1161 2780 OAPU'l'
1192 2695 1366 2779 XXXI.

227 2915 758 3016 CONGREGATION
785 2915 916 3014 SUR
941 2912 1330 3012 L'ELECTION
1364 2911 1884 3013 ETERNHLLH'DE
1910 2918 2031 3016 DIE
2040 2921 2095 3017 U.

1085 3093 1235 3196 1551.

309 3357 503 3440 Sequuntur
525 3356 627 3422 libelli
649 3356 714 3422 duo
735 3377 803 3422 non
825 3357 940 3423 eodem
961 3356 1103 3440 quidem,
1126 3364 1165 3422 ut
1186 3355 1327 3439 videtur,
1351 3361 1497 3439 tempore
1517 3355 1606 3435 editi,
1628 3377 1747 3438 verum
1768 3357 1884 3423 eadem
1906 3359 2074 3425 oeeasione
2097 3362 2169 3424 neti

150 3477 189 3535 61
208 3469 296 3535 idem
318 3475 500 3536 traotantes
523 3476 766 3554 argumentum,
787 3468 895 3534 looum
918 3467 1044 3534 seilioet
1065 3467 1106 3533 de
1123 3474 1257 3533 aeterne
1267 3465 1334 3531 Dei
1354 3466 1653 3549 praedestinatione
1675 3474 1708 3532 et
1727 3467 1896 3548 elsetione‚
1915 3470 2168 3535 vexatissimum

152 3581 249 3646 illum
270 3588 305 3645 et
326 3601 347 3646 6
369 3579 508 3646 0616166
526 3580 684 3646 aeerrime
706 3578 927 3659 vindieatum,
960 3577 1018 3645 sed
1047 3580 1084 3645 in
1117 3599 1181 3662 quo
1215 3576 1391 3644 asserendo
1418 3576 1517 3643 multi
1537 3577 1713 3643 Helvetiae
1740 3578 1901 3663 theologi,
1935 3578 2080 3662 adeoque
2101 3580 2167 3664 ipsi

151 3692 299 3775 alioquin
321 3693 459 3757 66611666
480 3690 614 3756 6166616
635 3690 756 3770 iuneti,
784 3690 943 3778 timidius
960 3711 1035 3755 eum
1058 3690 1186 3773 sequuti
1215 3698 1294 3754 sunt
1315 3689 1506 3771 eautitnque
1533 3689 1563 3754 ei
1592 3689 1866 3755 assentiebantur.
1911 3691 2002 3757 Hine
2024 3693 2169 3757 maxime

153 3804 309 3870 effoetum
337 3785 409 3869 esse
434 3801 566 3867 videtur
591 3808 629 3867 ut
656 3803 728 3884 ipse
749 3801 871 3867 Noster
896 3820 935 3867 eo
963 3801 1087 3865 maiore
1114 3792 1223 3866 studio
1253 3799 1373 3883 plaeita
1410 3818 1471 3863 sua
1499 3798 1706 3878 defenderet,
1739 3821 1845 3884 eoque
1872 3802 2102 3868 vehementius
2130 3802 2169 3868 in

154 3915 252 3980 ahter
273 3914 453 3980 sentientes
474 3911 697 3978 inveheretur.
741 3911 943 3980 Habuerunt
973 3919 1085 3976 temen
1112 3910 1177 3976 duo
1204 3911 1261 3976 isti
1289 3908 1392 3979 libelli
1419 3908 1645 3977 diversissimo
1665 3911 1742 3977 fata.
1787 3912 1886 3977 Alter
1907 3914 2011 3990 enim,
2041 3912 2082 3978 de
2104 3935 2168 3996 qno

151 4026 262 4109 sepite
282 4031 440 4109 sequente
461 4023 616 4103 disemus,
639 4023 871 4090 eelebrioribus
893 4023 1019 4089 autoris
1041 4022 1172 4107 seriptis
1194 4021 1415 4088 aooensendus
1437 4030 1497 4102 661,
1520 4027 1555 4086 61
1571 4041 1726 4107 magnam
1745 4025 1956 4088 autoritatem
1974 4025 2170 4108 praesertim

150 4134 243 4219 apud
265 4135 480 4202 Genevenses
500 4143 617 4200 neotus
646 4140 762 4217 666166
786 4136 824 4200 16
850 4155 1028 4200 numerum
1055 4132 1311 4217 symbolioorum
1340 4132 1497 4199 eeclesiae
1525 4133 1721 4198 reformatae
1749 4133 1952 4216 librorum-e
1974 4133 2170 4219 quibusdam

148 4231 361 4314 'ostelens
404 4245 500 4312 Alter
522 4266 614 4325 vero,
646 4266 744 4329 quem
776 4246 837 4312 tibi
868 4245 935 4310 iem
962 4246 1188 4329 proponimus,
1216 4264 1294 4310 mox
1320 4244 1485 4311 oblivione
1512 4244 1676 4328 sepultus,
1708 4245 1767 4311 vix
1793 4246 1828 4310 in
1857 4246 1956 4312 unioo
1985 4246 2170 4330 exemplari

154 4364 323 4442 superstes
345 4355 387 4423 61
407 4363 556 4422 nostram
578 4356 731 4440 pervenit
752 4363 904 4436 aetatem,
926 4356 1048 4440 quippe
1065 4359 1168 4440 quem
1191 4357 1290 4421 etiam
1312 4355 1402 4420 Beaa
1423 4375 1490 4420 non
1510 4354 1666 4440 dignatus
1686 4356 1730 4421 sit
1750 4356 1787 4420 in
1809 4377 1928 4440 eorpus
1949 4378 2045 4423 suum
2069 4358 2171 4424 rrse
2244 4372 2250 4382 ·
2281 4431 2285 4437 ,

152 4475 286 4534 tetuum
308 4468 570 4539 salvinianorum
591 4467 746 4533 inserere.

310 4578 451 4662 Utrique
473 4577 600 4644 edendo
622 4598 739 4644 ansam
758 4578 910 4662 praebuit
931 4578 1156 4663 Hieronymus
1182 4576 1318 4660 quidam
1338 4576 1512 4657 Bolseous,
1539 4576 1618 4642 olim
1647 4578 1817 4645 sarmelita
1844 4579 2052 4662 parisiensis,
2081 4600 2172 4644 nune

156 4710 234 4756 vero
254 4690 407 4775 Vegieei,
436 4690 473 4754 in
501 4681 573 4755 6116
601 4696 680 4756 tuns
705 4688 887 4755 Beruensis
914 4671 1062 4767 11116616,
1090 4709 1180 4754 nune
1204 4686 1422 4766 Sabaudieae,
1451 4696 1485 4754 et
1511 4669 1670 4754 Genevae
1696 4690 1848 4773 proximo
1876 4689 2037 4757 medieem
2065 4695 2172 4754 artem
2238 4703 2240 4707 ’

151 4821 327 4880 exeroens,
357 4807 391 4865 61
410 4801 505 4865 initio
528 4821 549 4865 6
569 4799 739 4866 nonnullis
767 4821 809 4865 ex
831 4800 1056 4867 ministrorum
1086 4819 1224 4865 numero
1252 4797 1289 4862 in
1311 4797 1568 4864 familiaritatem
1589 4806 1749 4883 redeptus.
1794 4800 1863 4883 Qui
1885 4794 1964 4866 mex
1986 4808 2021 4867 61
2041 4798 2172 4882 publioe

151 4918 189 4977 61
207 4911 365 4995 privatim
388 4911 488 4977 dubia
509 4930 570 4976 666
591 4910 632 4977 16
653 4911 822 4977 6166116616
844 4910 1013 4996 dogmate,
1039 4910 1181 4994 qualiter
1202 4932 1223 4975 a
1244 4908 1383 4976 Oalvino
1403 4908 1614 4989 tradebatur,
1644 4910 1747 4977 libere
1765 4913 1946 4994 professus,
1975 4917 2010 4975 et
2031 4909 2172 4975 subinde

154 5023 197 5090 ab
219 5023 282 5090 hoo
303 5023 440 5107 eiusque
461 5021 594 5107 eollegis
616 5023 817 5101 eonfutatus,
848 5043 953 5107 usque
979 5030 1091 5087 temen
1121 5020 1277 5092 molestes
1304 5041 1382 5086 suas
1409 5020 1606 5088 obieotiones
1628 5022 1844 5088 instaurabat
1888 5022 2004 5087 Prima
2025 5021 2116 5101 6166,
2142 5023 2173 5088 61

153 5141 342 5219 temporum
366 5134 530 5200 rationem
556 5132 727 5212 habueris,
757 5153 879 5200 nomen
912 5135 983 5201 eius
1009 5135 1046 5199 in
1067 5139 1141 5198 6616
1165 5131 1298 5215 publiea
1325 5131 1468 5198 relatum
1490 5133 1696 5198 1666616616
1718 5131 1972 5198 Commentariis
1995 5132 2173 5199 ministerii

148 5246 354 5331 genevensis
378 5243 1244 5330 (116ςί616616166666661160616666616)
1272 5242 1347 5309 Vol.
1374 5249 1387 5307 l
1419 5263 1494 5327 pag.
1518 5248 1556 5343 91
1587 5243 1643 5308 ubi
1672 5241 1715 5307 ad
1741 5242 1772 5305 d.
1795 5246 1847 5307 15.
1870 5242 1952 5308 Maii
1978 5248 2058 5308 1511
2090 5245 2173 5313 haee

160 5409 161 5413 ,
262 5347 373 5404 0616161
389 5362 480 5416 opera
520 5346 578 5403 Vel.
603 5345 689 5401 Vm.
1497 5356 1500 5361 ·
1946 5343 1969 5401 0
