<?xml version="1.0" encoding="UTF-8"?>
<!DOCTYPE html PUBLIC "-//W3C//DTD XHTML 1.0 Transitional//EN"
    "http://www.w3.org/TR/xhtml1/DTD/xhtml1-transitional.dtd">
<html xmlns="http://www.w3.org/1999/xhtml" xml:lang="en" lang="en">
 <head>
  <title>
</title>
<meta http-equiv="Content-Type" content="text/html;charset=utf-8" />
  <meta name='ocr-system' content='tesseract 3.04.00' />
  <meta name='ocr-capabilities' content='ocr_page ocr_carea ocr_par ocr_line ocrx_word'/>
</head>
<body>
  <div class='ocr_page' id='page_1' title='image "./ioanniscalvinio02reusgoog_0038.png"; bbox 0 0 4762 5918; ppageno 0'>
   <div class='ocr_carea' id='block_1_1' title="bbox 988 357 2180 440">
    <p class='ocr_par' dir='ltr' id='par_1_1' title="bbox 988 357 2180 440">
     <span class='ocr_line' id='line_1_1' title="bbox 988 357 2180 440; baseline 0.015 -17"><span class='ocrx_word' id='word_1_1' title='bbox 988 357 1357 428; x_wconf 76' lang='lat' dir='ltr'><strong>PROLEGOMENA.</strong></span> <span class='ocrx_word' id='word_1_2' title='bbox 2013 371 2180 440; x_wconf 86' lang='lat' dir='ltr'><strong>XXXIlI</strong></span> 
     </span>
    </p>
   </div>
   <div class='ocr_carea' id='block_1_2' title="bbox 159 544 2180 1089">
    <p class='ocr_par' dir='ltr' id='par_1_2' title="bbox 159 544 2180 747">
     <span class='ocr_line' id='line_1_2' title="bbox 318 544 2180 642; baseline 0.007 -29"><span class='ocrx_word' id='word_1_3' title='bbox 318 547 469 613; x_wconf 82' lang='lat' dir='ltr'><strong>Reousus</strong></span> <span class='ocrx_word' id='word_1_4' title='bbox 492 550 541 613; x_wconf 86' lang='lat' dir='ltr'><strong>est</strong></span> <span class='ocrx_word' id='word_1_5' title='bbox 563 548 737 614; x_wconf 79' lang='lat' dir='ltr'><strong>&#39;Praetatns</strong></span> <span class='ocrx_word' id='word_1_6' title='bbox 764 545 819 612; x_wconf 93' lang='lat' dir='ltr'><strong>hio</strong></span> <span class='ocrx_word' id='word_1_7' title='bbox 841 545 876 610; x_wconf 96' lang='lat' dir='ltr'><strong>in</strong></span> <span class='ocrx_word' id='word_1_8' title='bbox 905 544 1047 611; x_wconf 80' lang='lat' dir='ltr'><strong>editione</strong></span> <span class='ocrx_word' id='word_1_9' title='bbox 1068 544 1178 615; x_wconf 86' lang='lat' dir='ltr'><strong>Bezso</strong></span> <span class='ocrx_word' id='word_1_10' title='bbox 1201 546 1310 630; x_wconf 91' lang='lat' dir='ltr'><strong>prima</strong></span> <span class='ocrx_word' id='word_1_11' title='bbox 1336 569 1410 634; x_wconf 87' lang='lat' dir='ltr'><strong>pag.</strong></span> <span class='ocrx_word' id='word_1_12' title='bbox 1442 552 1628 631; x_wconf 78' lang='lat' dir='ltr'><strong>sle-9073</strong></span> <span class='ocrx_word' id='word_1_13' title='bbox 1656 551 1693 616; x_wconf 92' lang='lat' dir='ltr'><strong>in</strong></span> <span class='ocrx_word' id='word_1_14' title='bbox 1722 553 1868 620; x_wconf 89' lang='lat' dir='ltr'><strong>seeunda</strong></span> <span class='ocrx_word' id='word_1_15' title='bbox 1895 576 1971 642; x_wconf 83' lang='lat' dir='ltr'><strong>pag.</strong></span> <span class='ocrx_word' id='word_1_16' title='bbox 1997 560 2180 641; x_wconf 77' lang='lat' dir='ltr'><strong>tas-764,</strong></span> 
     </span>
     <span class='ocr_line' id='line_1_3' title="bbox 159 655 1654 747; baseline 0 -20"><span class='ocrx_word' id='word_1_17' title='bbox 159 659 252 744; x_wconf 86' lang='lat' dir='ltr'><strong>apud</strong></span> <span class='ocrx_word' id='word_1_18' title='bbox 274 658 443 726; x_wconf 84' lang='lat' dir='ltr'><strong>Stoerium</strong></span> <span class='ocrx_word' id='word_1_19' title='bbox 464 679 538 743; x_wconf 88' lang='lat' dir='ltr'><strong>pag.</strong></span> <span class='ocrx_word' id='word_1_20' title='bbox 561 660 747 737; x_wconf 60' lang='lat' dir='ltr'><strong>osa-65&amp;</strong></span> <span class='ocrx_word' id='word_1_21' title='bbox 766 657 905 740; x_wconf 91' lang='lat' dir='ltr'><strong>denique</strong></span> <span class='ocrx_word' id='word_1_22' title='bbox 926 657 963 722; x_wconf 93' lang='lat' dir='ltr'><strong>in</strong></span> <span class='ocrx_word' id='word_1_23' title='bbox 984 655 1034 722; x_wconf 91' lang='lat' dir='ltr'><strong>ed.</strong></span> <span class='ocrx_word' id='word_1_24' title='bbox 1057 657 1356 726; x_wconf 85' lang='lat' dir='ltr'><strong>Amstelodamensi</strong></span> <span class='ocrx_word' id='word_1_25' title='bbox 1377 681 1451 747; x_wconf 88' lang='lat' dir='ltr'><strong>pag.</strong></span> <span class='ocrx_word' id='word_1_26' title='bbox 1475 665 1654 727; x_wconf 77' lang='lat' dir='ltr'><strong>olo-56⁷.</strong></span> 
     </span>
    </p>

    <p class='ocr_par' dir='ltr' id='par_1_3' title="bbox 161 768 2179 966">
     <span class='ocr_line' id='line_1_4' title="bbox 318 768 2179 863; baseline 0.01 -31"><span class='ocrx_word' id='word_1_27' title='bbox 318 769 437 836; x_wconf 84' lang='lat' dir='ltr'><strong>Versio</strong></span> <span class='ocrx_word' id='word_1_28' title='bbox 457 769 574 854; x_wconf 82' lang='lat' dir='ltr'><strong>gallioa</strong></span> <span class='ocrx_word' id='word_1_29' title='bbox 595 771 684 854; x_wconf 87' lang='lat' dir='ltr'><strong>typis</strong></span> <span class='ocrx_word' id='word_1_30' title='bbox 705 769 795 835; x_wconf 87' lang='lat' dir='ltr'><strong>edita</strong></span> <span class='ocrx_word' id='word_1_31' title='bbox 815 768 957 833; x_wconf 86' lang='lat' dir='ltr'><strong>latinum</strong></span> <span class='ocrx_word' id='word_1_32' title='bbox 980 769 1200 854; x_wconf 78' lang='lat' dir='ltr'><strong>arohetypum</strong></span> <span class='ocrx_word' id='word_1_33' title='bbox 1223 770 1374 853; x_wconf 83' lang='lat' dir='ltr'><strong>proxime</strong></span> <span class='ocrx_word' id='word_1_34' title='bbox 1394 777 1533 855; x_wconf 87' lang='lat' dir='ltr'><strong>sequuta</strong></span> <span class='ocrx_word' id='word_1_35' title='bbox 1555 779 1621 852; x_wconf 82' lang='lat' dir='ltr'><strong>est,</strong></span> <span class='ocrx_word' id='word_1_36' title='bbox 1649 773 1697 838; x_wconf 89' lang='lat' dir='ltr'><strong>ita</strong></span> <span class='ocrx_word' id='word_1_37' title='bbox 1719 782 1757 839; x_wconf 90' lang='lat' dir='ltr'><strong>ut</strong></span> <span class='ocrx_word' id='word_1_38' title='bbox 1777 776 1873 844; x_wconf 85' lang='lat' dir='ltr'><strong>foeile</strong></span> <span class='ocrx_word' id='word_1_39' title='bbox 1895 778 1955 844; x_wconf 89' lang='lat' dir='ltr'><strong>tibi</strong></span> <span class='ocrx_word' id='word_1_40' title='bbox 1977 781 2179 863; x_wconf 86' lang='lat' dir='ltr'><strong>persuadeas</strong></span> 
     </span>
     <span class='ocr_line' id='line_1_5' title="bbox 161 878 1853 966; baseline 0.002 -17"><span class='ocrx_word' id='word_1_41' title='bbox 161 893 340 966; x_wconf 90' lang='lat' dir='ltr'><strong>utrumqne</strong></span> <span class='ocrx_word' id='word_1_42' title='bbox 361 881 533 964; x_wconf 87' lang='lat' dir='ltr'><strong>exemplar</strong></span> <span class='ocrx_word' id='word_1_43' title='bbox 553 882 621 946; x_wconf 85' lang='lat' dir='ltr'><strong>iere</strong></span> <span class='ocrx_word' id='word_1_44' title='bbox 643 878 758 946; x_wconf 89' lang='lat' dir='ltr'><strong>eodem</strong></span> <span class='ocrx_word' id='word_1_45' title='bbox 779 886 927 963; x_wconf 86' lang='lat' dir='ltr'><strong>tempore</strong></span> <span class='ocrx_word' id='word_1_46' title='bbox 949 880 1040 963; x_wconf 91' lang='lat' dir='ltr'><strong>prelo</strong></span> <span class='ocrx_word' id='word_1_47' title='bbox 1062 881 1275 947; x_wconf 76' lang='lat' dir='ltr'><strong>commissum</strong></span> <span class='ocrx_word' id='word_1_48' title='bbox 1292 882 1403 950; x_wconf 85' lang='lat' dir='ltr'><strong>fuisse.</strong></span> <span class='ocrx_word' id='word_1_49' title='bbox 1448 883 1579 949; x_wconf 72' lang='lat' dir='ltr'><strong>Titulus</strong></span> <span class='ocrx_word' id='word_1_50' title='bbox 1601 883 1690 949; x_wconf 89' lang='lat' dir='ltr'><strong>illius</strong></span> <span class='ocrx_word' id='word_1_51' title='bbox 1712 884 1766 952; x_wconf 90' lang='lat' dir='ltr'><strong>hie</strong></span> <span class='ocrx_word' id='word_1_52' title='bbox 1789 894 1853 952; x_wconf 90' lang='lat' dir='ltr'><strong>est:</strong></span> 
     </span>
    </p>

    <p class='ocr_par' dir='ltr' id='par_1_4' title="bbox 318 976 2179 1089">
     <span class='ocr_line' id='line_1_6' title="bbox 318 976 2179 1089; baseline 0.004 -26"><span class='ocrx_word' id='word_1_53' title='bbox 318 978 761 1064; x_wconf 74' lang='lat' dir='ltr'><strong>DEODARATION</strong></span> <span class='ocrx_word' id='word_1_54' title='bbox 794 976 800 1082; x_wconf 97' lang='grc' dir='ltr'>Ι</span> <span class='ocrx_word' id='word_1_55' title='bbox 834 987 963 1055; x_wconf 88' lang='lat' dir='ltr'>POUR</span> <span class='ocrx_word' id='word_1_56' title='bbox 984 990 1250 1058; x_wconf 77' lang='grc' dir='ltr'><strong>ΜΔΙΝΤΕΝΙΒ</strong></span> <span class='ocrx_word' id='word_1_57' title='bbox 1271 992 1336 1059; x_wconf 84' lang='lat' dir='ltr'><strong>LA</strong></span> <span class='ocrx_word' id='word_1_58' title='bbox 1354 991 1361 1080; x_wconf 91' lang='grc' dir='ltr'>Ι</span> <span class='ocrx_word' id='word_1_59' title='bbox 1379 1012 1474 1077; x_wconf 77' lang='lat' dir='ltr'><strong>oroye</strong></span> <span class='ocrx_word' id='word_1_60' title='bbox 1497 992 1553 1077; x_wconf 78' lang='lat' dir='ltr'><strong>foy</strong></span> <span class='ocrx_word' id='word_1_61' title='bbox 1576 1014 1635 1076; x_wconf 81' lang='lat' dir='ltr'><strong>que</strong></span> <span class='ocrx_word' id='word_1_62' title='bbox 1660 995 1797 1061; x_wconf 64' lang='lat' dir='ltr'><strong>aeae</strong></span> <span class='ocrx_word' id='word_1_63' title='bbox 1823 1002 1892 1066; x_wconf 72' lang='lat' dir='ltr'><strong>tores</strong></span> <span class='ocrx_word' id='word_1_64' title='bbox 1914 997 2096 1069; x_wconf 58' lang='lat' dir='ltr'><strong>&amp;restim</strong></span> <span class='ocrx_word' id='word_1_65' title='bbox 2114 1003 2120 1089; x_wconf 91' lang='grc' dir='ltr'>Ι</span> <span class='ocrx_word' id='word_1_66' title='bbox 2138 1004 2179 1071; x_wconf 77' lang='lat' dir='ltr'><strong>da</strong></span> 
     </span>
    </p>
   </div>
   <div class='ocr_carea' id='block_1_3' title="bbox 21 1099 2178 1192">
    <p class='ocr_par' dir='ltr' id='par_1_5' title="bbox 21 1099 2178 1192">
     <span class='ocr_line' id='line_1_7' title="bbox 21 1099 2178 1192; baseline 0.006 -25"><span class='ocrx_word' id='word_1_67' title='bbox 21 1187 24 1192; x_wconf 15' lang='grc' dir='ltr'>ι</span> <span class='ocrx_word' id='word_1_68' title='bbox 88 1143 94 1154; x_wconf 82' lang='lat'><em>-</em></span> <span class='ocrx_word' id='word_1_69' title='bbox 160 1105 199 1170; x_wconf 77' lang='lat' dir='ltr'><strong>la</strong></span> <span class='ocrx_word' id='word_1_70' title='bbox 224 1102 348 1169; x_wconf 60' lang='lat' dir='ltr'><strong>ranae</strong></span> <span class='ocrx_word' id='word_1_71' title='bbox 368 1103 424 1169; x_wconf 75' lang='lat' dir='ltr'><strong>oea</strong></span> <span class='ocrx_word' id='word_1_72' title='bbox 439 1123 615 1186; x_wconf 72' lang='lat' dir='ltr'><strong>personnae</strong></span> <span class='ocrx_word' id='word_1_73' title='bbox 637 1122 674 1168; x_wconf 81' lang='lat' dir='ltr'><strong>ea</strong></span> <span class='ocrx_word' id='word_1_74' title='bbox 703 1123 744 1167; x_wconf 84' lang='lat' dir='ltr'><strong>aa</strong></span> <span class='ocrx_word' id='word_1_75' title='bbox 771 1101 839 1168; x_wconf 73' lang='lat' dir='ltr'><strong>aad</strong></span> <span class='ocrx_word' id='word_1_76' title='bbox 860 1099 957 1167; x_wconf 76' lang='lat' dir='ltr'><strong>Dies.</strong></span> <span class='ocrx_word' id='word_1_77' title='bbox 975 1106 982 1184; x_wconf 87' lang='grc' dir='ltr'>Ι</span> <span class='ocrx_word' id='word_1_78' title='bbox 999 1111 1073 1167; x_wconf 79' lang='lat' dir='ltr'><strong>PAR</strong></span> <span class='ocrx_word' id='word_1_79' title='bbox 1093 1112 1186 1168; x_wconf 78' lang='lat' dir='ltr'><strong>IEAN</strong></span> <span class='ocrx_word' id='word_1_80' title='bbox 1209 1112 1353 1169; x_wconf 68' lang='lat' dir='ltr'><strong>estvm.</strong></span> <span class='ocrx_word' id='word_1_81' title='bbox 1371 1111 1376 1180; x_wconf 88' lang='grc' dir='ltr'>Ι</span> <span class='ocrx_word' id='word_1_82' title='bbox 1396 1102 1521 1171; x_wconf 81' lang='lat' dir='ltr'><strong>(lontre</strong></span> <span class='ocrx_word' id='word_1_83' title='bbox 1547 1104 1597 1170; x_wconf 84' lang='lat' dir='ltr'><strong>les</strong></span> <span class='ocrx_word' id='word_1_84' title='bbox 1618 1126 1750 1171; x_wconf 87' lang='lat' dir='ltr'><strong>erreurs</strong></span> <span class='ocrx_word' id='word_1_85' title='bbox 1772 1107 1968 1178; x_wconf 85' lang='lat' dir='ltr'><strong>detestables</strong></span> <span class='ocrx_word' id='word_1_86' title='bbox 1989 1112 2030 1178; x_wconf 90' lang='lat' dir='ltr'><strong>de</strong></span> <span class='ocrx_word' id='word_1_87' title='bbox 2052 1115 2178 1182; x_wconf 86' lang='lat' dir='ltr'><strong>Miohel</strong></span> 
     </span>
    </p>
   </div>
   <div class='ocr_carea' id='block_1_4' title="bbox 160 1212 2179 2633">
    <p class='ocr_par' dir='ltr' id='par_1_6' title="bbox 161 1212 2177 1521">
     <span class='ocr_line' id='line_1_8' title="bbox 166 1212 2177 1308; baseline 0.005 -26"><span class='ocrx_word' id='word_1_88' title='bbox 166 1214 247 1282; x_wconf 78' lang='lat' dir='ltr'><strong>Sor-</strong></span> <span class='ocrx_word' id='word_1_89' title='bbox 266 1214 272 1300; x_wconf 89' lang='grc' dir='ltr'>Ι</span> <span class='ocrx_word' id='word_1_90' title='bbox 290 1221 347 1280; x_wconf 86' lang='lat' dir='ltr'><strong>vet</strong></span> <span class='ocrx_word' id='word_1_91' title='bbox 365 1214 556 1299; x_wconf 87' lang='lat' dir='ltr'><strong>Espaignol.</strong></span> <span class='ocrx_word' id='word_1_92' title='bbox 601 1212 655 1279; x_wconf 89' lang='lat' dir='ltr'><strong>On</strong></span> <span class='ocrx_word' id='word_1_93' title='bbox 680 1212 703 1277; x_wconf 94' lang='lat' dir='ltr'><strong>il</strong></span> <span class='ocrx_word' id='word_1_94' title='bbox 726 1219 776 1278; x_wconf 91' lang='lat' dir='ltr'><strong>est</strong></span> <span class='ocrx_word' id='word_1_95' title='bbox 795 1212 885 1279; x_wconf 87' lang='lat' dir='ltr'><strong>aussi</strong></span> <span class='ocrx_word' id='word_1_96' title='bbox 912 1220 1073 1291; x_wconf 80' lang='lat' dir='ltr'><strong>monstrt,</strong></span> <span class='ocrx_word' id='word_1_97' title='bbox 1106 1214 1186 1295; x_wconf 90' lang='lat' dir='ltr'><strong>qu&#39;il</strong></span> <span class='ocrx_word' id='word_1_98' title='bbox 1205 1213 1210 1299; x_wconf 89' lang='grc' dir='ltr'>Ι</span> <span class='ocrx_word' id='word_1_99' title='bbox 1229 1221 1281 1280; x_wconf 91' lang='lat' dir='ltr'><strong>est</strong></span> <span class='ocrx_word' id='word_1_100' title='bbox 1300 1214 1391 1280; x_wconf 80' lang='lat' dir='ltr'><strong>licite</strong></span> <span class='ocrx_word' id='word_1_101' title='bbox 1420 1214 1461 1281; x_wconf 92' lang='lat' dir='ltr'><strong>de</strong></span> <span class='ocrx_word' id='word_1_102' title='bbox 1487 1216 1587 1298; x_wconf 89' lang='lat' dir='ltr'><strong>punir</strong></span> <span class='ocrx_word' id='word_1_103' title='bbox 1613 1214 1663 1283; x_wconf 89' lang='lat' dir='ltr'><strong>les</strong></span> <span class='ocrx_word' id='word_1_104' title='bbox 1692 1217 1895 1303; x_wconf 89' lang='lat' dir='ltr'><strong>herstiques:</strong></span> <span class='ocrx_word' id='word_1_105' title='bbox 1929 1229 1963 1286; x_wconf 89' lang='lat' dir='ltr'><strong>et</strong></span> <span class='ocrx_word' id='word_1_106' title='bbox 1990 1222 2068 1307; x_wconf 77' lang='lat' dir='ltr'><strong>qu&#39;b</strong></span> <span class='ocrx_word' id='word_1_107' title='bbox 2085 1230 2091 1308; x_wconf 89' lang='grc'>1</span> <span class='ocrx_word' id='word_1_108' title='bbox 2109 1225 2177 1291; x_wconf 90' lang='lat' dir='ltr'><strong>bon</strong></span> 
     </span>
     <span class='ocr_line' id='line_1_9' title="bbox 161 1322 2177 1412; baseline 0.002 -20"><span class='ocrx_word' id='word_1_109' title='bbox 161 1327 271 1392; x_wconf 86' lang='lat' dir='ltr'><strong>droiet</strong></span> <span class='ocrx_word' id='word_1_110' title='bbox 289 1346 325 1391; x_wconf 92' lang='lat' dir='ltr'><strong>oe</strong></span> <span class='ocrx_word' id='word_1_111' title='bbox 346 1325 519 1392; x_wconf 87' lang='lat' dir='ltr'><strong>meeohant</strong></span> <span class='ocrx_word' id='word_1_112' title='bbox 540 1347 560 1391; x_wconf 89' lang='lat' dir='ltr'><strong>a</strong></span> <span class='ocrx_word' id='word_1_113' title='bbox 582 1333 652 1391; x_wconf 79' lang='lat' dir='ltr'><strong>oste</strong></span> <span class='ocrx_word' id='word_1_114' title='bbox 672 1329 809 1390; x_wconf 79' lang='lat' dir='ltr'><strong>exeunte</strong></span> <span class='ocrx_word' id='word_1_115' title='bbox 830 1344 891 1408; x_wconf 89' lang='lat' dir='ltr'><strong>par</strong></span> <span class='ocrx_word' id='word_1_116' title='bbox 912 1325 962 1389; x_wconf 94' lang='lat' dir='ltr'><strong>iu·</strong></span> <span class='ocrx_word' id='word_1_117' title='bbox 981 1322 986 1406; x_wconf 95' lang='grc' dir='ltr'>Ι</span> <span class='ocrx_word' id='word_1_118' title='bbox 1006 1323 1086 1390; x_wconf 86' lang='lat' dir='ltr'><strong>stiae</strong></span> <span class='ocrx_word' id='word_1_119' title='bbox 1108 1344 1150 1388; x_wconf 94' lang='lat' dir='ltr'><strong>en</strong></span> <span class='ocrx_word' id='word_1_120' title='bbox 1172 1324 1206 1388; x_wconf 93' lang='lat' dir='ltr'><strong>la</strong></span> <span class='ocrx_word' id='word_1_121' title='bbox 1225 1324 1304 1391; x_wconf 85' lang='lat' dir='ltr'><strong>ville</strong></span> <span class='ocrx_word' id='word_1_122' title='bbox 1325 1324 1367 1391; x_wconf 87' lang='lat' dir='ltr'><strong>de</strong></span> <span class='ocrx_word' id='word_1_123' title='bbox 1389 1325 1537 1392; x_wconf 77' lang='lat' dir='ltr'><strong>Genaua.</strong></span> <span class='ocrx_word' id='word_1_124' title='bbox 1559 1325 1564 1412; x_wconf 88' lang='grc' dir='ltr'>Ι</span> <span class='ocrx_word' id='word_1_125' title='bbox 1583 1334 1736 1402; x_wconf 69' lang='lat' dir='ltr'><strong>(Datilum</strong></span> <span class='ocrx_word' id='word_1_126' title='bbox 1752 1335 1788 1391; x_wconf 76' lang='lat' dir='ltr'><strong>de</strong></span> <span class='ocrx_word' id='word_1_127' title='bbox 1808 1336 1912 1394; x_wconf 64' lang='lat' dir='ltr'><strong>roam</strong></span> <span class='ocrx_word' id='word_1_128' title='bbox 1928 1355 1996 1396; x_wconf 71' lang='lat' dir='ltr'><strong>aare</strong></span> <span class='ocrx_word' id='word_1_129' title='bbox 2012 1341 2038 1396; x_wconf 77' lang='lat' dir='ltr'><strong>te</strong></span> <span class='ocrx_word' id='word_1_130' title='bbox 2053 1346 2177 1412; x_wconf 67' lang='lat' dir='ltr'><strong>mee)</strong></span> 
     </span>
     <span class='ocr_line' id='line_1_10' title="bbox 162 1432 1175 1521; baseline -0.005 -18"><span class='ocrx_word' id='word_1_131' title='bbox 162 1437 287 1504; x_wconf 82' lang='lat' dir='ltr'><strong>OHEZ</strong></span> <span class='ocrx_word' id='word_1_132' title='bbox 309 1437 424 1502; x_wconf 82' lang='lat' dir='ltr'><strong>IEAN</strong></span> <span class='ocrx_word' id='word_1_133' title='bbox 447 1435 648 1503; x_wconf 85' lang='lat' dir='ltr'><strong>ORESPIN</strong></span> <span class='ocrx_word' id='word_1_134' title='bbox 667 1433 672 1521; x_wconf 92' lang='grc' dir='ltr'>Ι</span> <span class='ocrx_word' id='word_1_135' title='bbox 692 1445 715 1499; x_wconf 79' lang='lat' dir='ltr'>A</span> <span class='ocrx_word' id='word_1_136' title='bbox 739 1443 898 1514; x_wconf 73' lang='lat' dir='ltr'><strong>GENEVE,</strong></span> <span class='ocrx_word' id='word_1_137' title='bbox 917 1432 924 1520; x_wconf 90' lang='grc' dir='ltr'>Ι</span> <span class='ocrx_word' id='word_1_138' title='bbox 944 1441 986 1496; x_wconf 80' lang='grc' dir='ltr'><strong>Μ.</strong></span> <span class='ocrx_word' id='word_1_139' title='bbox 1005 1441 1043 1496; x_wconf 88' lang='lat' dir='ltr'><strong>D.</strong></span> <span class='ocrx_word' id='word_1_140' title='bbox 1063 1441 1175 1498; x_wconf 79' lang='lat' dir='ltr'><strong>a1111.</strong></span> 
     </span>
    </p>

    <p class='ocr_par' dir='ltr' id='par_1_7' title="bbox 160 1544 2179 2505">
     <span class='ocr_line' id='line_1_11' title="bbox 322 1544 2179 1637; baseline 0.005 -25"><span class='ocrx_word' id='word_1_141' title='bbox 322 1547 446 1613; x_wconf 80' lang='lat' dir='ltr'><strong>Forma</strong></span> <span class='ocrx_word' id='word_1_142' title='bbox 467 1547 635 1614; x_wconf 85' lang='lat' dir='ltr'><strong>ostonaria</strong></span> <span class='ocrx_word' id='word_1_143' title='bbox 656 1545 774 1611; x_wconf 87' lang='lat' dir='ltr'><strong>minor.</strong></span> <span class='ocrx_word' id='word_1_144' title='bbox 824 1544 1068 1626; x_wconf 78' lang='lat' dir='ltr'><strong>Quatemiones</strong></span> <span class='ocrx_word' id='word_1_145' title='bbox 1091 1545 1208 1630; x_wconf 86' lang='lat' dir='ltr'><strong>viginti</strong></span> <span class='ocrx_word' id='word_1_146' title='bbox 1230 1555 1299 1613; x_wconf 88' lang='lat' dir='ltr'><strong>tres</strong></span> <span class='ocrx_word' id='word_1_147' title='bbox 1320 1547 1464 1631; x_wconf 83' lang='lat' dir='ltr'><strong>(A-Z).</strong></span> <span class='ocrx_word' id='word_1_148' title='bbox 1513 1548 1661 1633; x_wconf 86' lang='lat' dir='ltr'><strong>Paginae</strong></span> <span class='ocrx_word' id='word_1_149' title='bbox 1688 1557 1883 1617; x_wconf 85' lang='lat' dir='ltr'><strong>numeratae</strong></span> <span class='ocrx_word' id='word_1_150' title='bbox 1911 1556 1990 1634; x_wconf 87' lang='grc'><strong>356,</strong></span> <span class='ocrx_word' id='word_1_151' title='bbox 2019 1572 2100 1637; x_wconf 85' lang='lat' dir='ltr'><strong>quas</strong></span> <span class='ocrx_word' id='word_1_152' title='bbox 2126 1575 2179 1621; x_wconf 89' lang='lat' dir='ltr'><strong>se-</strong></span> 
     </span>
     <span class='ocr_line' id='line_1_12' title="bbox 160 1655 2178 1748; baseline 0.004 -24"><span class='ocrx_word' id='word_1_153' title='bbox 160 1665 314 1743; x_wconf 88' lang='lat' dir='ltr'><strong>quuntur</strong></span> <span class='ocrx_word' id='word_1_154' title='bbox 334 1657 419 1724; x_wconf 89' lang='lat' dir='ltr'><strong>duae</strong></span> <span class='ocrx_word' id='word_1_155' title='bbox 441 1659 533 1738; x_wconf 88' lang='lat' dir='ltr'><strong>alise,</strong></span> <span class='ocrx_word' id='word_1_156' title='bbox 557 1658 661 1724; x_wconf 87' lang='lat' dir='ltr'><strong>altera</strong></span> <span class='ocrx_word' id='word_1_157' title='bbox 681 1657 908 1723; x_wconf 87' lang='lat' dir='ltr'><strong>ministrorum</strong></span> <span class='ocrx_word' id='word_1_158' title='bbox 931 1655 1090 1722; x_wconf 86' lang='lat' dir='ltr'><strong>exhibens</strong></span> <span class='ocrx_word' id='word_1_159' title='bbox 1112 1657 1394 1742; x_wconf 75' lang='lat' dir='ltr'><strong>subscriptionem,</strong></span> <span class='ocrx_word' id='word_1_160' title='bbox 1417 1657 1521 1725; x_wconf 83' lang='lat' dir='ltr'><strong>altera</strong></span> <span class='ocrx_word' id='word_1_161' title='bbox 1536 1658 1748 1744; x_wconf 80' lang='lat' dir='ltr'><strong>typographi</strong></span> <span class='ocrx_word' id='word_1_162' title='bbox 1792 1661 1896 1729; x_wconf 83' lang='lat' dir='ltr'><strong>Gaius</strong></span> <span class='ocrx_word' id='word_1_163' title='bbox 1917 1665 2107 1748; x_wconf 84' lang='lat' dir='ltr'><strong>posterioris</strong></span> <span class='ocrx_word' id='word_1_164' title='bbox 2128 1676 2178 1732; x_wconf 81' lang='lat' dir='ltr'><strong>te·</strong></span> 
     </span>
     <span class='ocr_line' id='line_1_13' title="bbox 162 1769 2177 1856; baseline 0.004 -20"><span class='ocrx_word' id='word_1_165' title='bbox 162 1791 226 1836; x_wconf 89' lang='lat' dir='ltr'><strong>nor</strong></span> <span class='ocrx_word' id='word_1_166' title='bbox 237 1769 291 1836; x_wconf 79' lang='lat' dir='ltr'><strong>hio</strong></span> <span class='ocrx_word' id='word_1_167' title='bbox 302 1776 369 1836; x_wconf 73' lang='lat' dir='ltr'><strong>est:</strong></span> <span class='ocrx_word' id='word_1_168' title='bbox 391 1779 442 1834; x_wconf 99' lang='lat' dir='ltr'><strong>DE</strong></span> <span class='ocrx_word' id='word_1_169' title='bbox 460 1778 708 1837; x_wconf 80' lang='lat' dir='ltr'><strong>LIMPRIMERIE</strong></span> <span class='ocrx_word' id='word_1_170' title='bbox 725 1778 776 1833; x_wconf 91' lang='lat' dir='ltr'><strong>DE</strong></span> <span class='ocrx_word' id='word_1_171' title='bbox 792 1777 885 1834; x_wconf 75' lang='lat' dir='ltr'><strong>IEAN</strong></span> <span class='ocrx_word' id='word_1_172' title='bbox 903 1776 1005 1834; x_wconf 78' lang='lat' dir='ltr'><strong>ORES-</strong></span> <span class='ocrx_word' id='word_1_173' title='bbox 1023 1775 1029 1844; x_wconf 91' lang='grc' dir='ltr'>Ι</span> <span class='ocrx_word' id='word_1_174' title='bbox 1048 1775 1112 1833; x_wconf 78' lang='lat' dir='ltr'><strong>PIN</strong></span> <span class='ocrx_word' id='word_1_175' title='bbox 1128 1777 1178 1833; x_wconf 83' lang='lat' dir='ltr'><strong>LE</strong></span> <span class='ocrx_word' id='word_1_176' title='bbox 1195 1777 1528 1847; x_wconf 78' lang='lat' dir='ltr'><strong>VDiGTQVA&#39;l&#39;RIEbIE</strong></span> <span class='ocrx_word' id='word_1_177' title='bbox 1547 1778 1636 1836; x_wconf 86' lang='lat' dir='ltr'><strong>IOVR</strong></span> <span class='ocrx_word' id='word_1_178' title='bbox 1653 1769 1658 1856; x_wconf 97' lang='grc' dir='ltr'>Ι</span> <span class='ocrx_word' id='word_1_179' title='bbox 1678 1781 1729 1836; x_wconf 90' lang='lat' dir='ltr'><strong>DE</strong></span> <span class='ocrx_word' id='word_1_180' title='bbox 1747 1781 1935 1840; x_wconf 83' lang='lat' dir='ltr'><strong>FEBVRIER</strong></span> <span class='ocrx_word' id='word_1_181' title='bbox 1956 1783 2042 1842; x_wconf 73' lang='lat' dir='ltr'><strong>DAN</strong></span> <span class='ocrx_word' id='word_1_182' title='bbox 2057 1785 2177 1844; x_wconf 75' lang='lat' dir='ltr'><strong>APRES</strong></span> 
     </span>
     <span class='ocr_line' id='line_1_14' title="bbox 163 1877 2177 1967; baseline 0.004 -21"><span class='ocrx_word' id='word_1_183' title='bbox 163 1891 216 1946; x_wconf 75' lang='lat' dir='ltr'><strong>LA</strong></span> <span class='ocrx_word' id='word_1_184' title='bbox 238 1889 302 1945; x_wconf 79' lang='grc' dir='ltr'><strong>ΝΔ·</strong></span> <span class='ocrx_word' id='word_1_185' title='bbox 321 1879 327 1967; x_wconf 88' lang='grc' dir='ltr'>Ι</span> <span class='ocrx_word' id='word_1_186' title='bbox 346 1890 473 1945; x_wconf 77' lang='grc' dir='ltr'><strong>ΤΝΙΤΕ</strong></span> <span class='ocrx_word' id='word_1_187' title='bbox 491 1889 542 1945; x_wconf 74' lang='lat' dir='ltr'><strong>DE</strong></span> <span class='ocrx_word' id='word_1_188' title='bbox 564 1889 707 1946; x_wconf 68' lang='lat' dir='ltr'><strong>notras</strong></span> <span class='ocrx_word' id='word_1_189' title='bbox 730 1888 917 1946; x_wconf 70' lang='lat' dir='ltr'><strong>sursum</strong></span> <span class='ocrx_word' id='word_1_190' title='bbox 935 1877 941 1966; x_wconf 92' lang='grc' dir='ltr'>Ι</span> <span class='ocrx_word' id='word_1_191' title='bbox 959 1888 1064 1945; x_wconf 78' lang='lat' dir='ltr'><strong>msvs</strong></span> <span class='ocrx_word' id='word_1_192' title='bbox 1086 1889 1224 1947; x_wconf 72' lang='lat' dir='ltr'><strong>cumea.</strong></span> <span class='ocrx_word' id='word_1_193' title='bbox 1245 1889 1284 1946; x_wconf 84' lang='grc' dir='ltr'><strong>Μ.</strong></span> <span class='ocrx_word' id='word_1_194' title='bbox 1306 1890 1340 1945; x_wconf 89' lang='lat' dir='ltr'><strong>D.</strong></span> <span class='ocrx_word' id='word_1_195' title='bbox 1358 1890 1446 1946; x_wconf 60' lang='lat' dir='ltr'>1111ss</span> <span class='ocrx_word' id='word_1_196' title='bbox 1478 1881 1620 1965; x_wconf 88' lang='lat' dir='ltr'><strong>Reliqus</strong></span> <span class='ocrx_word' id='word_1_197' title='bbox 1637 1891 1780 1967; x_wconf 89' lang='lat' dir='ltr'><strong>quatuor</strong></span> <span class='ocrx_word' id='word_1_198' title='bbox 1799 1883 1878 1950; x_wconf 85' lang='lat' dir='ltr'><strong>folia</strong></span> <span class='ocrx_word' id='word_1_199' title='bbox 1894 1885 1930 1950; x_wconf 93' lang='lat' dir='ltr'><strong>in</strong></span> <span class='ocrx_word' id='word_1_200' title='bbox 1948 1886 2040 1953; x_wconf 82' lang='lat' dir='ltr'><strong>albia</strong></span> <span class='ocrx_word' id='word_1_201' title='bbox 2072 1888 2177 1955; x_wconf 81' lang='lat' dir='ltr'><strong>Liber</strong></span> 
     </span>
     <span class='ocr_line' id='line_1_15' title="bbox 164 1989 2177 2076; baseline 0.003 -18"><span class='ocrx_word' id='word_1_202' title='bbox 164 1992 221 2059; x_wconf 90' lang='lat' dir='ltr'><strong>hia</strong></span> <span class='ocrx_word' id='word_1_203' title='bbox 242 1993 422 2058; x_wconf 76' lang='lat' dir='ltr'><strong>rarioribus</strong></span> <span class='ocrx_word' id='word_1_204' title='bbox 449 1989 715 2057; x_wconf 76' lang='lat' dir='ltr'><strong>adnumerandus</strong></span> <span class='ocrx_word' id='word_1_205' title='bbox 737 1991 772 2054; x_wconf 91' lang='lat' dir='ltr'><strong>in</strong></span> <span class='ocrx_word' id='word_1_206' title='bbox 793 1991 990 2076; x_wconf 78' lang='lat' dir='ltr'><strong>germanicis</strong></span> <span class='ocrx_word' id='word_1_207' title='bbox 1010 1990 1217 2057; x_wconf 89' lang='lat' dir='ltr'><strong>bibliotbeois</strong></span> <span class='ocrx_word' id='word_1_208' title='bbox 1238 1991 1297 2057; x_wconf 80' lang='lat' dir='ltr'><strong>vix</strong></span> <span class='ocrx_word' id='word_1_209' title='bbox 1319 1991 1421 2058; x_wconf 86' lang='lat' dir='ltr'><strong>semel</strong></span> <span class='ocrx_word' id='word_1_210' title='bbox 1442 1997 1500 2056; x_wconf 89' lang='lat' dir='ltr'><strong>aut</strong></span> <span class='ocrx_word' id='word_1_211' title='bbox 1521 1991 1572 2058; x_wconf 92' lang='lat' dir='ltr'><strong>bis</strong></span> <span class='ocrx_word' id='word_1_212' title='bbox 1589 2000 1710 2074; x_wconf 81' lang='lat' dir='ltr'><strong>exstat3</strong></span> <span class='ocrx_word' id='word_1_213' title='bbox 1732 1993 1768 2059; x_wconf 91' lang='lat' dir='ltr'><strong>in</strong></span> <span class='ocrx_word' id='word_1_214' title='bbox 1790 2001 1860 2060; x_wconf 92' lang='lat' dir='ltr'><strong>tota</strong></span> <span class='ocrx_word' id='word_1_215' title='bbox 1876 1995 2032 2063; x_wconf 84' lang='lat' dir='ltr'><strong>Helvetia</strong></span> <span class='ocrx_word' id='word_1_216' title='bbox 2052 1999 2177 2065; x_wconf 80' lang='lat' dir='ltr'><strong>trustra</strong></span> 
     </span>
     <span class='ocr_line' id='line_1_16' title="bbox 162 2100 2176 2189; baseline 0.002 -21"><span class='ocrx_word' id='word_1_217' title='bbox 162 2125 241 2168; x_wconf 92' lang='lat' dir='ltr'><strong>eum</strong></span> <span class='ocrx_word' id='word_1_218' title='bbox 253 2102 485 2186; x_wconf 76' lang='lat' dir='ltr'><strong>quaesivimus.</strong></span> <span class='ocrx_word' id='word_1_219' title='bbox 515 2101 707 2185; x_wconf 86' lang='lat' dir='ltr'><strong>Exemplari</strong></span> <span class='ocrx_word' id='word_1_220' title='bbox 717 2102 893 2167; x_wconf 89' lang='lat' dir='ltr'><strong>usieumus</strong></span> <span class='ocrx_word' id='word_1_221' title='bbox 905 2101 1035 2186; x_wconf 83' lang='lat' dir='ltr'><strong>integro</strong></span> <span class='ocrx_word' id='word_1_222' title='bbox 1046 2100 1187 2186; x_wconf 91' lang='lat' dir='ltr'><strong>quidem,</strong></span> <span class='ocrx_word' id='word_1_223' title='bbox 1206 2122 1322 2167; x_wconf 83' lang='lat' dir='ltr'><strong>verum</strong></span> <span class='ocrx_word' id='word_1_224' title='bbox 1334 2102 1442 2169; x_wconf 87' lang='lat' dir='ltr'><strong>edaois</strong></span> <span class='ocrx_word' id='word_1_225' title='bbox 1454 2104 1611 2188; x_wconf 89' lang='lat' dir='ltr'><strong>temporis</strong></span> <span class='ocrx_word' id='word_1_226' title='bbox 1622 2103 1754 2181; x_wconf 88' lang='lat' dir='ltr'><strong>iniuria,</strong></span> <span class='ocrx_word' id='word_1_227' title='bbox 1773 2112 1808 2170; x_wconf 88' lang='lat' dir='ltr'><strong>et</strong></span> <span class='ocrx_word' id='word_1_228' title='bbox 1825 2106 1931 2189; x_wconf 89' lang='lat' dir='ltr'><strong>magis</strong></span> <span class='ocrx_word' id='word_1_229' title='bbox 1942 2107 2042 2172; x_wconf 89' lang='lat' dir='ltr'><strong>etiam</strong></span> <span class='ocrx_word' id='word_1_230' title='bbox 2052 2108 2176 2174; x_wconf 90' lang='lat' dir='ltr'><strong>immiti</strong></span> 
     </span>
     <span class='ocr_line' id='line_1_17' title="bbox 165 2210 2175 2296; baseline 0.001 -15"><span class='ocrx_word' id='word_1_231' title='bbox 165 2214 329 2282; x_wconf 78' lang='lat' dir='ltr'><strong>vermium</strong></span> <span class='ocrx_word' id='word_1_232' title='bbox 351 2212 450 2279; x_wconf 88' lang='lat' dir='ltr'><strong>dente</strong></span> <span class='ocrx_word' id='word_1_233' title='bbox 471 2214 592 2292; x_wconf 88' lang='lat' dir='ltr'><strong>attrito,</strong></span> <span class='ocrx_word' id='word_1_234' title='bbox 611 2212 698 2296; x_wconf 92' lang='lat' dir='ltr'><strong>quod</strong></span> <span class='ocrx_word' id='word_1_235' title='bbox 715 2234 734 2279; x_wconf 90' lang='lat' dir='ltr'><strong>e</strong></span> <span class='ocrx_word' id='word_1_236' title='bbox 755 2233 869 2278; x_wconf 90' lang='lat' dir='ltr'><strong>museo</strong></span> <span class='ocrx_word' id='word_1_237' title='bbox 880 2211 1059 2278; x_wconf 81' lang='lat' dir='ltr'><strong>Seminarii</strong></span> <span class='ocrx_word' id='word_1_238' title='bbox 1073 2210 1358 2280; x_wconf 87' lang='lat' dir='ltr'><strong>Moutalbanensis</strong></span> <span class='ocrx_word' id='word_1_239' title='bbox 1380 2213 1619 2282; x_wconf 87' lang='lat' dir='ltr'><strong>humanissime</strong></span> <span class='ocrx_word' id='word_1_240' title='bbox 1639 2215 1811 2281; x_wconf 86' lang='lat' dir='ltr'><strong>nobiseum</strong></span> <span class='ocrx_word' id='word_1_241' title='bbox 1832 2218 2091 2285; x_wconf 78' lang='lat' dir='ltr'><strong>eommunioavit</strong></span> <span class='ocrx_word' id='word_1_242' title='bbox 2111 2219 2175 2284; x_wconf 82' lang='lat' dir='ltr'><strong>Vir</strong></span> 
     </span>
     <span class='ocr_line' id='line_1_18' title="bbox 162 2322 2175 2415; baseline 0.003 -25"><span class='ocrx_word' id='word_1_243' title='bbox 162 2325 374 2394; x_wconf 89' lang='lat' dir='ltr'><strong>doetissimus</strong></span> <span class='ocrx_word' id='word_1_244' title='bbox 396 2333 430 2391; x_wconf 89' lang='lat' dir='ltr'><strong>et</strong></span> <span class='ocrx_word' id='word_1_245' title='bbox 447 2322 819 2392; x_wconf 77' lang='lat' dir='ltr'><strong>amieisnmusMiehsel</strong></span> <span class='ocrx_word' id='word_1_246' title='bbox 840 2323 981 2402; x_wconf 87' lang='lat' dir='ltr'><strong>Nioolas,</strong></span> <span class='ocrx_word' id='word_1_247' title='bbox 1003 2333 1077 2407; x_wconf 90' lang='lat' dir='ltr'><strong>post</strong></span> <span class='ocrx_word' id='word_1_248' title='bbox 1095 2323 1160 2389; x_wconf 89' lang='lat' dir='ltr'><strong>alia</strong></span> <span class='ocrx_word' id='word_1_249' title='bbox 1181 2325 1218 2389; x_wconf 91' lang='lat' dir='ltr'><strong>in</strong></span> <span class='ocrx_word' id='word_1_250' title='bbox 1238 2344 1292 2390; x_wconf 90' lang='lat' dir='ltr'><strong>res</strong></span> <span class='ocrx_word' id='word_1_251' title='bbox 1314 2330 1445 2392; x_wconf 88' lang='lat' dir='ltr'><strong>nostras</strong></span> <span class='ocrx_word' id='word_1_252' title='bbox 1465 2325 1586 2392; x_wconf 79' lang='lat' dir='ltr'><strong>oollata</strong></span> <span class='ocrx_word' id='word_1_253' title='bbox 1606 2326 1717 2393; x_wconf 89' lang='lat' dir='ltr'><strong>studia</strong></span> <span class='ocrx_word' id='word_1_254' title='bbox 1737 2325 1792 2392; x_wconf 91' lang='lat' dir='ltr'><strong>hie</strong></span> <span class='ocrx_word' id='word_1_255' title='bbox 1813 2326 1921 2394; x_wconf 85' lang='lat' dir='ltr'><strong>denuo</strong></span> <span class='ocrx_word' id='word_1_256' title='bbox 1942 2349 2004 2396; x_wconf 89' lang='lat' dir='ltr'><strong>neo</strong></span> <span class='ocrx_word' id='word_1_257' title='bbox 2025 2346 2175 2415; x_wconf 89' lang='lat' dir='ltr'><strong>uuquam</strong></span> 
     </span>
     <span class='ocr_line' id='line_1_19' title="bbox 162 2436 459 2505; baseline 0 -2"><span class='ocrx_word' id='word_1_258' title='bbox 162 2439 246 2505; x_wconf 86' lang='lat' dir='ltr'><strong>satis</strong></span> <span class='ocrx_word' id='word_1_259' title='bbox 265 2436 459 2504; x_wconf 88' lang='lat' dir='ltr'><strong>laudandus.</strong></span> 
     </span>
    </p>

    <p class='ocr_par' dir='ltr' id='par_1_8' title="bbox 319 2545 2175 2633">
     <span class='ocr_line' id='line_1_20' title="bbox 319 2545 2175 2633; baseline 0 -16"><span class='ocrx_word' id='word_1_260' title='bbox 319 2550 451 2617; x_wconf 86' lang='lat' dir='ltr'><strong>Reousa</strong></span> <span class='ocrx_word' id='word_1_261' title='bbox 472 2554 523 2615; x_wconf 87' lang='lat' dir='ltr'><strong>est</strong></span> <span class='ocrx_word' id='word_1_262' title='bbox 548 2547 629 2615; x_wconf 86' lang='lat' dir='ltr'><strong>haee</strong></span> <span class='ocrx_word' id='word_1_263' title='bbox 651 2547 758 2614; x_wconf 87' lang='lat' dir='ltr'><strong>versio</strong></span> <span class='ocrx_word' id='word_1_264' title='bbox 786 2546 822 2611; x_wconf 91' lang='lat' dir='ltr'><strong>in</strong></span> <span class='ocrx_word' id='word_1_265' title='bbox 851 2545 1041 2614; x_wconf 85' lang='lat' dir='ltr'><strong>oollaotione</strong></span> <span class='ocrx_word' id='word_1_266' title='bbox 1068 2545 1300 2630; x_wconf 87' lang='lat' dir='ltr'><strong>opuseulorum</strong></span> <span class='ocrx_word' id='word_1_267' title='bbox 1328 2546 1589 2615; x_wconf 80' lang='lat' dir='ltr'><strong>salvinianorum</strong></span> <span class='ocrx_word' id='word_1_268' title='bbox 1616 2549 1751 2616; x_wconf 61' lang='lat' dir='ltr'><strong>Mauo</strong></span> <span class='ocrx_word' id='word_1_269' title='bbox 1774 2570 1851 2633; x_wconf 89' lang='lat' dir='ltr'><strong>pag.</strong></span> <span class='ocrx_word' id='word_1_270' title='bbox 1877 2552 2106 2631; x_wconf 73' lang='lat' dir='ltr'><strong>lala-1469,</strong></span> <span class='ocrx_word' id='word_1_271' title='bbox 2137 2554 2175 2617; x_wconf 92' lang='lat' dir='ltr'><strong>in</strong></span> 
     </span>
    </p>
   </div>
   <div class='ocr_carea' id='block_1_5' title="bbox 28 2657 2178 2745">
    <p class='ocr_par' dir='ltr' id='par_1_9' title="bbox 28 2657 2178 2745">
     <span class='ocr_line' id='line_1_21' title="bbox 28 2657 2178 2745; baseline 0 -18"><span class='ocrx_word' id='word_1_272' title='bbox 28 2694 35 2707; x_wconf 96' lang='lat'><strong>·</strong></span> <span class='ocrx_word' id='word_1_273' title='bbox 164 2659 341 2728; x_wconf 85' lang='lat' dir='ltr'><strong>Stoeriana</strong></span> <span class='ocrx_word' id='word_1_274' title='bbox 357 2681 431 2745; x_wconf 87' lang='lat' dir='ltr'><strong>pag.</strong></span> <span class='ocrx_word' id='word_1_275' title='bbox 460 2661 679 2725; x_wconf 77' lang='lat' dir='ltr'><strong>root-1692.</strong></span> <span class='ocrx_word' id='word_1_276' title='bbox 712 2657 827 2723; x_wconf 88' lang='lat' dir='ltr'><strong>Minus</strong></span> <span class='ocrx_word' id='word_1_277' title='bbox 848 2678 960 2742; x_wconf 88' lang='lat' dir='ltr'><strong>presse</strong></span> <span class='ocrx_word' id='word_1_278' title='bbox 981 2658 1121 2724; x_wconf 88' lang='lat' dir='ltr'><strong>latinum</strong></span> <span class='ocrx_word' id='word_1_279' title='bbox 1143 2658 1362 2743; x_wconf 77' lang='lat' dir='ltr'><strong>archetypum</strong></span> <span class='ocrx_word' id='word_1_280' title='bbox 1382 2659 1539 2743; x_wconf 90' lang='lat' dir='ltr'><strong>seqnitur,</strong></span> <span class='ocrx_word' id='word_1_281' title='bbox 1561 2659 1628 2726; x_wconf 92' lang='lat' dir='ltr'><strong>imo</strong></span> <span class='ocrx_word' id='word_1_282' title='bbox 1649 2660 1864 2727; x_wconf 85' lang='lat' dir='ltr'><strong>multifariam</strong></span> <span class='ocrx_word' id='word_1_283' title='bbox 1885 2662 1927 2728; x_wconf 92' lang='lat' dir='ltr'><strong>ab</strong></span> <span class='ocrx_word' id='word_1_284' title='bbox 1949 2682 1988 2728; x_wconf 91' lang='lat' dir='ltr'><strong>eo</strong></span> <span class='ocrx_word' id='word_1_285' title='bbox 2010 2661 2121 2728; x_wconf 86' lang='lat' dir='ltr'><strong>differt</strong></span> <span class='ocrx_word' id='word_1_286' title='bbox 2141 2672 2178 2729; x_wconf 88' lang='lat' dir='ltr'><strong>et</strong></span> 
     </span>
    </p>
   </div>
   <div class='ocr_carea' id='block_1_6' title="bbox 147 2768 2179 5288">
    <p class='ocr_par' dir='ltr' id='par_1_10' title="bbox 147 2768 2177 2865">
     <span class='ocr_line' id='line_1_22' title="bbox 147 2768 2177 2865; baseline 0.001 -27"><span class='ocrx_word' id='word_1_287' title='bbox 147 2772 308 2865; x_wconf 20' lang='lat' dir='ltr'><strong>‚demptis</strong></span> <span class='ocrx_word' id='word_1_288' title='bbox 325 2770 446 2838; x_wconf 87' lang='lat' dir='ltr'><strong>additis</strong></span> <span class='ocrx_word' id='word_1_289' title='bbox 463 2771 598 2837; x_wconf 87' lang='lat' dir='ltr'><strong>mutatis</strong></span> <span class='ocrx_word' id='word_1_290' title='bbox 615 2768 767 2853; x_wconf 88' lang='lat' dir='ltr'><strong>plurimis</strong></span> <span class='ocrx_word' id='word_1_291' title='bbox 789 2776 900 2834; x_wconf 87' lang='lat' dir='ltr'><strong>textus</strong></span> <span class='ocrx_word' id='word_1_292' title='bbox 917 2768 1096 2852; x_wconf 87' lang='lat' dir='ltr'><strong>partiaulis,</strong></span> <span class='ocrx_word' id='word_1_293' title='bbox 1121 2769 1218 2836; x_wconf 91' lang='lat' dir='ltr'><strong>modo</strong></span> <span class='ocrx_word' id='word_1_294' title='bbox 1241 2771 1432 2849; x_wconf 88' lang='lat' dir='ltr'><strong>minoribus,</strong></span> <span class='ocrx_word' id='word_1_295' title='bbox 1454 2770 1552 2836; x_wconf 91' lang='lat' dir='ltr'><strong>modo</strong></span> <span class='ocrx_word' id='word_1_296' title='bbox 1569 2771 1669 2837; x_wconf 88' lang='lat' dir='ltr'><strong>etism</strong></span> <span class='ocrx_word' id='word_1_297' title='bbox 1684 2771 1899 2857; x_wconf 83' lang='lat' dir='ltr'><strong>longioribus,</strong></span> <span class='ocrx_word' id='word_1_298' title='bbox 1922 2775 2054 2859; x_wconf 85' lang='lat' dir='ltr'><strong>saepius</strong></span> <span class='ocrx_word' id='word_1_299' title='bbox 2072 2773 2177 2841; x_wconf 88' lang='lat' dir='ltr'><strong>libere</strong></span> 
     </span>
    </p>

    <p class='ocr_par' dir='ltr' id='par_1_11' title="bbox 160 2878 2177 3189">
     <span class='ocr_line' id='line_1_23' title="bbox 163 2878 2176 2965; baseline 0.001 -16"><span class='ocrx_word' id='word_1_300' title='bbox 163 2884 311 2951; x_wconf 87' lang='lat' dir='ltr'><strong>deourrit</strong></span> <span class='ocrx_word' id='word_1_301' title='bbox 332 2892 371 2949; x_wconf 92' lang='lat' dir='ltr'><strong>ut</strong></span> <span class='ocrx_word' id='word_1_302' title='bbox 391 2884 448 2949; x_wconf 84' lang='lat' dir='ltr'><strong>vix</strong></span> <span class='ocrx_word' id='word_1_303' title='bbox 471 2904 491 2947; x_wconf 89' lang='lat' dir='ltr'><strong>a</strong></span> <span class='ocrx_word' id='word_1_304' title='bbox 512 2901 591 2948; x_wconf 83' lang='lat' dir='ltr'><strong>vero</strong></span> <span class='ocrx_word' id='word_1_305' title='bbox 613 2880 765 2946; x_wconf 87' lang='lat' dir='ltr'><strong>aberrare</strong></span> <span class='ocrx_word' id='word_1_306' title='bbox 787 2878 910 2947; x_wconf 83' lang='lat' dir='ltr'><strong>dixeris</strong></span> <span class='ocrx_word' id='word_1_307' title='bbox 928 2881 957 2946; x_wconf 84' lang='lat' dir='ltr'><strong>si</strong></span> <span class='ocrx_word' id='word_1_308' title='bbox 978 2880 1052 2964; x_wconf 90' lang='lat' dir='ltr'><strong>quis</strong></span> <span class='ocrx_word' id='word_1_309' title='bbox 1073 2880 1115 2946; x_wconf 86' lang='lat' dir='ltr'><strong>ad</strong></span> <span class='ocrx_word' id='word_1_310' title='bbox 1136 2881 1246 2965; x_wconf 92' lang='lat' dir='ltr'><strong>ipsum</strong></span> <span class='ocrx_word' id='word_1_311' title='bbox 1264 2880 1445 2949; x_wconf 82' lang='lat' dir='ltr'><strong>(lalvinum</strong></span> <span class='ocrx_word' id='word_1_312' title='bbox 1461 2888 1612 2949; x_wconf 89' lang='lat' dir='ltr'><strong>sutorem</strong></span> <span class='ocrx_word' id='word_1_313' title='bbox 1633 2882 1720 2950; x_wconf 88' lang='lat' dir='ltr'><strong>hano</strong></span> <span class='ocrx_word' id='word_1_314' title='bbox 1740 2882 1890 2949; x_wconf 83' lang='lat' dir='ltr'><strong>leotionis</strong></span> <span class='ocrx_word' id='word_1_315' title='bbox 1911 2886 2106 2952; x_wconf 78' lang='lat' dir='ltr'><strong>varietatem</strong></span> <span class='ocrx_word' id='word_1_316' title='bbox 2123 2907 2176 2952; x_wconf 88' lang='lat' dir='ltr'><strong>rs·</strong></span> 
     </span>
     <span class='ocr_line' id='line_1_24' title="bbox 160 2990 2177 3078; baseline 0 -17"><span class='ocrx_word' id='word_1_317' title='bbox 160 2997 259 3062; x_wconf 83' lang='lat' dir='ltr'><strong>ferat</strong></span> <span class='ocrx_word' id='word_1_318' title='bbox 304 2994 482 3061; x_wconf 80' lang='lat' dir='ltr'><strong>Caeterum</strong></span> <span class='ocrx_word' id='word_1_319' title='bbox 509 2994 618 3060; x_wconf 82' lang='lat' dir='ltr'><strong>Besae</strong></span> <span class='ocrx_word' id='word_1_320' title='bbox 645 2990 761 3071; x_wconf 89' lang='lat' dir='ltr'><strong>editio,</strong></span> <span class='ocrx_word' id='word_1_321' title='bbox 796 3011 895 3074; x_wconf 91' lang='lat' dir='ltr'><strong>quam</strong></span> <span class='ocrx_word' id='word_1_322' title='bbox 923 3003 1037 3058; x_wconf 90' lang='lat' dir='ltr'><strong>tamen</strong></span> <span class='ocrx_word' id='word_1_323' title='bbox 1063 2993 1186 3058; x_wconf 91' lang='lat' dir='ltr'><strong>oursim</strong></span> <span class='ocrx_word' id='word_1_324' title='bbox 1212 3000 1344 3058; x_wconf 88' lang='lat' dir='ltr'><strong>tantum</strong></span> <span class='ocrx_word' id='word_1_325' title='bbox 1372 2993 1596 3077; x_wconf 86' lang='lat' dir='ltr'><strong>inspeximus,</strong></span> <span class='ocrx_word' id='word_1_326' title='bbox 1624 3015 1644 3060; x_wconf 89' lang='lat' dir='ltr'><strong>s</strong></span> <span class='ocrx_word' id='word_1_327' title='bbox 1671 2993 1818 3078; x_wconf 85' lang='lat' dir='ltr'><strong>prinoipe</strong></span> <span class='ocrx_word' id='word_1_328' title='bbox 1845 2996 2014 3063; x_wconf 88' lang='lat' dir='ltr'><strong>nonnullis</strong></span> <span class='ocrx_word' id='word_1_329' title='bbox 2039 2997 2076 3063; x_wconf 93' lang='lat' dir='ltr'><strong>in</strong></span> <span class='ocrx_word' id='word_1_330' title='bbox 2096 2996 2177 3064; x_wconf 88' lang='lat' dir='ltr'><strong>loeis</strong></span> 
     </span>
     <span class='ocr_line' id='line_1_25' title="bbox 160 3105 336 3189; baseline -0.011 -17"><span class='ocrx_word' id='word_1_331' title='bbox 160 3105 336 3189; x_wconf 83' lang='lat' dir='ltr'><strong>disorepat</strong></span> 
     </span>
    </p>

    <p class='ocr_par' dir='ltr' id='par_1_12' title="bbox 159 3213 2176 3619">
     <span class='ocr_line' id='line_1_26' title="bbox 318 3213 2176 3303; baseline 0.001 -21"><span class='ocrx_word' id='word_1_332' title='bbox 318 3216 467 3282; x_wconf 87' lang='lat' dir='ltr'><strong>Editioni</strong></span> <span class='ocrx_word' id='word_1_333' title='bbox 488 3222 635 3294; x_wconf 89' lang='lat' dir='ltr'><strong>nostrae,</strong></span> <span class='ocrx_word' id='word_1_334' title='bbox 664 3235 762 3299; x_wconf 89' lang='lat' dir='ltr'><strong>quam</strong></span> <span class='ocrx_word' id='word_1_335' title='bbox 789 3213 1055 3297; x_wconf 85' lang='lat' dir='ltr'><strong>loeupletioribus</strong></span> <span class='ocrx_word' id='word_1_336' title='bbox 1077 3214 1230 3282; x_wconf 89' lang='lat' dir='ltr'><strong>subsidiis</strong></span> <span class='ocrx_word' id='word_1_337' title='bbox 1257 3216 1379 3283; x_wconf 87' lang='lat' dir='ltr'><strong>oritiois</strong></span> <span class='ocrx_word' id='word_1_338' title='bbox 1404 3215 1558 3283; x_wconf 78' lang='lat' dir='ltr'><strong>instrasti</strong></span> <span class='ocrx_word' id='word_1_339' title='bbox 1582 3235 1759 3299; x_wconf 86' lang='lat' dir='ltr'><strong>proourare</strong></span> <span class='ocrx_word' id='word_1_340' title='bbox 1779 3216 1946 3300; x_wconf 85' lang='lat' dir='ltr'><strong>potuimus</strong></span> <span class='ocrx_word' id='word_1_341' title='bbox 1968 3237 2070 3302; x_wconf 91' lang='lat' dir='ltr'><strong>quam</strong></span> <span class='ocrx_word' id='word_1_342' title='bbox 2090 3238 2176 3303; x_wconf 85' lang='lat' dir='ltr'><strong>quae</strong></span> 
     </span>
     <span class='ocr_line' id='line_1_27' title="bbox 161 3325 2176 3412; baseline 0 -18"><span class='ocrx_word' id='word_1_343' title='bbox 161 3328 201 3394; x_wconf 90' lang='lat' dir='ltr'><strong>in</strong></span> <span class='ocrx_word' id='word_1_344' title='bbox 221 3327 372 3412; x_wconf 90' lang='lat' dir='ltr'><strong>plurimis</strong></span> <span class='ocrx_word' id='word_1_345' title='bbox 392 3328 466 3394; x_wconf 90' lang='lat' dir='ltr'><strong>aliis</strong></span> <span class='ocrx_word' id='word_1_346' title='bbox 487 3325 682 3393; x_wconf 59' lang='lat' dir='ltr'><strong>uenatibus</strong></span> <span class='ocrx_word' id='word_1_347' title='bbox 698 3325 968 3411; x_wconf 87' lang='lat' dir='ltr'><strong>reoognososndis</strong></span> <span class='ocrx_word' id='word_1_348' title='bbox 986 3327 1080 3392; x_wconf 90' lang='lat' dir='ltr'><strong>nobis</strong></span> <span class='ocrx_word' id='word_1_349' title='bbox 1102 3325 1145 3391; x_wconf 88' lang='lat' dir='ltr'><strong>ad</strong></span> <span class='ocrx_word' id='word_1_350' title='bbox 1161 3345 1280 3393; x_wconf 87' lang='lat' dir='ltr'><strong>manus</strong></span> <span class='ocrx_word' id='word_1_351' title='bbox 1300 3327 1446 3406; x_wconf 86' lang='lat' dir='ltr'><strong>fuerunt,</strong></span> <span class='ocrx_word' id='word_1_352' title='bbox 1468 3326 1633 3411; x_wconf 88' lang='lat' dir='ltr'><strong>duplioem</strong></span> <span class='ocrx_word' id='word_1_353' title='bbox 1650 3327 1752 3393; x_wconf 89' lang='lat' dir='ltr'><strong>etiam</strong></span> <span class='ocrx_word' id='word_1_354' title='bbox 1766 3325 1981 3411; x_wconf 88' lang='lat' dir='ltr'><strong>appendioem</strong></span> <span class='ocrx_word' id='word_1_355' title='bbox 2002 3327 2176 3395; x_wconf 84' lang='lat' dir='ltr'><strong>subiunxi-</strong></span> 
     </span>
     <span class='ocr_line' id='line_1_28' title="bbox 162 3436 2176 3524; baseline 0 -20"><span class='ocrx_word' id='word_1_356' title='bbox 162 3460 255 3519; x_wconf 89' lang='lat' dir='ltr'><strong>mus,</strong></span> <span class='ocrx_word' id='word_1_357' title='bbox 283 3460 348 3524; x_wconf 90' lang='lat' dir='ltr'><strong>qua</strong></span> <span class='ocrx_word' id='word_1_358' title='bbox 373 3437 485 3505; x_wconf 89' lang='lat' dir='ltr'><strong>addita</strong></span> <span class='ocrx_word' id='word_1_359' title='bbox 511 3458 583 3504; x_wconf 91' lang='lat' dir='ltr'><strong>rem</strong></span> <span class='ocrx_word' id='word_1_360' title='bbox 610 3458 716 3521; x_wconf 89' lang='lat' dir='ltr'><strong>neque</strong></span> <span class='ocrx_word' id='word_1_361' title='bbox 741 3458 761 3502; x_wconf 89' lang='lat' dir='ltr'><strong>a</strong></span> <span class='ocrx_word' id='word_1_362' title='bbox 783 3443 896 3503; x_wconf 87' lang='lat' dir='ltr'><strong>nostro</strong></span> <span class='ocrx_word' id='word_1_363' title='bbox 924 3436 1075 3503; x_wconf 86' lang='lat' dir='ltr'><strong>instituto</strong></span> <span class='ocrx_word' id='word_1_364' title='bbox 1102 3437 1260 3517; x_wconf 85' lang='lat' dir='ltr'><strong>alienam,</strong></span> <span class='ocrx_word' id='word_1_365' title='bbox 1288 3459 1396 3522; x_wconf 90' lang='lat' dir='ltr'><strong>neque</strong></span> <span class='ocrx_word' id='word_1_366' title='bbox 1423 3436 1484 3502; x_wconf 89' lang='lat' dir='ltr'><strong>tibi</strong></span> <span class='ocrx_word' id='word_1_367' title='bbox 1508 3438 1674 3523; x_wconf 85' lang='lat' dir='ltr'><strong>ingratam</strong></span> <span class='ocrx_word' id='word_1_368' title='bbox 1701 3439 1847 3503; x_wconf 76' lang='lat' dir='ltr'><strong>futuram</strong></span> <span class='ocrx_word' id='word_1_369' title='bbox 1875 3439 2059 3522; x_wconf 89' lang='lat' dir='ltr'><strong>snsoepisse</strong></span> <span class='ocrx_word' id='word_1_370' title='bbox 2078 3439 2176 3504; x_wconf 91' lang='lat' dir='ltr'><strong>nobis</strong></span> 
     </span>
     <span class='ocr_line' id='line_1_29' title="bbox 159 3549 327 3619; baseline 0.012 -3"><span class='ocrx_word' id='word_1_371' title='bbox 159 3549 327 3619; x_wconf 77' lang='lat' dir='ltr'><strong>videmur.</strong></span> 
     </span>
    </p>

    <p class='ocr_par' dir='ltr' id='par_1_13' title="bbox 156 3657 2179 5288">
     <span class='ocr_line' id='line_1_30' title="bbox 319 3657 2174 3746; baseline -0.002 -17"><span class='ocrx_word' id='word_1_372' title='bbox 319 3664 370 3731; x_wconf 85' lang='lat' dir='ltr'><strong>Ao</strong></span> <span class='ocrx_word' id='word_1_373' title='bbox 392 3662 536 3746; x_wconf 90' lang='lat' dir='ltr'><strong>primum</strong></span> <span class='ocrx_word' id='word_1_374' title='bbox 557 3659 690 3745; x_wconf 89' lang='lat' dir='ltr'><strong>quidem</strong></span> <span class='ocrx_word' id='word_1_375' title='bbox 710 3658 889 3743; x_wconf 84' lang='lat' dir='ltr'><strong>desoriptas</strong></span> <span class='ocrx_word' id='word_1_376' title='bbox 909 3659 1001 3744; x_wconf 88' lang='lat' dir='ltr'><strong>leges</strong></span> <span class='ocrx_word' id='word_1_377' title='bbox 1023 3658 1064 3724; x_wconf 89' lang='lat' dir='ltr'><strong>ad</strong></span> <span class='ocrx_word' id='word_1_378' title='bbox 1086 3659 1208 3725; x_wconf 88' lang='lat' dir='ltr'><strong>ealoem</strong></span> <span class='ocrx_word' id='word_1_379' title='bbox 1230 3658 1331 3725; x_wconf 90' lang='lat' dir='ltr'><strong>huius</strong></span> <span class='ocrx_word' id='word_1_380' title='bbox 1352 3657 1500 3743; x_wconf 87' lang='lat' dir='ltr'><strong>opuseuli</strong></span> <span class='ocrx_word' id='word_1_381' title='bbox 1516 3657 1726 3742; x_wconf 88' lang='lat' dir='ltr'><strong>Epistolas</strong></span> <span class='ocrx_word' id='word_1_382' title='bbox 1745 3657 1819 3724; x_wconf 87' lang='lat' dir='ltr'><strong>illas</strong></span> <span class='ocrx_word' id='word_1_383' title='bbox 1840 3658 1980 3743; x_wconf 86' lang='lat' dir='ltr'><strong>triginta</strong></span> <span class='ocrx_word' id='word_1_384' title='bbox 2001 3658 2174 3725; x_wconf 84' lang='lat' dir='ltr'><strong>aServeto</strong></span> 
     </span>
     <span class='ocr_line' id='line_1_31' title="bbox 161 3768 2174 3856; baseline -0.002 -15"><span class='ocrx_word' id='word_1_385' title='bbox 161 3773 207 3841; x_wconf 87' lang='lat' dir='ltr'><strong>ad</strong></span> <span class='ocrx_word' id='word_1_386' title='bbox 229 3773 407 3842; x_wconf 78' lang='lat' dir='ltr'><strong>Calvinum</strong></span> <span class='ocrx_word' id='word_1_387' title='bbox 428 3774 561 3852; x_wconf 89' lang='lat' dir='ltr'><strong>missas,</strong></span> <span class='ocrx_word' id='word_1_388' title='bbox 588 3792 728 3856; x_wconf 91' lang='lat' dir='ltr'><strong>quarum</strong></span> <span class='ocrx_word' id='word_1_389' title='bbox 754 3772 961 3854; x_wconf 85' lang='lat' dir='ltr'><strong>frequentem</strong></span> <span class='ocrx_word' id='word_1_390' title='bbox 983 3769 1037 3836; x_wconf 85' lang='lat' dir='ltr'><strong>hio</strong></span> <span class='ocrx_word' id='word_1_391' title='bbox 1058 3770 1165 3848; x_wconf 79' lang='lat' dir='ltr'><strong>iniioit</strong></span> <span class='ocrx_word' id='word_1_392' title='bbox 1196 3769 1397 3837; x_wconf 89' lang='lat' dir='ltr'><strong>mentionem</strong></span> <span class='ocrx_word' id='word_1_393' title='bbox 1424 3769 1461 3834; x_wconf 92' lang='lat' dir='ltr'><strong>in</strong></span> <span class='ocrx_word' id='word_1_394' title='bbox 1488 3791 1550 3835; x_wconf 91' lang='lat' dir='ltr'><strong>sua</strong></span> <span class='ocrx_word' id='word_1_395' title='bbox 1570 3768 1778 3836; x_wconf 82' lang='lat' dir='ltr'><strong>Defensione.</strong></span> <span class='ocrx_word' id='word_1_396' title='bbox 1829 3768 1957 3853; x_wconf 87' lang='lat' dir='ltr'><strong>Nempe</strong></span> <span class='ocrx_word' id='word_1_397' title='bbox 1984 3790 2086 3853; x_wconf 90' lang='lat' dir='ltr'><strong>quum</strong></span> <span class='ocrx_word' id='word_1_398' title='bbox 2108 3769 2174 3836; x_wconf 87' lang='lat' dir='ltr'><strong>hae</strong></span> 
     </span>
     <span class='ocr_line' id='line_1_32' title="bbox 157 3878 2172 3969; baseline -0.002 -18"><span class='ocrx_word' id='word_1_399' title='bbox 157 3884 322 3969; x_wconf 86' lang='lat' dir='ltr'><strong>epistolae</strong></span> <span class='ocrx_word' id='word_1_400' title='bbox 344 3906 364 3950; x_wconf 89' lang='lat' dir='ltr'><strong>a</strong></span> <span class='ocrx_word' id='word_1_401' title='bbox 384 3884 556 3950; x_wconf 70' lang='lat' dir='ltr'><strong>Thesauro</strong></span> <span class='ocrx_word' id='word_1_402' title='bbox 577 3888 690 3951; x_wconf 85' lang='lat' dir='ltr'><strong>nostro</strong></span> <span class='ocrx_word' id='word_1_403' title='bbox 711 3883 825 3949; x_wconf 87' lang='lat' dir='ltr'><strong>abasse</strong></span> <span class='ocrx_word' id='word_1_404' title='bbox 843 3881 977 3947; x_wconf 89' lang='lat' dir='ltr'><strong>omnino</strong></span> <span class='ocrx_word' id='word_1_405' title='bbox 998 3902 1066 3946; x_wconf 94' lang='lat' dir='ltr'><strong>non</strong></span> <span class='ocrx_word' id='word_1_406' title='bbox 1087 3879 1275 3959; x_wconf 87' lang='lat' dir='ltr'><strong>debuerint,</strong></span> <span class='ocrx_word' id='word_1_407' title='bbox 1305 3881 1340 3946; x_wconf 89' lang='lat' dir='ltr'><strong>in</strong></span> <span class='ocrx_word' id='word_1_408' title='bbox 1368 3901 1468 3966; x_wconf 92' lang='lat' dir='ltr'><strong>quem</strong></span> <span class='ocrx_word' id='word_1_409' title='bbox 1488 3902 1602 3948; x_wconf 92' lang='lat' dir='ltr'><strong>omnes</strong></span> <span class='ocrx_word' id='word_1_410' title='bbox 1624 3880 1667 3946; x_wconf 90' lang='lat' dir='ltr'><strong>ad</strong></span> <span class='ocrx_word' id='word_1_411' title='bbox 1687 3879 1847 3946; x_wconf 85' lang='lat' dir='ltr'><strong>Nostrum</strong></span> <span class='ocrx_word' id='word_1_412' title='bbox 1870 3878 1964 3947; x_wconf 86' lang='lat' dir='ltr'><strong>datas</strong></span> <span class='ocrx_word' id='word_1_413' title='bbox 1985 3879 2101 3947; x_wconf 84' lang='lat' dir='ltr'><strong>literas</strong></span> <span class='ocrx_word' id='word_1_414' title='bbox 2120 3903 2172 3947; x_wconf 89' lang='lat' dir='ltr'><strong>re·</strong></span> 
     </span>
     <span class='ocr_line' id='line_1_33' title="bbox 160 3990 2173 4082; baseline -0.005 -17"><span class='ocrx_word' id='word_1_415' title='bbox 160 4000 272 4082; x_wconf 85' lang='lat' dir='ltr'><strong>oipere</strong></span> <span class='ocrx_word' id='word_1_416' title='bbox 294 3995 509 4076; x_wconf 82' lang='lat' dir='ltr'><strong>deererimus,</strong></span> <span class='ocrx_word' id='word_1_417' title='bbox 531 3995 638 4080; x_wconf 87' lang='lat' dir='ltr'><strong>magis</strong></span> <span class='ocrx_word' id='word_1_418' title='bbox 659 4015 679 4060; x_wconf 92' lang='lat' dir='ltr'><strong>e</strong></span> <span class='ocrx_word' id='word_1_419' title='bbox 698 4014 735 4060; x_wconf 90' lang='lat' dir='ltr'><strong>re</strong></span> <span class='ocrx_word' id='word_1_420' title='bbox 756 3994 825 4059; x_wconf 84' lang='lat' dir='ltr'><strong>iore</strong></span> <span class='ocrx_word' id='word_1_421' title='bbox 846 3991 940 4059; x_wconf 90' lang='lat' dir='ltr'><strong>nobis</strong></span> <span class='ocrx_word' id='word_1_422' title='bbox 961 3992 1072 4060; x_wconf 82' lang='lat' dir='ltr'><strong>visum</strong></span> <span class='ocrx_word' id='word_1_423' title='bbox 1093 3999 1157 4072; x_wconf 90' lang='lat' dir='ltr'><strong>est,</strong></span> <span class='ocrx_word' id='word_1_424' title='bbox 1185 3993 1215 4058; x_wconf 87' lang='lat' dir='ltr'><strong>si</strong></span> <span class='ocrx_word' id='word_1_425' title='bbox 1243 3992 1307 4059; x_wconf 90' lang='lat' dir='ltr'><strong>hoo</strong></span> <span class='ocrx_word' id='word_1_426' title='bbox 1332 3993 1404 4076; x_wconf 90' lang='lat' dir='ltr'><strong>ipso</strong></span> <span class='ocrx_word' id='word_1_427' title='bbox 1431 3991 1640 4076; x_wconf 88' lang='lat' dir='ltr'><strong>potissimum</strong></span> <span class='ocrx_word' id='word_1_428' title='bbox 1665 3990 1738 4058; x_wconf 89' lang='lat' dir='ltr'><strong>loeo</strong></span> <span class='ocrx_word' id='word_1_429' title='bbox 1765 4010 1821 4058; x_wconf 84' lang='lat' dir='ltr'><strong>aas</strong></span> <span class='ocrx_word' id='word_1_430' title='bbox 1849 3992 1909 4058; x_wconf 89' lang='lat' dir='ltr'><strong>tibi</strong></span> <span class='ocrx_word' id='word_1_431' title='bbox 1932 3991 2173 4068; x_wconf 62' lang='lat' dir='ltr'><strong>exhiberemus,</strong></span> 
     </span>
     <span class='ocr_line' id='line_1_34' title="bbox 159 4101 2175 4194; baseline -0.005 -19"><span class='ocrx_word' id='word_1_432' title='bbox 159 4109 358 4194; x_wconf 83' lang='lat' dir='ltr'><strong>praesertim</strong></span> <span class='ocrx_word' id='word_1_433' title='bbox 386 4128 488 4192; x_wconf 90' lang='lat' dir='ltr'><strong>quum</strong></span> <span class='ocrx_word' id='word_1_434' title='bbox 516 4126 580 4191; x_wconf 93' lang='lat' dir='ltr'><strong>quo</strong></span> <span class='ocrx_word' id='word_1_435' title='bbox 602 4112 750 4191; x_wconf 86' lang='lat' dir='ltr'><strong>tempore</strong></span> <span class='ocrx_word' id='word_1_436' title='bbox 771 4104 975 4188; x_wconf 78' lang='lat' dir='ltr'><strong>conseriptas</strong></span> <span class='ocrx_word' id='word_1_437' title='bbox 996 4104 1065 4168; x_wconf 90' lang='lat' dir='ltr'><strong>sint</strong></span> <span class='ocrx_word' id='word_1_438' title='bbox 1085 4103 1139 4170; x_wconf 85' lang='lat' dir='ltr'><strong>vel</strong></span> <span class='ocrx_word' id='word_1_439' title='bbox 1162 4103 1336 4170; x_wconf 81' lang='lat' dir='ltr'><strong>Genavam</strong></span> <span class='ocrx_word' id='word_1_440' title='bbox 1358 4102 1476 4169; x_wconf 87' lang='lat' dir='ltr'><strong>allatae</strong></span> <span class='ocrx_word' id='word_1_441' title='bbox 1497 4123 1596 4169; x_wconf 87' lang='lat' dir='ltr'><strong>nemo</strong></span> <span class='ocrx_word' id='word_1_442' title='bbox 1626 4102 1815 4168; x_wconf 88' lang='lat' dir='ltr'><strong>mortalium</strong></span> <span class='ocrx_word' id='word_1_443' title='bbox 1838 4103 1934 4169; x_wconf 90' lang='lat' dir='ltr'><strong>hodie</strong></span> <span class='ocrx_word' id='word_1_444' title='bbox 1956 4101 2094 4169; x_wconf 88' lang='lat' dir='ltr'><strong>definire</strong></span> <span class='ocrx_word' id='word_1_445' title='bbox 2116 4125 2175 4169; x_wconf 88' lang='lat' dir='ltr'><strong>au-</strong></span> 
     </span>
     <span class='ocr_line' id='line_1_35' title="bbox 160 4214 2176 4300; baseline -0.005 -13"><span class='ocrx_word' id='word_1_446' title='bbox 160 4220 250 4287; x_wconf 80' lang='lat' dir='ltr'><strong>deat</strong></span> <span class='ocrx_word' id='word_1_447' title='bbox 293 4217 332 4284; x_wconf 80' lang='lat' dir='ltr'><strong>Si</strong></span> <span class='ocrx_word' id='word_1_448' title='bbox 354 4217 462 4284; x_wconf 87' lang='lat' dir='ltr'><strong>disere</strong></span> <span class='ocrx_word' id='word_1_449' title='bbox 482 4218 561 4285; x_wconf 90' lang='lat' dir='ltr'><strong>lieet</strong></span> <span class='ocrx_word' id='word_1_450' title='bbox 580 4216 668 4300; x_wconf 92' lang='lat' dir='ltr'><strong>quod</strong></span> <span class='ocrx_word' id='word_1_451' title='bbox 689 4215 784 4282; x_wconf 89' lang='lat' dir='ltr'><strong>nobis</strong></span> <span class='ocrx_word' id='word_1_452' title='bbox 805 4217 950 4283; x_wconf 86' lang='lat' dir='ltr'><strong>maxime</strong></span> <span class='ocrx_word' id='word_1_453' title='bbox 978 4216 1187 4282; x_wconf 86' lang='lat' dir='ltr'><strong>verosimile</strong></span> <span class='ocrx_word' id='word_1_454' title='bbox 1214 4216 1361 4295; x_wconf 83' lang='lat' dir='ltr'><strong>videtur,</strong></span> <span class='ocrx_word' id='word_1_455' title='bbox 1388 4235 1446 4281; x_wconf 86' lang='lat' dir='ltr'><strong>eas</strong></span> <span class='ocrx_word' id='word_1_456' title='bbox 1472 4233 1541 4280; x_wconf 88' lang='lat' dir='ltr'><strong>non</strong></span> <span class='ocrx_word' id='word_1_457' title='bbox 1568 4214 1715 4298; x_wconf 88' lang='lat' dir='ltr'><strong>singulas</strong></span> <span class='ocrx_word' id='word_1_458' title='bbox 1742 4223 1776 4279; x_wconf 86' lang='lat' dir='ltr'><strong>et</strong></span> <span class='ocrx_word' id='word_1_459' title='bbox 1801 4234 1903 4279; x_wconf 89' lang='lat' dir='ltr'><strong>manu</strong></span> <span class='ocrx_word' id='word_1_460' title='bbox 1931 4215 2086 4299; x_wconf 87' lang='lat' dir='ltr'><strong>seriptas,</strong></span> <span class='ocrx_word' id='word_1_461' title='bbox 2114 4236 2176 4298; x_wconf 81' lang='lat' dir='ltr'><strong>por·</strong></span> 
     </span>
     <span class='ocr_line' id='line_1_36' title="bbox 159 4323 2175 4412; baseline -0.004 -14"><span class='ocrx_word' id='word_1_462' title='bbox 159 4330 367 4411; x_wconf 82' lang='lat' dir='ltr'><strong>tabelliones,</strong></span> <span class='ocrx_word' id='word_1_463' title='bbox 389 4330 482 4395; x_wconf 92' lang='lat' dir='ltr'><strong>utin</strong></span> <span class='ocrx_word' id='word_1_464' title='bbox 503 4328 609 4395; x_wconf 88' lang='lat' dir='ltr'><strong>literis</strong></span> <span class='ocrx_word' id='word_1_465' title='bbox 628 4329 752 4393; x_wconf 88' lang='lat' dir='ltr'><strong>mutuis</strong></span> <span class='ocrx_word' id='word_1_466' title='bbox 774 4328 958 4412; x_wconf 83' lang='lat' dir='ltr'><strong>vulgofieri</strong></span> <span class='ocrx_word' id='word_1_467' title='bbox 979 4326 1114 4405; x_wconf 88' lang='lat' dir='ltr'><strong>solebat,</strong></span> <span class='ocrx_word' id='word_1_468' title='bbox 1132 4325 1191 4393; x_wconf 89' lang='lat' dir='ltr'><strong>sed</strong></span> <span class='ocrx_word' id='word_1_469' title='bbox 1211 4348 1280 4393; x_wconf 89' lang='lat' dir='ltr'><strong>una</strong></span> <span class='ocrx_word' id='word_1_470' title='bbox 1300 4347 1376 4394; x_wconf 89' lang='lat' dir='ltr'><strong>oum</strong></span> <span class='ocrx_word' id='word_1_471' title='bbox 1396 4327 1526 4411; x_wconf 87' lang='lat' dir='ltr'><strong>integro</strong></span> <span class='ocrx_word' id='word_1_472' title='bbox 1547 4324 1830 4392; x_wconf 87' lang='lat' dir='ltr'><strong>eluoubrationum</strong></span> <span class='ocrx_word' id='word_1_473' title='bbox 1841 4323 1975 4391; x_wconf 83' lang='lat' dir='ltr'><strong>Servati</strong></span> <span class='ocrx_word' id='word_1_474' title='bbox 1998 4326 2175 4405; x_wconf 72' lang='lat' dir='ltr'><strong>volumine,</strong></span> 
     </span>
     <span class='ocr_line' id='line_1_37' title="bbox 158 4434 2176 4524; baseline -0.004 -14"><span class='ocrx_word' id='word_1_475' title='bbox 158 4443 216 4510; x_wconf 87' lang='lat' dir='ltr'><strong>eni</strong></span> <span class='ocrx_word' id='word_1_476' title='bbox 238 4443 382 4508; x_wconf 88' lang='lat' dir='ltr'><strong>insertae</strong></span> <span class='ocrx_word' id='word_1_477' title='bbox 403 4439 565 4523; x_wconf 90' lang='lat' dir='ltr'><strong>hodieque</strong></span> <span class='ocrx_word' id='word_1_478' title='bbox 586 4439 761 4524; x_wconf 87' lang='lat' dir='ltr'><strong>leguntur,</strong></span> <span class='ocrx_word' id='word_1_479' title='bbox 789 4438 929 4504; x_wconf 78' lang='lat' dir='ltr'><strong>(lalvino</strong></span> <span class='ocrx_word' id='word_1_480' title='bbox 956 4438 1142 4504; x_wconf 90' lang='lat' dir='ltr'><strong>innotuisse</strong></span> <span class='ocrx_word' id='word_1_481' title='bbox 1167 4435 1412 4504; x_wconf 88' lang='lat' dir='ltr'><strong>erediderimus.</strong></span> <span class='ocrx_word' id='word_1_482' title='bbox 1463 4434 1562 4517; x_wconf 78' lang='lat' dir='ltr'><strong>Quod</strong></span> <span class='ocrx_word' id='word_1_483' title='bbox 1587 4438 1690 4502; x_wconf 87' lang='lat' dir='ltr'><strong>etiam</strong></span> <span class='ocrx_word' id='word_1_484' title='bbox 1710 4435 1819 4501; x_wconf 82' lang='lat' dir='ltr'><strong>Besae</strong></span> <span class='ocrx_word' id='word_1_485' title='bbox 1846 4437 2033 4502; x_wconf 88' lang='lat' dir='ltr'><strong>testimonio</strong></span> <span class='ocrx_word' id='word_1_486' title='bbox 2055 4439 2176 4504; x_wconf 89' lang='lat' dir='ltr'><strong>oonfir·</strong></span> 
     </span>
     <span class='ocr_line' id='line_1_38' title="bbox 161 4546 2177 4637; baseline -0.004 -17"><span class='ocrx_word' id='word_1_487' title='bbox 161 4554 249 4620; x_wconf 86' lang='lat' dir='ltr'><strong>mari</strong></span> <span class='ocrx_word' id='word_1_488' title='bbox 269 4572 364 4637; x_wconf 89' lang='lat' dir='ltr'><strong>posse</strong></span> <span class='ocrx_word' id='word_1_489' title='bbox 386 4551 527 4632; x_wconf 83' lang='lat' dir='ltr'><strong>videtur,</strong></span> <span class='ocrx_word' id='word_1_490' title='bbox 550 4550 608 4634; x_wconf 94' lang='lat' dir='ltr'><strong>qui</strong></span> <span class='ocrx_word' id='word_1_491' title='bbox 630 4548 672 4616; x_wconf 90' lang='lat' dir='ltr'><strong>ad</strong></span> <span class='ocrx_word' id='word_1_492' title='bbox 692 4549 926 4634; x_wconf 86' lang='lat' dir='ltr'><strong>Bullingerum</strong></span> <span class='ocrx_word' id='word_1_493' title='bbox 949 4549 989 4615; x_wconf 92' lang='lat' dir='ltr'><strong>de</strong></span> <span class='ocrx_word' id='word_1_494' title='bbox 1012 4547 1151 4616; x_wconf 78' lang='lat' dir='ltr'><strong>Servate</strong></span> <span class='ocrx_word' id='word_1_495' title='bbox 1173 4571 1280 4634; x_wconf 89' lang='lat' dir='ltr'><strong>nuper</strong></span> <span class='ocrx_word' id='word_1_496' title='bbox 1305 4549 1462 4616; x_wconf 80' lang='lat' dir='ltr'><strong>Generae</strong></span> <span class='ocrx_word' id='word_1_497' title='bbox 1489 4548 1525 4614; x_wconf 89' lang='lat' dir='ltr'><strong>in</strong></span> <span class='ocrx_word' id='word_1_498' title='bbox 1550 4566 1714 4613; x_wconf 86' lang='lat' dir='ltr'><strong>oaroerem</strong></span> <span class='ocrx_word' id='word_1_499' title='bbox 1737 4546 1876 4614; x_wconf 82' lang='lat' dir='ltr'><strong>deduoto</strong></span> <span class='ocrx_word' id='word_1_500' title='bbox 1897 4548 2058 4627; x_wconf 74' lang='lat' dir='ltr'><strong>sombens,</strong></span> <span class='ocrx_word' id='word_1_501' title='bbox 2087 4549 2177 4613; x_wconf 81' lang='lat' dir='ltr'><strong>intur</strong></span> 
     </span>
     <span class='ocr_line' id='line_1_39' title="bbox 160 4658 2176 4746; baseline -0.004 -16"><span class='ocrx_word' id='word_1_502' title='bbox 160 4664 232 4731; x_wconf 84' lang='lat' dir='ltr'><strong>alia</strong></span> <span class='ocrx_word' id='word_1_503' title='bbox 252 4663 431 4730; x_wconf 77' lang='lat' dir='ltr'><strong>Calvinum</strong></span> <span class='ocrx_word' id='word_1_504' title='bbox 462 4662 658 4729; x_wconf 89' lang='lat' dir='ltr'><strong>nominatim</strong></span> <span class='ocrx_word' id='word_1_505' title='bbox 685 4659 727 4726; x_wconf 89' lang='lat' dir='ltr'><strong>ab</strong></span> <span class='ocrx_word' id='word_1_506' title='bbox 755 4681 793 4726; x_wconf 88' lang='lat' dir='ltr'><strong>eo</strong></span> <span class='ocrx_word' id='word_1_507' title='bbox 821 4661 960 4746; x_wconf 88' lang='lat' dir='ltr'><strong>triginta</strong></span> <span class='ocrx_word' id='word_1_508' title='bbox 990 4660 1136 4745; x_wconf 88' lang='lat' dir='ltr'><strong>epistolis</strong></span> <span class='ocrx_word' id='word_1_509' title='bbox 1164 4661 1357 4727; x_wconf 85' lang='lat' dir='ltr'><strong>exeneis</strong></span> <span class='ocrx_word' id='word_1_510' title='bbox 1382 4658 1613 4745; x_wconf 85' lang='lat' dir='ltr'><strong>indignissime</strong></span> <span class='ocrx_word' id='word_1_511' title='bbox 1640 4665 1819 4723; x_wconf 74' lang='lat' dir='ltr'><strong>uaotatnm</strong></span> <span class='ocrx_word' id='word_1_512' title='bbox 1847 4659 1894 4724; x_wconf 89' lang='lat' dir='ltr'><strong>ait</strong></span> <span class='ocrx_word' id='word_1_513' title='bbox 1920 4659 2022 4741; x_wconf 88' lang='lat' dir='ltr'><strong>(Bibl.</strong></span> <span class='ocrx_word' id='word_1_514' title='bbox 2046 4659 2176 4725; x_wconf 74' lang='lat' dir='ltr'><strong>Gener.</strong></span> 
     </span>
     <span class='ocr_line' id='line_1_40' title="bbox 162 4768 2176 4860; baseline -0.003 -20"><span class='ocrx_word' id='word_1_515' title='bbox 162 4772 245 4841; x_wconf 85' lang='lat' dir='ltr'><strong>Ood.</strong></span> <span class='ocrx_word' id='word_1_516' title='bbox 273 4778 343 4854; x_wconf 79' lang='lat'><strong>119,</strong></span> <span class='ocrx_word' id='word_1_517' title='bbox 366 4774 420 4839; x_wconf 83' lang='lat' dir='ltr'><strong>iol.</strong></span> <span class='ocrx_word' id='word_1_518' title='bbox 447 4776 532 4860; x_wconf 79' lang='lat'>129).</span> <span class='ocrx_word' id='word_1_519' title='bbox 577 4772 754 4839; x_wconf 78' lang='lat' dir='ltr'><strong>Caeterum</strong></span> <span class='ocrx_word' id='word_1_520' title='bbox 775 4772 911 4838; x_wconf 88' lang='lat' dir='ltr'><strong>minime</strong></span> <span class='ocrx_word' id='word_1_521' title='bbox 933 4792 1103 4858; x_wconf 86' lang='lat' dir='ltr'><strong>negamus,</strong></span> <span class='ocrx_word' id='word_1_522' title='bbox 1127 4778 1225 4838; x_wconf 88' lang='lat' dir='ltr'><strong>antea</strong></span> <span class='ocrx_word' id='word_1_523' title='bbox 1245 4773 1312 4837; x_wconf 89' lang='lat' dir='ltr'><strong>iam</strong></span> <span class='ocrx_word' id='word_1_524' title='bbox 1338 4771 1426 4836; x_wconf 87' lang='lat' dir='ltr'><strong>inter</strong></span> <span class='ocrx_word' id='word_1_525' title='bbox 1442 4778 1619 4853; x_wconf 88' lang='lat' dir='ltr'><strong>utrumque</strong></span> <span class='ocrx_word' id='word_1_526' title='bbox 1641 4768 1875 4835; x_wconf 86' lang='lat' dir='ltr'><strong>oommereium</strong></span> <span class='ocrx_word' id='word_1_527' title='bbox 1897 4770 2102 4852; x_wconf 85' lang='lat' dir='ltr'><strong>epistolieum</strong></span> <span class='ocrx_word' id='word_1_528' title='bbox 2123 4770 2176 4832; x_wconf 90' lang='lat' dir='ltr'><strong>iu·</strong></span> 
     </span>
     <span class='ocr_line' id='line_1_41' title="bbox 160 4879 2177 4969; baseline -0.004 -17"><span class='ocrx_word' id='word_1_529' title='bbox 160 4883 331 4952; x_wconf 86' lang='lat' dir='ltr'><strong>teroedere</strong></span> <span class='ocrx_word' id='word_1_530' title='bbox 352 4885 508 4969; x_wconf 91' lang='lat' dir='ltr'><strong>potuisse,</strong></span> <span class='ocrx_word' id='word_1_531' title='bbox 530 4892 661 4969; x_wconf 86' lang='lat' dir='ltr'><strong>praeter</strong></span> <span class='ocrx_word' id='word_1_532' title='bbox 680 4882 764 4961; x_wconf 86' lang='lat' dir='ltr'><strong>illud</strong></span> <span class='ocrx_word' id='word_1_533' title='bbox 784 4883 878 4950; x_wconf 88' lang='lat' dir='ltr'><strong>euius</strong></span> <span class='ocrx_word' id='word_1_534' title='bbox 900 4890 1020 4949; x_wconf 89' lang='lat' dir='ltr'><strong>testem</strong></span> <span class='ocrx_word' id='word_1_535' title='bbox 1041 4883 1201 4950; x_wconf 88' lang='lat' dir='ltr'><strong>habemns</strong></span> <span class='ocrx_word' id='word_1_536' title='bbox 1222 4883 1311 4949; x_wconf 90' lang='lat' dir='ltr'><strong>huna</strong></span> <span class='ocrx_word' id='word_1_537' title='bbox 1332 4882 1441 4966; x_wconf 89' lang='lat' dir='ltr'><strong>ipsum</strong></span> <span class='ocrx_word' id='word_1_538' title='bbox 1463 4888 1652 4948; x_wconf 70' lang='lat' dir='ltr'><strong>baotatum.</strong></span> <span class='ocrx_word' id='word_1_539' title='bbox 1696 4880 1775 4965; x_wconf 89' lang='lat' dir='ltr'><strong>Ipse</strong></span> <span class='ocrx_word' id='word_1_540' title='bbox 1797 4882 1885 4946; x_wconf 92' lang='lat' dir='ltr'><strong>enim</strong></span> <span class='ocrx_word' id='word_1_541' title='bbox 1908 4880 2029 4946; x_wconf 83' lang='lat' dir='ltr'><strong>Noster</strong></span> <span class='ocrx_word' id='word_1_542' title='bbox 2051 4879 2177 4962; x_wconf 87' lang='lat' dir='ltr'><strong>passim</strong></span> 
     </span>
     <span class='ocr_line' id='line_1_42' title="bbox 161 4989 2178 5079; baseline -0.004 -15"><span class='ocrx_word' id='word_1_543' title='bbox 161 4996 233 5064; x_wconf 88' lang='lat' dir='ltr'><strong>tale</strong></span> <span class='ocrx_word' id='word_1_544' title='bbox 255 4994 377 5079; x_wconf 86' lang='lat' dir='ltr'><strong>aliquid</strong></span> <span class='ocrx_word' id='word_1_545' title='bbox 405 4995 532 5075; x_wconf 90' lang='lat' dir='ltr'><strong>innuit,</strong></span> <span class='ocrx_word' id='word_1_546' title='bbox 560 4995 713 5079; x_wconf 89' lang='lat' dir='ltr'><strong>idemque</strong></span> <span class='ocrx_word' id='word_1_547' title='bbox 740 4994 968 5062; x_wconf 87' lang='lat' dir='ltr'><strong>demonstrant</strong></span> <span class='ocrx_word' id='word_1_548' title='bbox 994 4996 1109 5061; x_wconf 87' lang='lat' dir='ltr'><strong>literae</strong></span> <span class='ocrx_word' id='word_1_549' title='bbox 1136 4996 1207 5060; x_wconf 93' lang='lat' dir='ltr'><strong>eius</strong></span> <span class='ocrx_word' id='word_1_550' title='bbox 1230 4994 1272 5061; x_wconf 88' lang='lat' dir='ltr'><strong>ad</strong></span> <span class='ocrx_word' id='word_1_551' title='bbox 1293 4994 1487 5060; x_wconf 82' lang='lat' dir='ltr'><strong>Ereloninm</strong></span> <span class='ocrx_word' id='word_1_552' title='bbox 1509 4991 1769 5078; x_wconf 86' lang='lat' dir='ltr'><strong>Lugdunensem</strong></span> <span class='ocrx_word' id='word_1_553' title='bbox 1791 4991 2041 5076; x_wconf 86' lang='lat' dir='ltr'><strong>typographum</strong></span> <span class='ocrx_word' id='word_1_554' title='bbox 2063 4989 2178 5069; x_wconf 84' lang='lat' dir='ltr'><strong>datae;</strong></span> 
     </span>
     <span class='ocr_line' id='line_1_43' title="bbox 159 5101 2179 5191; baseline -0.003 -17"><span class='ocrx_word' id='word_1_555' title='bbox 159 5117 198 5175; x_wconf 90' lang='lat' dir='ltr'><strong>et</strong></span> <span class='ocrx_word' id='word_1_556' title='bbox 218 5108 358 5172; x_wconf 81' lang='lat' dir='ltr'><strong>fortusse</strong></span> <span class='ocrx_word' id='word_1_557' title='bbox 380 5105 541 5191; x_wconf 81' lang='lat' dir='ltr'><strong>Servatus</strong></span> <span class='ocrx_word' id='word_1_558' title='bbox 562 5128 605 5173; x_wconf 83' lang='lat' dir='ltr'><strong>ex</strong></span> <span class='ocrx_word' id='word_1_559' title='bbox 625 5107 696 5174; x_wconf 90' lang='lat' dir='ltr'><strong>suis</strong></span> <span class='ocrx_word' id='word_1_560' title='bbox 716 5105 837 5173; x_wconf 90' lang='lat' dir='ltr'><strong>talibus</strong></span> <span class='ocrx_word' id='word_1_561' title='bbox 858 5106 1026 5174; x_wconf 89' lang='lat' dir='ltr'><strong>subitariis</strong></span> <span class='ocrx_word' id='word_1_562' title='bbox 1049 5103 1353 5172; x_wconf 85' lang='lat' dir='ltr'><strong>adumbrationibus</strong></span> <span class='ocrx_word' id='word_1_563' title='bbox 1374 5113 1489 5189; x_wconf 85' lang='lat' dir='ltr'><strong>postea</strong></span> <span class='ocrx_word' id='word_1_564' title='bbox 1511 5105 1587 5183; x_wconf 88' lang='lat' dir='ltr'><strong>has,</strong></span> <span class='ocrx_word' id='word_1_565' title='bbox 1616 5124 1699 5186; x_wconf 89' lang='lat' dir='ltr'><strong>quas</strong></span> <span class='ocrx_word' id='word_1_566' title='bbox 1719 5123 1809 5168; x_wconf 90' lang='lat' dir='ltr'><strong>nune</strong></span> <span class='ocrx_word' id='word_1_567' title='bbox 1836 5101 1995 5184; x_wconf 86' lang='lat' dir='ltr'><strong>legimus,</strong></span> <span class='ocrx_word' id='word_1_568' title='bbox 2021 5101 2179 5168; x_wconf 89' lang='lat' dir='ltr'><strong>luoubra·</strong></span> 
     </span>
     <span class='ocr_line' id='line_1_44' title="bbox 156 5219 438 5288; baseline -0.014 0"><span class='ocrx_word' id='word_1_569' title='bbox 156 5221 270 5288; x_wconf 89' lang='lat' dir='ltr'><strong>tiones</strong></span> <span class='ocrx_word' id='word_1_570' title='bbox 289 5219 438 5284; x_wconf 86' lang='lat' dir='ltr'><strong>ooufeeit.</strong></span> 
     </span>
    </p>
   </div>
   <div class='ocr_carea' id='block_1_7' title="bbox 271 5321 1972 5417">
    <p class='ocr_par' dir='ltr' id='par_1_14' title="bbox 271 5321 1972 5417">
     <span class='ocr_line' id='line_1_45' title="bbox 271 5321 1972 5417; baseline -0.001 -15"><span class='ocrx_word' id='word_1_571' title='bbox 271 5347 380 5402; x_wconf 62' lang='lat' dir='ltr'><strong>ouans·</strong></span> <span class='ocrx_word' id='word_1_572' title='bbox 396 5363 487 5417; x_wconf 68' lang='lat' dir='ltr'><strong>opera.</strong></span> <span class='ocrx_word' id='word_1_573' title='bbox 528 5347 583 5403; x_wconf 78' lang='lat' dir='ltr'><strong>ror.</strong></span> <span class='ocrx_word' id='word_1_574' title='bbox 609 5346 694 5401; x_wconf 80' lang='lat' dir='ltr'><strong>rm.</strong></span> <span class='ocrx_word' id='word_1_575' title='bbox 1498 5399 1500 5402; x_wconf 76' lang='grc'>,</span> <span class='ocrx_word' id='word_1_576' title='bbox 1562 5363 1566 5375; x_wconf 84' lang='lat'><em>·</em></span> <span class='ocrx_word' id='word_1_577' title='bbox 1947 5321 1972 5377; x_wconf 70' lang='grc' dir='ltr'>Ε</span> 
     </span>
    </p>
   </div>
   <div class='ocr_carea' id='block_1_8' title="bbox 0 0 2386 5909">
    <p class='ocr_par' dir='ltr' id='par_1_15' title="bbox 0 0 2386 5909">
     <span class='ocr_line' id='line_1_46' title="bbox 0 0 2386 5909; baseline 0 0"><span class='ocrx_word' id='word_1_578' title='bbox 0 0 2386 5909; x_wconf 95' lang='lat' dir='ltr'><strong> </strong></span> 
     </span>
    </p>
   </div>
  </div>
 </body>
</html>
